2189 3042
306 118 367 146 402
553 111 745 139 ANASTASII
765 111 1065 138 BlBLlOTHECARII
1085 111 1284 138 EPISTOLAE
1302 111 1384 138 SIVE
1403 111 1678 139 PRAEFATIONES
1695 113 1720 139 4.

1121 210 1148 237 4.

409 277 605 307 Anastasius¹
621 276 870 307 bibliothecarius
882 275 1032 307 Formosa
1045 274 1214 307 Portuensi
1229 276 1368 314 episcopo
1384 275 1482 306 vitam
1493 275 1649 307 Iohannis
1669 274 1829 316 calybitae
1841 276 1960 309 Latino

306 328 457 359 traditam
480 328 615 359 sermoni
637 328 743 360 mittit.
1770 327 1874 367 (868.)

413 396 491 421 God..-
512 396 630 421 Mantua
650 395 719 421 Bibl.
733 395 861 428 municip.
877 395 961 429 (111⁷,
978 399 1008 422 13
1028 396 1101 429 (olim
1119 405 1147 422 n.
1160 397 1221 430 104)
1240 399 1260 430 f.
1275 400 1312 428 72,
1330 404 1403 429 quem
1422 396 1532 422 codicem
1550 405 1575 422 a.
1587 400 1650 423 1446
1666 396 1794 429 seriptum
1808 403 1859 422 esse
1872 396 1961 422 scriba

305 439 392 472 ipsius
411 439 457 472 fol.
475 442 509 464 77¹
530 439 607 471 docet,
625 440 658 472 cf.
676 438 805 464 Analecta
824 438 1011 465 Bollandiana
1033 439 1093 465 XV
1107 439 1205 472 (1896),
1225 443 1279 466 267.
1318 441 1391 466 cont.
1411 439 1444 466 E.
1456 439 1543 466 Perels
1562 441 1606 471 (=
1617 439 1669 472 M).

410 490 475 516 Ed„-
494 490 629 516 Analecta
650 489 836 516 Bollandiana
856 490 915 516 XV
932 492 1027 524 (1896),
1046 494 1104 518 259.
1125 506 1154 509 —
1177 490 1218 525 Cf.
1232 490 1360 518 Bolzamt.
1380 491 1451 517 Bibl.
1470 491 1529 525 hay.
1549 491 1595 518 lat.
1614 499 1641 517 n.
1652 494 1727 518 4358.
2002 503 2014 522 ε,

307 595 535 621 REVERENDO*
555 596 657 620 PATffl
677 596 886 626 MERITISQUE
906 596 1018 621 BEATO
1032 596 1190 621 FORMOSO
1204 597 1373 621 EGREGloa
1386 596 1541 621 SANCTAE
1555 597 1739 621 ECCLESIAE
1752 595 1962 620 PORTUENSIS

370 639 558 664 ΑΚἸῚΞΊῚἸἸ1
579 639 789 664 ANASTASlUS
799 640 1042 677 ,APOSTOLICAE
1062 640 1156 664 SEDIS
1175 638 1503 664 BIBLIOTHEoARIUsb
1522 640 1556 663 IN
1575 640 1709 664 DOMINO
1728 639 1897 664 SALUTEM.

410 698 502 729 Beati
528 698 697 729 Iohannisc
721 698 878 738 monachi,
904 699 958 740 qui
987 698 1026 729 atl
1051 698 1168 735 casula,
1193 699 1224 729 in
1245 709 1308 740 qua
1328 699 1455 736 mansit,
1480 709 1499 729 a
1521 698 1653 729 Graecis
1670 698 1824 730 Calibites
1847 697 1960 739 appel-

306 750 416 787 lature,
441 761 550 781 amore
575 750 799 791 provocatus2,
825 760 863 781 ea
887 761 984 792 quam
1008 750 1150 781 maxime
1174 761 1232 791 pro
1254 760 1359 789 causa,
1385 751 1535 791 quoniam
1552 750 1687 781 eandem
1705 750 1858 787 casulam,
1879 760 1962 791 quae

305 808 419 843 postea
444 802 558 833 domus
582 803 735 833 orationis
758 802 843 833 facta
869 807 930 839 est,
959 802 1028 843 ipse
1052 801 1123 833 Deo
1148 805 1278 833 auctore
1308 801 1467 843 corporali
1490 801 1703 842 habitatione,
1732 801 1846 832 immof
1868 801 1960 843 spiri·
1990 816 2015 836 1⁰

305 854 384 884 tuali
401 854 643 885 conversatione
661 854 866 889 condecoras,
892 853 1036 884 hortatus
1061 864 1105 893 es„
1131 865 1148 885 o
1174 854 1325 895 egregie?¹
1342 853 1480 895 praesul,
1505 854 1573 884 eius
1597 864 1616 884 a
1638 864 1690 885 me
1708 853 1829 885 vitam³
1845 853 1961 884 Latino

305 905 497 936 tradendam
521 905 660 947 eloquio,
685 906 799 936 merito
825 905 968 936 fortassis
993 905 1132 936 offensus
1156 906 1210 946 pia
1233 905 1369 937 Romani
1398 905 1555 936 hominis4
1580 905 1730 946 exempla
1753 916 1814 936 non
1839 904 1961 936 habere

305 956 469 988 Romanos
495 961 537 996 et,
563 968 657 998 quem
683 958 853 998 peregrina
877 957 986 998 lingua
1010 957 1190 998 praedicat,
1215 967 1233 988 a
1256 957 1385 998 propria
1408 957 1536 998 penitus
1558 957 1708 998 ignorari.
1754 956 1876 988 Verum
1900 956 1962 987 hoc

305 1009 464 1039 Latinitas
495 1009 592 1040 etiam
623 1010 653 1039 in
686 1019 803 1049 magno
834 1007 1002 1040 Clemente
1032 1019 1187 1050 perpessa
1218 1012 1282 1048 est,
1316 1019 1411 1050 quem
1443 1009 1502 1039 nisi
1534 1019 1552 1039 a
1585 1008 1717 1040 Graecis
1747 1008 1961 1040 voluminibus

305 1065 419 1101 postea
442 1061 602 1092 redditum
627 1060 785 1102 gauderet
798 1063 818 1100 ⁵,
851 1071 933 1091 nunc
963 1061 1074 1102 procul
1104 1061 1202 1091 dubio
1233 1061 1393 1102 perditum
1421 1064 1534 1102 utpote
1562 1064 1651 1092 tanto
1679 1070 1811 1092 munere
1835 1061 1960 1102 privata
1989 1074 2014 1094 η

306 1111 450 1143 defleret.
499 1112 617 1143 Sumeh
640 1113 738 1154 igitur
760 1112 844 1142 hunc
867 1112 1015 1150 libenter,
1041 1123 1058 1143 o
1083 1122 1188 1152 sacer,
1218 1112 1325 1144 divina
1354 1113 1459 1154 gratia
1482 1113 1591 1154 plene,
1622 1113 1676 1154 qui
1699 1112 1840 1154 quodam
1864 1122 1959 1153 prae-

305 1165 395 1205 sagio
420 1165 597 1195 futurorum
621 1164 767 1195 Formosi
792 1164 920 1194 sortitus
946 1174 979 1195 es
1002 1175 1130 1204 nomen,
1155 1166 1205 1195 cui
1230 1165 1377 1195 nimirum
1402 1175 1473 1195 cum
1496 1164 1695 1195 formositate
1720 1164 1862 1204 corporis
1885 1173 1960 1194 con-

305 1215 417 1246 cordat
440 1217 536 1246 etiam
562 1216 744 1246 formositas
769 1216 883 1247 mentis
907 1234 948 1237 —-
972 1215 1084 1246 sumeh
1108 1216 1191 1247 hunc
1215 1216 1256 1247 ad
1280 1217 1415 1247 aliorum
1432 1217 1682 1255 instructionem,
1706 1226 1769 1247 non
1784 1219 1883 1255 tuam,
1908 1216 1962 1256 qui

304 1268 453 1298 nimirum
470 1267 541 1298 Deo
565 1268 684 1308 gratias
708 1268 859 1298 virtutum
884 1267 1060 1308 speculum,
1084 1268 1125 1299 ad
1150 1269 1238 1299 cuius
1261 1268 1493 1309 inspectionem
1518 1278 1665 1309 quaeque
1689 1278 1814 1299 morum
1837 1267 1960 1298 incom-

308 1320 424 1361 positio
459 1320 648 1360 corrigatur,
680 1319 813 1350 cunctisi
844 1318 977 1350 effectus
1005 1329 1054 1353 es:
1086 1319 1198 1351 sumeh
1226 1320 1308 1351 hunc
1337 1324 1369 1351 et
1398 1320 1439 1351 ad
1470 1319 1657 1351 sectandum
1685 1319 1777 1350 trade
1807 1323 1852 1360 et,
1886 1319 1960 1360 quia
1987 1332 2014 1352 20

306 1372 470 1412 hucusque
501 1372 568 1402 sine
598 1371 720 1402 honore
748 1372 779 1401 in
806 1371 911 1412 patria
942 1375 974 1402 et
997 1371 1027 1401 in
1053 1375 1148 1413 gente
1173 1382 1231 1403 sua
1254 1372 1408 1411 constitit,
1437 1371 1550 1402 saltem
1576 1371 1615 1402 de
1640 1376 1748 1402 cetero
1772 1381 1831 1412 per
1852 1381 1960 1402 sacros

306 1423 451 1454 hortatus
475 1427 546 1454 tuos
570 1426 791 1463 competenter
814 1422 987 1453 honoretur
1017 1426 1049 1454 et
1079 1423 1119 1453 ad
1143 1423 1377 1454 imitationemk
1401 1424 1469 1454 eius
1492 1423 1635 1454 fidelium
1658 1423 1781 1454 animus
1805 1422 1960 1464 dirigatur

307 1475 471 1516 discatque
496 1475 600 1505 Roma
631 1474 760 1505 tandem
791 1485 864 1504 suos
894 1484 957 1504 non
981 1485 1148 1515 spernere,
1182 1475 1238 1506 sed
1262 1475 1431 1516 colligere,
1462 1485 1525 1506 non
1547 1475 1686 1516 insequi,
1717 1474 1773 1506 sed
1798 1474 1959 1515 amplecti,

306 1537 369 1557 non
392 1526 530 1557 invidiae
555 1526 689 1556 stimulis
713 1529 890 1563 cruentare,
916 1525 972 1556 sed
996 1525 1159 1556 medullis¹
1182 1527 1323 1557 caritatis
1346 1537 1455 1557 amare
1467 1527 1489 1557 θ.

668 1594 793 1631 Sumeh,
820 1599 947 1634 sacerm‚
972 1593 1118 1625 Calibitis
1142 1599 1233 1635 gesta
1256 1595 1437 1635 Iohannisc,
1987 1606 2012 1626 π

668 1646 795 1687 Lingua
818 1646 977 1687 Pelasgan
1003 1645 1091 1676 dedit
1115 1656 1197 1687 quae
1221 1656 1303 1677 nunc
1326 1646 1479 1677 sectanda
1502 1646 1685 1677 Latinis³³

416 1938 441 1970 *)
460 1937 569 1963 Lemma
590 1938 619 1963 in
638 1937 682 1963 M:
709 1937 814 1971 Incipit
833 1938 966 1972 prologus
986 1938 1018 1965 de
1039 1938 1098 1965 vita
1117 1938 1207 1965 sancti
1226 1938 1356 1965 Iohannis
1374 1938 1512 1965 monachi.

402 1981 442 2011 **)
463 1980 588 2013 Sequitur
606 1981 678 2007 rubr.
700 1981 728 2006 in
748 1981 793 2006 M:
820 1980 924 2015 Incipit
944 1981 1004 2008 vita
1023 1981 1112 2007 saneti
1131 1981 1264 2007 Iohannis
1282 1981 1421 2008 monachi.

408 2075 433 2101 4.
461 2076 484 2106 Β)
503 2073 596 2109 εςέἕίο
610 2077 647 2101 M.
719 2076 744 2109 b)
764 2077 965 2102 bibiliotecarius
979 2077 1015 2101 M.
1087 2077 1110 2108 c)
1130 2078 1221 2103 Ioanis„
1241 2077 1256 2101 h
1270 2085 1396 2108 superscr.
1407 2077 1444 2102 M.
1516 2075 1540 2107 d)
1560 2082 1587 2109 qt
1599 2076 1642 2108 (=
1655 2076 1725 2109 quia)
1738 2077 1776 2101 M.
1848 2078 1871 2109 e)
1892 2079 1961 2111 apel-

306 2119 375 2143 latur
394 2118 430 2143 M.
525 2118 543 2151 ί)
571 2129 630 2152 ymo
649 2120 686 2145 M.
781 2119 806 2150 8)
832 2121 953 2153 eggregie
971 2120 1010 2145 M.
1104 2119 1129 2150 b)
1154 2123 1226 2145 sume
1245 2120 1282 2145 M.
1375 2119 1394 2151 i)
1419 2121 1516 2145 conctis
1536 2120 1571 2145 M.
1667 2119 1693 2153 ¹¹)
1717 2116 1898 2146 {minationem
1921 2122 1959 2147 M.
1987 2130 2014 2149 ³0

306 2160 323 2192 1)
343 2163 437 2187 medul'
448 2162 485 2187 M.
586 2162 617 2193 ¹¹²)
637 2162 716 2187 Forte
734 2163 836 2188 tandem
857 2162 902 2195 (cf.
917 2163 990 2195 infra
1009 2172 1033 2188 n.
1049 2163 1091 2190 10)
1117 2164 1156 2188 vel
1181 2164 1261 2188 simile
1279 2163 1341 2195 quid
1364 2163 1522 2195 addendum,
1546 2168 1574 2187 ut
1597 2172 1684 2188 versus
1708 2164 1804 2196 integer
1822 2165 1960 2197 efficiatur.

306 2204 331 2235 ¹²)
350 2205 463 2237 pellasga
482 2205 519 2230 M.

412 2300 437 2331 1)
455 2301 603 2331 864-876,
622 2301 773 2328 883-891;
791 2299 838 2332 qui
851 2307 876 2324 a.
889 2302 1024 2326 891-896
1040 2299 1123 2325 sedem
1142 2299 1162 2325 b.
1177 2299 1252 2325 Petri
1270 2299 1392 2326 obtinuit.
1471 2300 1497 2332 2)
1518 2299 1558 2332 Cf.
1572 2300 1770 2333 inscriptionem
1782 2300 1961 2328 Portuensem

306 2342 337 2366 in
346 2341 401 2367 ‘La
417 2341 506 2367 cii-itta
517 2341 648 2367 cattolica’
662 2341 751 2367 LXX
757 2341 801 2373 V(
800 2342 877 2374 1924)
892 2346 904 2367 1
916 2350 942 2374 p.
954 2346 1001 2368 111
1013 2350 1079 2369 ann.
1088 2347 1102 2368 1
1116 2342 1229 2368 editam:
1246 2342 1300 2369 Hic
1312 2342 1490 2376 requiescunt
1502 2351 1619 2377 corpora
1631 2344 1790 2370 sanctorum
1804 2345 1959 2378 martyrum

308 2384 424 2418 Ippoliti
438 2384 553 2410 Taurini
566 2384 729 2411 Hereuliani
747 2386 833 2418 atque
846 2384 978 2411 Iohannis
991 2385 1127 2412 Calibitis.
1138 2385 1283 2412 Formosus
1302 2385 1449 2420 episcopus
1467 2385 1601 2413 condidit.
1672 2385 1699 2419 3)
1712 2385 1764 2412 Ed.
1775 2386 1870 2420 Miyne
1880 2387 1959 2414 Patr.
1988 2391 2012 2411 ⁸⁶

305 2435 405 2460 graeca
421 2427 491 2453 CX]
496 2427 525 2460 V,
538 2431 587 2454 568
595 2436 646 2460 sqq.
666 2428 708 2453 De
727 2428 790 2454 aliis
809 2427 870 2453 vitis
888 2428 1005 2454 eiusdem
1020 2428 1121 2455 Graece
1137 2429 1245 2462 scriptis
1262 2429 1296 2461 ef.
1307 2429 1438 2455 Analecta
1451 2428 1640 2455 Bolhzndiana
1654 2429 1718 2461 XV,
1732 2432 1786 2456 257.
1802 2421 1960 2457 'Anastasii

306 2471 389 2496 versio
407 2470 447 2497 ed.
465 2470 526 2497 ibid.
538 2479 566 2503 p.
577 2474 683 2503 2o'osqq.
779 2471 806 2502 4)
825 2470 947 2496 Patriam
962 2470 1095 2505 calybitae
1112 2479 1140 2498 re
1153 2479 1216 2497 vera
1229 2471 1486 2505 Constantinopolim
1503 2472 1586 2506 fuisse
1596 2471 1781 2499 Bollandistae
1792 2473 1863 2499 Acta
1874 2473 1959 2500 Sanc-

306 2516 394 2539 torum
405 2514 414 2528 ³
428 2517 463 2539 15.
476 2513 538 2540 Ian.
554 2513 592 2546 11,
609 2516 694 2546 311sq.
711 2514 826 2547 probare
843 2513 957 2540 student.
1028 2514 1055 2547 5)
1076 2514 1138 2540 Scit.
1151 2514 1356 2548 Reeoqnitiones
1378 2515 1522 2548 Glenaentis,
1541 2523 1609 2548 quas
1623 2515 1744 2548 Rufinus
1756 2515 1858 2542 Latine
1876 2516 1959 2543 vertit.

307 2556 333 2588 6)
352 2556 415 2582 Hac
440 2556 622 2582 admonitione
642 2557 808 2583 Anastasius
832 2565 849 2582 a
868 2556 1000 2583 Romanis
1023 2560 1111 2590 petere
1132 2557 1243 2590 videtur,
1268 2560 1299 2584 ut
1322 2557 1372 2584 sibi
1394 2558 1446 2591 ipsi
1466 2560 1590 2591 parcant,
1616 2558 1662 2592 qui
1685 2561 1751 2585 tunc
1772 2559 1842 2585 iram
1864 2559 1960 2586 summi

305 2599 439 2631 pontificis
464 2599 601 2631 sustinuit,
627 2600 661 2632 cf.
681 2600 782 2626 Annal.
801 2599 906 2626 Bertin.
924 2608 949 2625 a.
962 2602 1013 2625 868
1037 2599 1076 2626 ed.
1094 2599 1180 2626 Waitz
1200 2608 1229 2633 p.
1243 2604 1281 2627 92.
1326 2600 1352 2626 V.
1372 2601 1452 2627 etiam
1469 2601 1600 2627 Analecta
1623 2601 1809 2627 Bollandiana
1829 2602 1893 2635 XV,
1910 2605 1960 2629 268
1985 2605 2012 2624 40

308 2645 331 2668 et
358 2641 456 2668 ‘Neues
483 2642 595 2669 Archiv’
619 2642 673 2668 XL
680 2642 748 2674 VII,
772 2645 822 2668 426
831 2650 868 2675 sq.
913 2641 1057 2674 perperam
1083 2643 1118 2670 A.
1143 2642 1260 2676 Lapotre
1290 2644 1320 2669 in
1351 2643 1498 2678 ‘Melanyes
1533 2643 1725 2678 d’areheotoqie
1756 2647 1779 2671 et
1815 2644 1959 2672 d'hietoire’

310 2685 394 2717 XXI,
408 2688 456 2712 338
477 2694 541 2712 ann.
558 2691 569 2712 1
597 2686 724 2718 opinatus
747 2688 784 2711 est
803 2685 980 2711 Anastasium
1007 2685 1054 2712 hoe
1081 2686 1136 2712 loeo
1161 2685 1346 2719 difficultates,
1377 2687 1472 2719 quibus
1495 2686 1642 2713 Formosus
1667 2695 1690 2713 a.
1707 2690 1757 2714 876
1777 2688 1958 2721 premebatwr,

306 2735 440 2761 respicere.
