2189 3042
185 884 210 902 10

185 1173 208 1192 15

183 1429 208 1448 20

183 1686 207 1705 25

183 2081 208 2099 30

183 2334 208 2353 35

183 2573 209 2591 40

185 2786 210 2804 45

659 170 837 197 IOHANNIS
856 171 931 197 VIII.
952 170 1070 196 PAPAE
1092 171 1291 198 EPISTOLAE
1314 171 1372 198 296.
1393 171 1451 198 297.
1816 175 1878 205 259

227 258 280 290 vel
296 257 438 289 seductio
456 257 611 298 ampliusa
627 267 646 288 a
669 259 777 287 nostra
793 257 950 288 fidelitate
968 257 1214 298 quoquomodob
1231 258 1339 289 valeat
1361 261 1411 289 te⁰
1428 268 1606 299 removere,
1630 259 1687 290 sed
1704 259 1879 290 secundum

228 309 407 350 sponsionis
430 311 483 349 tue
504 311 649 340 tenorem
672 309 703 339 in
728 319 766 339 ea
791 308 996 339 devotissime
1021 319 1210 349 permanere
1234 309 1416 350 procuresd.
1464 309 1669 350 Quapropter
1691 311 1780 350 scito,
1805 311 1879 352 quia

229 361 296 391 sine
325 361 411 391 omni
435 359 600 391 dubietate
628 360 711 390 inter
735 359 870 391 dilectos
897 363 1022 391 nostros
1051 367 1082 391 te
1111 361 1249 392 retinere
1274 361 1432 401 volentes,
1458 361 1604 392 volumus
1628 362 1726 393 etiam
1749 365 1782 393 et
1804 372 1878 403 pre-

229 412 391 452 cipimus⁹,
415 414 450 442 ut
473 414 505 442 et
528 421 585 452 pro
609 412 801 442 necessitate
826 411 961 451 ecclesie
985 415 1038 452 tue
1063 415 1096 443 et
1118 423 1175 453 pro
1199 416 1252 452 tue
1277 423 1373 443 causa
1394 413 1539 443 utilitatis
1554 412 1658 453 Rome
1680 413 1720 444 ad
1737 416 1879 444 nostram

228 463 438 503 apostolicam
456 463 651 504 presentiam
671 462 895 504 presentaliter
911 463 1020 494 venire
1044 463 1261 494 indubitanter
1285 464 1467 504 procures1,
1490 464 1564 504 quia
1585 467 1617 494 et
1637 467 1753 495 statum
1770 468 1878 504 sancte

227 513 441 545 Ravennatisf
463 514 597 554 ecclesie
626 514 818 545 incolumem
843 525 1032 546 conservare
1056 517 1232 556 tuumqueg
1255 515 1435 556 profectum
1466 518 1497 546 et
1526 515 1700 546 honoremh
1725 516 1878 557 perficere

229 565 405 597 auxiliante
429 565 568 596 Domino
593 566 746 606 cupimus.

1020 713 1092 742 297.

335 768 494 800 Iohannes
508 769 601 801 VIII.
614 780 704 809 papa
720 771 857 812 (Karolo
869 771 951 812 III.)
971 771 1152 810 imperatori
1172 771 1214 802 acl
1229 773 1411 802 conventum
1426 770 1612 802 Ravennam
1628 772 1657 802 (Ζ.
1667 771 1697 802 2.
1706 771 1880 803 Februarii

229 819 322 860 (882)
338 830 408 851 eum
424 819 537 851 litteris
552 831 614 860 per
628 822 800 853 Iohannem
816 822 1005 862 Papiensem
1025 822 1201 861 episcopum
1221 821 1333 853 delatis
1356 822 1509 853 invitanti·
1531 823 1694 861 respondet
1716 834 1748 854 se
1766 826 1879 862 quarto

229 873 302 902 ante
324 870 413 902 illum
437 872 486 903 (lie
509 882 578 903 cnm
601 883 634 904 eo
657 874 819 905 convenire
840 873 922 905 velle.
1579 875 1659 913 (882
1681 874 1792 912 Ιαη.)2

342 938 421 965 Coa:
446 939 473 966 R
490 942 511 973 f'.
526 942 583 966 116¹
603 949 630 966 u.
643 944 698 966 299.

329 990 414 1017 Edd.:
442 991 536 1017 Editio
550 992 676 1018 Romana
689 992 773 1026 (1591)
787 993 844 1025 ΙΙΙ,
860 996 910 1019 500
928 996 1019 1019 η.286,
1049 991 1145 1018 NIansi
1165 991 1243 1018 Cone.
1257 992 1314 1018 coll.
1331 991 1430 1024 XVII,
1442 995 1487 1018 211
1506 1001 1531 1018 n.
1545 995 1600 1018 286.
1633 993 1726 1026 Miqne
1746 993 1819 1019 Patr.
1834 994 1877 1020 lat.

231 1032 315 1059 CXX
322 1033 368 1066 VI,
387 1036 435 1060 936
452 1042 479 1061 n.
493 1037 548 1061 330.
570 1049 601 1053 —
621 1035 698 1066 Jaffe'
717 1035 779 1068 Rea.
793 1038 859 1062 3362
878 1035 972 1069 (2577).

879 1114 926 1137 AD
949 1112 1222 1137 1MPERATOREM³.

334 1162 487 1204 Receptis
516 1164 697 1195 serenitatis
720 1166 824 1203 vestre
853 1163 966 1195 litteris
995 1166 1092 1205 atque
1122 1163 1273 1204 perlectis
1305 1172 1356 1202 ac,
1390 1162 1471 1193 sicut
1502 1162 1593 1193 nobis
1621 1173 1679 1203 per
1701 1163 1878 1195 Iohannem

226 1214 446 1245 venerabilem
463 1215 666 1246 Ticinensem
683 1215 890 1256 episcopum*
913 1214 1106 1246 verbotenus
1122 1213 1308 1254 mandastis,
1333 1214 1408 1255 quia
1428 1214 1636 1255 cognovimus
1652 1224 1709 1245 vos
1723 1215 1879 1247 honorem

227 1269 335 1306 sancte
352 1265 497 1306 Romane
523 1266 656 1306 ecclesie
673 1267 784 1297 matris
800 1269 904 1306 vestre
923 1269 955 1297 et
971 1266 1109 1297 salutem
1125 1268 1209 1305 terre
1226 1265 1324 1306 ipsius
1343 1268 1410 1296 toto
1429 1266 1596 1296 conamine
1613 1265 1696 1296 velle
1714 1266 1878 1306 perficere,

227 1317 411 1348 exultante⁸
427 1328 535 1348 sumus
559 1318 665 1349 animo
688 1318 799 1359 gavisi.
839 1317 940 1348 Porro
964 1317 1045 1347 sicut
1068 1316 1252 1355 mandastis,
1277 1319 1313 1346 ut
1339 1315 1390 1347 die
1415 1317 1644 1357 purificationis
1664 1316 1759 1348 beate
1776 1317 1877 1358 Μῆτίς

227 1368 374 1409 semperb
395 1369 546 1410 virginis⁵
560 1369 750 1400 Ravennam
774 1372 805 1400 te
822 1368 1010 1400 veniente⁰⁶
1026 1368 1119 1398 simul
1136 1368 1295 1398 coniuncti
1322 1367 1495 1398 fuissemus
1516 1367 1576 1399 add
1593 1368 1878 1399 considerandum⁰

227 1430 298 1450 cum
323 1419 385 1451 Dei
408 1421 528 1451 auxilio
554 1420 601 1451 etf
623 1420 844 1461 peragendum
867 1420 1047 1460 profectum
1071 1422 1178 1459 sancte
1195 1418 1258 1450 Dei
1282 1419 1419 1460 ecclesie
1445 1423 1477 1450 et
1493 1422 1611 1450 statum
1628 1420 1754 1461 imperii
1770 1421 1877 1459 vestri,

225 1481 283 1502 nos
307 1475 415 1503 autem
440 1474 472 1503 et
498 1471 558 1502 hoc
581 1471 692 1503 libenti
716 1471 822 1502 animo
845 1472 1038 1512 recipientes
1061 1470 1206 1501 volumus
1230 1473 1345 1511 quarto
1371 1470 1423 1501 die
1448 1474 1522 1502 ante
1547 1471 1731 1502 iamdictam
1756 1472 1877 1502 festivi-

227 1526 326 1554 tatem
350 1534 406 1554 vos
429 1523 473 1554 ibi
489 1523 614 1563 adesse,
640 1524 713 1564 quia
730 1526 762 1554 et
778 1534 835 1554 nos
850 1523 916 1554 itag
933 1521 1250 1553 desiderantissimeh
1275 1523 1420 1563 cupimus
1436 1523 1601 1554 vobiscum
1619 1523 1713 1553 simul
1730 1523 1878 1564 coniungi

228 1577 260 1605 et
282 1577 421 1605 vestram
450 1575 638 1615 petitionem
662 1574 799 1605 libenter
822 1574 1017 1615 adimplere,
1048 1574 1074 1604 si
1097 1573 1237 1604 Domino
1269 1574 1444 1605 annuentei
1469 1573 1608 1605 sanitask
1633 1575 1774 1615 corporis
1799 1575 1877 1605 divi-

226 1627 310 1657 nitus
334 1636 485 1657 concessa
509 1626 613 1657 fuerit.
659 1626 700 1657 Et
724 1627 889 1667 quoniam,
921 1626 1002 1657 sicut
1025 1625 1217 1665 audivimus,
1248 1635 1304 1656 vos
1328 1625 1487 1657 laborem¹
1511 1629 1608 1667 atque
1633 1629 1796 1657 certamen
1820 1636 1877 1666 pro

228 1678 435 1708 ecclesiarum
452 1677 516 1709 Dei
538 1680 650 1709 statum
667 1680 700 1708 et
718 1678 845 1718 imperii
861 1678 957 1708 vestri
974 1677 1194 1708 incolumitate
1212 1679 1309 1718 atque
1327 1678 1488 1708 communi
1506 1676 1759 1708 Christianorum
1775 1678 1878 1708 salute

225 1729 278 1770 pio
303 1729 420 1760 affectu
443 1729 577 1770 cupitis*
600 1730 767 1770 perficere,
791 1729 840 1760 his
863 1729 1063 1770 apostolatus
1086 1729 1185 1759 nostri
1209 1729 1324 1759 litteris
1349 1728 1559 1760 admonemus
1583 1732 1616 1760 et
1639 1729 1877 1768 exhortamuro,

224 1784 259 1811 ut
281 1782 383 1822 magis
407 1791 443 1812 ac
463 1781 566 1822 magis
589 1781 621 1811 in
642 1780 703 1811 hoc
718 1783 825 1811 vestra
847 1780 1025 1821 imperialis
1048 1780 1229 1811 sollicitudo
1247 1780 1404 1821 proficiat,
1423 1780 1623 1821 quatenus*1>
1638 1805 1643 1811 .
1660 1804 1667 1811 .
1688 1805 1693 1812 .
1713 1807 1718 1812 .
1754 1780 1796 1811 Et
1818 1780 1878 1811 hoc

226 1832 361 1873 gloriam
385 1834 524 1863 vestram
548 1831 753 1863 obsecramus
777 1834 830 1863 etq
852 1830 1107 1873 magnitudinem
1131 1835 1288 1871 vestram,
1318 1833 1368 1871 ut,
1397 1842 1469 1862 cum
1497 1833 1530 1862 in
1557 1832 1615 1862 has
1638 1835 1746 1873 partes
1770 1832 1877 1862 venire

228 1884 387 1925 ceperitis,
406 1883 591 1925 Supponem
615 1883 789 1925 gloriosum
806 1883 959 1915 comitem
970 1884 982 1902 ⁷
1006 1886 1038 1915 et
1054 1893 1257 1914 communem
1274 1883 1404 1914 fidelem
1421 1883 1587 1914 vobiscum
1604 1884 1713 1914 venire
1730 1883 1876 1914 iubeatis.

330 2072 355 2105 ²²)
375 2071 415 2097 .R.
434 2071 496 2097 add.
515 2079 598 2104 snpra
616 2071 713 2097 lincam
732 2080 803 2098 man.
823 2072 980 2097 correctoris
1000 2071 1035 2098 R.

330 2144 353 2178 ²)
372 2146 390 2170 li
409 2153 476 2170 corr.
489 2153 519 2169 ex
536 2153 554 2169 u
573 2145 607 2169 αἰ.
621 2153 690 2170 man.
709 2144 741 2169 R.
822 2143 848 2177 b)
867 2145 993 2177 quomodo
1012 2144 1044 2170 R.
1127 2143 1150 2177 c)
1170 2145 1232 2170 add.
1251 2145 1279 2169 in
1297 2153 1379 2177 marq.
1393 2145 1429 2170 al.
1444 2153 1513 2169 man.
1532 2144 1564 2169 B.
1650 2143 1674 2175 d)
1693 2152 1759 2169 corr.
1773 2152 1803 2169 ex
1822 2153 1877 2176 pro—

226 2196 299 2213 curas
318 2188 350 2213 R.
439 2187 461 2218 e)
479 2187 617 2212 secundum
635 2196 651 2220 p
669 2196 736 2212 corr.
749 2196 779 2213 ex
798 2197 815 2212 n
833 2188 868 2213 al.
882 2196 951 2212 man.
970 2187 1002 2212 R.
1091 2186 1110 2220 f)
1129 2191 1177 2212 rasi
1195 2187 1227 2212 R.
1315 2187 1341 2220 8)
1361 2196 1427 2213 corr.
1445 2196 1475 2212 ex
1493 2192 1546 2212 tum
1564 2186 1568 2219 l
1584 2191 1690 2219 tumque
1709 2187 1744 2211 al.
1758 2195 1827 2211 man.
1845 2187 1877 2212 R.

226 2231 251 2263 h)
270 2239 373 2256 onorem
391 2239 458 2255 corr.
471 2238 502 2255 em
519 2238 653 2255 onoremus
672 2230 704 2255 R.

300 2278 307 2286 '
329 2281 388 2308 297.
416 2281 439 2314 ³⁴)
459 2290 525 2307 corr.
539 2290 569 2306 ecc
587 2282 745 2307 exultantem
759 2281 791 2306 R.
861 2280 886 2313 b)
905 2290 951 2317 sep
970 2281 1002 2306 R.
1074 2281 1097 2312 ⁰)
1116 2290 1223 2307 carnaea:
1234 2282 1386 2307 Ravennate
1399 2282 1530 2307 venientes
1551 2281 1586 2306 al.
1604 2289 1665 2305 man
1687 2281 1718 2306 R.
1789 2280 1814 2312 d)
1833 2290 1877 2313 pro

227 2327 276 2352 del.
296 2330 355 2351 ante
373 2326 406 2350 ad
426 2325 457 2350 R.
529 2324 551 2356 e)
569 2325 777 2350 considerandam
798 2325 829 2349 B.
904 2323 923 2356 s)
943 2325 1004 2349 add.
1017 2333 1099 2356 supra
1116 2325 1212 2350 lineam
1230 2325 1264 2349 al.
1278 2333 1348 2349 man.
1368 2324 1399 2348 R.
1478 2324 1503 2353 g)
1524 2325 1560 2348 ita
1579 2324 1610 2349 de
1628 2324 1660 2348 R.
1732 2322 1757 2354 h)
1777 2324 1877 2348 -rantis-

225 2370 253 2394 in
271 2377 323 2394 ras.
344 2369 370 2393 in
388 2376 469 2400 marq.
483 2368 518 2392 al.
531 2376 599 2392 man.
619 2368 650 2393 R,
725 2366 743 2398 i)
763 2371 858 2392 ammte
876 2367 909 2392 R.
983 2366 1008 2399 k)
1028 2368 1049 2392 si
1068 2367 1117 2392 del.
1130 2372 1189 2392 ante
1207 2368 1306 2392 sanitas
1325 2367 1357 2392 R.
1430 2366 1448 2395 1)
1468 2367 1624 2396 uolaborem,
1644 2367 1660 2391 b
1679 2375 1746 2391 corr.
1760 2375 1790 2391 ea:
1808 2375 1825 2391 u
1845 2366 1876 2391 B.

225 2412 257 2444 ω)
276 2421 344 2437 corr.
357 2420 388 2436 ex
405 2415 499 2436 statum
518 2410 550 2436 R.
655 2410 680 2441 ¹¹)
700 2410 761 2435 add.
781 2419 862 2442 supra
881 2410 975 2435 lineam
994 2411 1029 2435 al.
1042 2418 1112 2435 man.
1130 2410 1163 2435 R.
1268 2410 1292 2442 ⁰)
1310 2410 1477 2435 exhortamus
1496 2409 1528 2434 R.
1637 2409 1661 2440 P)
1674 2410 1739 2441 finis
1757 2409 1876 2441 epistolae

226 2456 311 2481 deesse
329 2455 436 2486 videtur,
453 2463 514 2479 nam
533 2457 674 2485 sequentem
692 2454 840 2478 sententiam
854 2461 994 2485 perperam
1007 2453 1048 2478 hic
1060 2453 1218 2478 subiunctam
1231 2461 1282 2478 esse
1299 2457 1377 2485 patet,
1391 2461 1455 2484 quae
1473 2452 1543 2485 forte
1559 2453 1587 2477 in
1599 2452 1699 2477 minuta
1717 2452 1744 2476 in
1762 2452 1877 2484 maryt'ne

223 2499 310 2530 posita
327 2502 384 2523 erat
401 2497 433 2522 R.
522 2496 546 2528 q)
565 2505 632 2522 corr.
646 2505 676 2522 ex
695 2497 770 2521 etiam
790 2496 821 2521 R.

332 2566 356 2598 1)
377 2564 454 2590 Haec
476 2563 612 2590 citationis
633 2563 741 2596 epistola
766 2563 885 2596 minime,
907 2566 939 2589 ut
956 2563 1032 2590 habet
1053 2563 1160 2596 Ewald,
1185 2563 1221 2589 ad
1238 2572 1263 2590 α.
1276 2567 1337 2596 881,
1359 2570 1391 2589 ex
1408 2570 1460 2596 qm>
1478 2563 1532 2588 'iam
1553 2565 1604 2588 tres
1622 2562 1746 2588 habemus
1765 2562 1878 2587 acriores

228 2607 369 2634 admodum
387 2606 523 2633 citationes
542 2608 600 2639 (nn.
614 2610 673 2638 281,
692 2609 752 2638 283,
773 2607 843 2640 285),
867 2614 954 2632 rernm
973 2606 1010 2632 ad
1029 2615 1054 2632 a.
1067 2610 1117 2633 882
1134 2606 1228 2638 referri
1252 2606 1335 2638 debet,
1361 2614 1414 2639 quo
1435 2606 1576 2632 Romanus
1598 2613 1625 2630 se
1648 2604 1681 2630 ab
1700 2603 1877 2630 eaeeonszzcnz'-

227 2650 329 2676 catione
352 2650 382 2675 in
400 2649 500 2683 synodo
518 2649 543 2675 d.
558 2653 581 2675 4.
595 2648 715 2676 Octobris
735 2652 784 2675 881
804 2649 912 2682 prolata
931 2649 975 2682 (cf.
996 2657 1021 2675 n.
1035 2650 1095 2682 289)
1119 2649 1172 2675 iam
1196 2649 1299 2675 solvisse
1316 2649 1428 2681 videtur,
1451 2650 1486 2681 ef.
1507 2656 1554 2673 nn.
1568 2650 1626 2680 311,
1645 2650 1702 2673 312.
1790 2646 1815 2677 2)
1834 2645 1877 2671 De

228 2695 343 2726 tempore
365 2693 447 2719 huins
468 2692 593 2725 epistolae
615 2692 652 2724 cf.
671 2691 734 2718 NA.
756 2691 906 2724 XXXVI,
925 2696 968 2718 155
994 2694 1086 2718 aomot.
1100 2696 1124 2718 4.
1217 2692 1243 2724 3)
1264 2692 1327 2718 Scit.
1346 2691 1480 2717 Karolam
1499 2690 1556 2716 111.
1650 2690 1676 2722 4)
1700 2689 1740 2714 De
1764 2696 1816 2721 qao
1840 2689 1876 2720 cs‘.

228 2743 275 2761 nn.
295 2738 421 2761 144—46.
508 2736 534 2768 5)
554 2735 575 2761 1.
589 2742 609 2761 e.
628 2734 654 2761 d.
669 2738 692 2761 2.
707 2734 853 2761 Februarii
870 2738 926 2761 83⁴2.
1015 2735 1041 2766 6)
1063 2734 1122 2768 an
1143 2734 1174 2761 cle
1195 2737 1324 2761 conventu
1346 2736 1381 2768 cf.
1397 2733 1569 2760 Miihlbaclzer
1590 2733 1666 2765 ΕεφΞ
1680 2735 1741 2757 1627
1752 2730 1876 2764 (1584)I1.

230 2779 255 2810 7)
275 2777 348 2803 Idem
366 2785 418 2804 esse
435 2778 539 2804 videtur
557 2785 589 2804 ae
609 2777 702 2810 Suppo
720 2777 848 2803 comesin
867 2785 907 2811 ep.
921 2786 947 2804 n.
961 2780 1008 2804 239
1026 2777 1160 2810 laudatus,
1178 2780 1211 2808 cf.
1226 2786 1256 2811 p.
1270 2781 1315 2803 211
1334 2779 1424 2802 annot.
1441 2781 1460 2802 1.

1620 2825 1668 2852 33*
