<?xml version="1.0" encoding="UTF-8"?>
<!DOCTYPE html PUBLIC "-//W3C//DTD XHTML 1.0 Transitional//EN"
    "http://www.w3.org/TR/xhtml1/DTD/xhtml1-transitional.dtd">
<html xmlns="http://www.w3.org/1999/xhtml" xml:lang="en" lang="en">
 <head>
  <title>
</title>
<meta http-equiv="Content-Type" content="text/html;charset=utf-8" />
  <meta name='ocr-system' content='tesseract 3.04.00' />
  <meta name='ocr-capabilities' content='ocr_page ocr_carea ocr_par ocr_line ocrx_word'/>
</head>
<body>
  <div class='ocr_page' id='page_1' title='image "./monumentagerman07geseuoft_0070.png"; bbox 0 0 2189 3042; ppageno 0'>
   <div class='ocr_carea' id='block_1_1' title="bbox 220 558 350 579">
    <p class='ocr_par' dir='ltr' id='par_1_1' title="bbox 220 558 350 579">
     <span class='ocr_line' id='line_1_1' title="bbox 220 558 350 579; baseline 0 -2"><span class='ocrx_word' id='word_1_1' title='bbox 220 558 246 578; x_wconf 73' lang='lat' dir='ltr'>rs.</span> <span class='ocrx_word' id='word_1_2' title='bbox 264 558 290 579; x_wconf 66' lang='lat' dir='ltr'>Is,</span> <span class='ocrx_word' id='word_1_3' title='bbox 303 561 320 576; x_wconf 69' lang='lat' dir='ltr'>r..</span> <span class='ocrx_word' id='word_1_4' title='bbox 334 561 350 578; x_wconf 66' lang='lat'>5.</span> 
     </span>
    </p>
   </div>
   <div class='ocr_carea' id='block_1_2' title="bbox 163 609 350 629">
    <p class='ocr_par' dir='ltr' id='par_1_2' title="bbox 163 609 350 629">
     <span class='ocr_line' id='line_1_2' title="bbox 163 609 350 629; baseline 0 0"><span class='ocrx_word' id='word_1_5' title='bbox 163 610 191 629; x_wconf 71' lang='lat' dir='ltr'>cs.</span> <span class='ocrx_word' id='word_1_6' title='bbox 204 609 279 629; x_wconf 66' lang='lat' dir='ltr'>kim-11.</span> <span class='ocrx_word' id='word_1_7' title='bbox 291 612 313 629; x_wconf 77' lang='lat'>1³</span> <span class='ocrx_word' id='word_1_8' title='bbox 333 612 350 629; x_wconf 71' lang='lat'>5.</span> 
     </span>
    </p>
   </div>
   <div class='ocr_carea' id='block_1_3' title="bbox 167 1383 357 1450">
    <p class='ocr_par' dir='ltr' id='par_1_3' title="bbox 167 1383 357 1450">
     <span class='ocr_line' id='line_1_3' title="bbox 206 1383 357 1406; baseline -0.02 -1"><span class='ocrx_word' id='word_1_9' title='bbox 206 1385 233 1405; x_wconf 73' lang='lat' dir='ltr'>cs.</span> <span class='ocrx_word' id='word_1_10' title='bbox 248 1383 284 1403; x_wconf 55' lang='grc' dir='ltr'>ΓΞ.</span> <span class='ocrx_word' id='word_1_11' title='bbox 295 1386 328 1406; x_wconf 75' lang='grc'>99,</span> <span class='ocrx_word' id='word_1_12' title='bbox 340 1386 357 1403; x_wconf 80' lang='lat'>3.</span> 
     </span>
     <span class='ocr_line' id='line_1_4' title="bbox 167 1426 357 1450; baseline 0.005 -4"><span class='ocrx_word' id='word_1_13' title='bbox 167 1427 195 1447; x_wconf 78' lang='lat' dir='ltr'>cf.</span> <span class='ocrx_word' id='word_1_14' title='bbox 208 1426 357 1450; x_wconf 66' lang='lat' dir='ltr'>1,Rog‚19,53</span> 
     </span>
    </p>
   </div>
   <div class='ocr_carea' id='block_1_4' title="bbox 246 1454 319 1475">
    <p class='ocr_par' dir='ltr' id='par_1_4' title="bbox 246 1454 319 1475">
     <span class='ocr_line' id='line_1_5' title="bbox 246 1454 319 1475; baseline -0.014 -3"><span class='ocrx_word' id='word_1_15' title='bbox 246 1454 278 1475; x_wconf 68' lang='grc'>25,</span> <span class='ocrx_word' id='word_1_16' title='bbox 288 1455 319 1472; x_wconf 69' lang='lat'>21.</span> 
     </span>
    </p>
   </div>
   <div class='ocr_carea' id='block_1_5' title="bbox 208 1588 360 1610">
    <p class='ocr_par' dir='ltr' id='par_1_5' title="bbox 208 1588 360 1610">
     <span class='ocr_line' id='line_1_6' title="bbox 208 1588 360 1610; baseline 0 -3"><span class='ocrx_word' id='word_1_17' title='bbox 208 1588 235 1608; x_wconf 73' lang='lat' dir='ltr'>cf.</span> <span class='ocrx_word' id='word_1_18' title='bbox 253 1588 279 1607; x_wconf 63' lang='lat' dir='ltr'>l&#39;s</span> <span class='ocrx_word' id='word_1_19' title='bbox 299 1590 330 1610; x_wconf 75' lang='grc' dir='ltr'>.”ι7,</span> <span class='ocrx_word' id='word_1_20' title='bbox 342 1590 360 1607; x_wconf 78' lang='lat'>5.</span> 
     </span>
    </p>
   </div>
   <div class='ocr_carea' id='block_1_6' title="bbox 170 2086 359 2132">
    <p class='ocr_par' dir='ltr' id='par_1_6' title="bbox 170 2086 359 2132">
     <span class='ocr_line' id='line_1_7' title="bbox 170 2086 359 2108; baseline 0 -4"><span class='ocrx_word' id='word_1_21' title='bbox 170 2087 198 2106; x_wconf 69' lang='lat' dir='ltr'>ct.</span> <span class='ocrx_word' id='word_1_22' title='bbox 208 2086 284 2106; x_wconf 75' lang='lat' dir='ltr'>Ezech.</span> <span class='ocrx_word' id='word_1_23' title='bbox 294 2089 326 2108; x_wconf 71' lang='lat'>21.</span> <span class='ocrx_word' id='word_1_24' title='bbox 336 2089 359 2108; x_wconf 57' lang='grc' dir='ltr'>ῆς</span> 
     </span>
     <span class='ocr_line' id='line_1_8' title="bbox 262 2111 353 2132; baseline 0 -1"><span class='ocrx_word' id='word_1_25' title='bbox 262 2111 287 2131; x_wconf 78' lang='lat' dir='ltr'>lS.</span> <span class='ocrx_word' id='word_1_26' title='bbox 301 2115 333 2132; x_wconf 71' lang='lat'>58.</span> <span class='ocrx_word' id='word_1_27' title='bbox 342 2114 353 2131; x_wconf 79' lang='grc'><strong>9</strong></span> 
     </span>
    </p>
   </div>
   <div class='ocr_carea' id='block_1_7' title="bbox 372 137 1525 175">
    <p class='ocr_par' dir='ltr' id='par_1_7' title="bbox 372 137 1525 175">
     <span class='ocr_line' id='line_1_9' title="bbox 372 137 1525 175; baseline -0.003 -8"><span class='ocrx_word' id='word_1_28' title='bbox 372 148 410 175; x_wconf 63' lang='lat'>40</span> <span class='ocrx_word' id='word_1_29' title='bbox 856 138 1033 166; x_wconf 73' lang='lat' dir='ltr'>IOHANNIS</span> <span class='ocrx_word' id='word_1_30' title='bbox 1052 138 1126 165; x_wconf 86' lang='lat' dir='ltr'>VIII.</span> <span class='ocrx_word' id='word_1_31' title='bbox 1146 137 1264 164; x_wconf 84' lang='lat' dir='ltr'>PAPAE</span> <span class='ocrx_word' id='word_1_32' title='bbox 1286 137 1461 164; x_wconf 85' lang='lat' dir='ltr'>EPISTOLA</span> <span class='ocrx_word' id='word_1_33' title='bbox 1483 137 1525 163; x_wconf 85' lang='lat'>42.</span> 
     </span>
    </p>
   </div>
   <div class='ocr_carea' id='block_1_8' title="bbox 900 233 1481 258">
    <p class='ocr_par' dir='ltr' id='par_1_8' title="bbox 900 233 1481 258">
     <span class='ocr_line' id='line_1_10' title="bbox 900 233 1481 258; baseline -0.002 0"><span class='ocrx_word' id='word_1_34' title='bbox 900 235 947 258; x_wconf 74' lang='lat' dir='ltr'>AD</span> <span class='ocrx_word' id='word_1_35' title='bbox 970 234 1161 258; x_wconf 83' lang='lat' dir='ltr'>EI‘ISCOPUM</span> <span class='ocrx_word' id='word_1_36' title='bbox 1183 233 1481 258; x_wconf 78' lang='lat' dir='ltr'>NEAPOLITANUM1.</span> 
     </span>
    </p>
   </div>
   <div class='ocr_carea' id='block_1_9' title="bbox 368 283 2023 2233">
    <p class='ocr_par' dir='ltr' id='par_1_9' title="bbox 368 283 2023 2233">
     <span class='ocr_line' id='line_1_11' title="bbox 476 283 2013 326; baseline -0.001 -8"><span class='ocrx_word' id='word_1_37' title='bbox 476 287 636 318; x_wconf 65' lang='lat' dir='ltr'>Rolectisa</span> <span class='ocrx_word' id='word_1_38' title='bbox 659 286 773 316; x_wconf 84' lang='lat' dir='ltr'>litteris</span> <span class='ocrx_word' id='word_1_39' title='bbox 801 285 876 320; x_wconf 86' lang='lat' dir='ltr'>tuis,</span> <span class='ocrx_word' id='word_1_40' title='bbox 907 294 986 324; x_wconf 89' lang='lat' dir='ltr'>quas</span> <span class='ocrx_word' id='word_1_41' title='bbox 1013 286 1106 324; x_wconf 69' lang='lat' dir='ltr'>cepto</span> <span class='ocrx_word' id='word_1_42' title='bbox 1136 284 1197 314; x_wconf 87' lang='lat' dir='ltr'>iam</span> <span class='ocrx_word' id='word_1_43' title='bbox 1225 283 1384 324; x_wconf 89' lang='lat' dir='ltr'>paschalis</span> <span class='ocrx_word' id='word_1_44' title='bbox 1413 283 1593 315; x_wconf 80' lang='lat' dir='ltr'><strong>festivitatis</strong></span> <span class='ocrx_word' id='word_1_45' title='bbox 1622 283 1727 314; x_wconf 86' lang='lat' dir='ltr'>officio</span> <span class='ocrx_word' id='word_1_46' title='bbox 1757 284 1788 314; x_wconf 90' lang='lat' dir='ltr'>in</span> <span class='ocrx_word' id='word_1_47' title='bbox 1817 283 1869 315; x_wconf 90' lang='lat' dir='ltr'>die</span> <span class='ocrx_word' id='word_1_48' title='bbox 1897 295 2013 326; x_wconf 86' lang='lat' dir='ltr'>magno</span> 
     </span>
     <span class='ocr_line' id='line_1_12' title="bbox 370 334 2015 380; baseline -0.001 -11"><span class='ocrx_word' id='word_1_49' title='bbox 370 338 596 380; x_wconf 73' lang='lat' dir='ltr'>suscepimus2,</span> <span class='ocrx_word' id='word_1_50' title='bbox 621 337 726 376; x_wconf 80' lang='lat' dir='ltr'><strong>nichil,</strong></span> <span class='ocrx_word' id='word_1_51' title='bbox 756 347 818 377; x_wconf 90' lang='lat' dir='ltr'>quo</span> <span class='ocrx_word' id='word_1_52' title='bbox 842 335 1077 375; x_wconf 66' lang='lat' dir='ltr'>letificaremur,</span> <span class='ocrx_word' id='word_1_53' title='bbox 1107 335 1317 375; x_wconf 81' lang='lat' dir='ltr'>repperimus.</span> <span class='ocrx_word' id='word_1_54' title='bbox 1363 334 1457 366; x_wconf 86' lang='lat' dir='ltr'>Unde</span> <span class='ocrx_word' id='word_1_55' title='bbox 1488 336 1600 376; x_wconf 87' lang='lat' dir='ltr'>ingens</span> <span class='ocrx_word' id='word_1_56' title='bbox 1629 335 1757 366; x_wconf 84' lang='lat' dir='ltr'>tristitia</span> <span class='ocrx_word' id='word_1_57' title='bbox 1787 338 1820 366; x_wconf 88' lang='lat' dir='ltr'>et</span> <span class='ocrx_word' id='word_1_58' title='bbox 1848 336 2015 367; x_wconf 88' lang='lat' dir='ltr'>continuus</span> 
     </span>
     <span class='ocr_line' id='line_1_13' title="bbox 369 386 2015 428; baseline -0.002 -6"><span class='ocrx_word' id='word_1_59' title='bbox 369 391 459 422; x_wconf 85' lang='lat' dir='ltr'>dolor</span> <span class='ocrx_word' id='word_1_60' title='bbox 476 389 561 420; x_wconf 91' lang='lat' dir='ltr'>cordi</span> <span class='ocrx_word' id='word_1_61' title='bbox 586 392 692 419; x_wconf 80' lang='lat' dir='ltr'>nostro</span> <span class='ocrx_word' id='word_1_62' title='bbox 717 388 816 418; x_wconf 85' lang='lat' dir='ltr'>crevit</span> <span class='ocrx_word' id='word_1_63' title='bbox 840 390 872 417; x_wconf 91' lang='lat' dir='ltr'>ct</span> <span class='ocrx_word' id='word_1_64' title='bbox 896 387 1125 427; x_wconf 86' lang='lat' dir='ltr'>multiplicatus</span> <span class='ocrx_word' id='word_1_65' title='bbox 1149 397 1205 417; x_wconf 89' lang='lat' dir='ltr'>nos</span> <span class='ocrx_word' id='word_1_66' title='bbox 1221 386 1430 417; x_wconf 88' lang='lat' dir='ltr'>vehementer</span> <span class='ocrx_word' id='word_1_67' title='bbox 1446 386 1590 428; x_wconf 78' lang='lat' dir='ltr'>affligitb,</span> <span class='ocrx_word' id='word_1_68' title='bbox 1608 387 1682 428; x_wconf 86' lang='lat' dir='ltr'>quia</span> <span class='ocrx_word' id='word_1_69' title='bbox 1701 387 1855 427; x_wconf 92' lang='lat' dir='ltr'>populum</span> <span class='ocrx_word' id='word_1_70' title='bbox 1879 387 2015 418; x_wconf 83' lang='lat' dir='ltr'>civitatis</span> 
     </span>
     <span class='ocr_line' id='line_1_14' title="bbox 368 438 2015 482; baseline -0.002 -9"><span class='ocrx_word' id='word_1_71' title='bbox 368 445 499 482; x_wconf 57' lang='lat' dir='ltr'>vesu-qe,</span> <span class='ocrx_word' id='word_1_72' title='bbox 530 450 591 481; x_wconf 87' lang='lat' dir='ltr'>quc</span> <span class='ocrx_word' id='word_1_73' title='bbox 616 440 691 470; x_wconf 88' lang='lat' dir='ltr'>olim</span> <span class='ocrx_word' id='word_1_74' title='bbox 715 438 790 478; x_wconf 82' lang='lat' dir='ltr'>Dei,</span> <span class='ocrx_word' id='word_1_75' title='bbox 822 448 904 468; x_wconf 87' lang='lat' dir='ltr'>nunc</span> <span class='ocrx_word' id='word_1_76' title='bbox 927 441 1034 468; x_wconf 89' lang='lat' dir='ltr'>autem</span> <span class='ocrx_word' id='word_1_77' title='bbox 1059 438 1210 479; x_wconf 86' lang='lat' dir='ltr'>principis</span> <span class='ocrx_word' id='word_1_78' title='bbox 1234 438 1440 468; x_wconf 88' lang='lat' dir='ltr'>tenebrarum</span> <span class='ocrx_word' id='word_1_79' title='bbox 1470 438 1585 469; x_wconf 82' lang='lat' dir='ltr'>effecta</span> <span class='ocrx_word' id='word_1_80' title='bbox 1614 440 1675 478; x_wconf 89' lang='lat' dir='ltr'>est,</span> <span class='ocrx_word' id='word_1_81' title='bbox 1706 438 1859 469; x_wconf 90' lang='lat' dir='ltr'>derelicto</span> <span class='ocrx_word' id='word_1_82' title='bbox 1888 439 2015 479; x_wconf 90' lang='lat' dir='ltr'>penitus</span> 
     </span>
     <span class='ocr_line' id='line_1_15' title="bbox 369 489 2014 530; baseline -0.002 -6"><span class='ocrx_word' id='word_1_83' title='bbox 369 493 528 525; x_wconf 76' lang='lat' dir='ltr'>Creatoris</span> <span class='ocrx_word' id='word_1_84' title='bbox 556 492 602 522; x_wconf 84' lang='lat' dir='ltr'>sui</span> <span class='ocrx_word' id='word_1_85' title='bbox 627 500 735 521; x_wconf 87' lang='lat' dir='ltr'>amorc</span> <span class='ocrx_word' id='word_1_86' title='bbox 759 489 903 520; x_wconf 79' lang='lat' dir='ltr'>videmus</span> <span class='ocrx_word' id='word_1_87' title='bbox 926 490 1035 530; x_wconf 88' lang='lat' dir='ltr'>iugum</span> <span class='ocrx_word' id='word_1_88' title='bbox 1059 499 1130 520; x_wconf 91' lang='lat' dir='ltr'>cum</span> <span class='ocrx_word' id='word_1_89' title='bbox 1157 489 1340 520; x_wconf 86' lang='lat' dir='ltr'>infidelibus</span> <span class='ocrx_word' id='word_1_90' title='bbox 1364 489 1481 520; x_wconf 84' lang='lat' dir='ltr'>ducere</span> <span class='ocrx_word' id='word_1_91' title='bbox 1514 492 1610 530; x_wconf 85' lang='lat' dir='ltr'>teque</span> <span class='ocrx_word' id='word_1_92' title='bbox 1634 489 1708 520; x_wconf 90' lang='lat' dir='ltr'>ideo</span> <span class='ocrx_word' id='word_1_93' title='bbox 1733 490 1801 521; x_wconf 89' lang='lat' dir='ltr'>fore</span> <span class='ocrx_word' id='word_1_94' title='bbox 1831 490 2014 530; x_wconf 80' lang='lat' dir='ltr'>obnoxium,</span> 
     </span>
     <span class='ocr_line' id='line_1_16' title="bbox 368 540 2015 586; baseline -0.002 -11"><span class='ocrx_word' id='word_1_95' title='bbox 368 545 515 586; x_wconf 74' lang='lat' dir='ltr'>quoniam</span> <span class='ocrx_word' id='word_1_96' title='bbox 546 543 575 573; x_wconf 89' lang='lat' dir='ltr'>in</span> <span class='ocrx_word' id='word_1_97' title='bbox 608 542 714 572; x_wconf 86' lang='lat' dir='ltr'>medio</span> <span class='ocrx_word' id='word_1_98' title='bbox 744 541 851 582; x_wconf 87' lang='lat' dir='ltr'>populi</span> <span class='ocrx_word' id='word_1_99' title='bbox 880 540 1002 581; x_wconf 88' lang='lat' dir='ltr'>polluta</span> <span class='ocrx_word' id='word_1_100' title='bbox 1025 540 1111 571; x_wconf 88' lang='lat' dir='ltr'>labia</span> <span class='ocrx_word' id='word_1_101' title='bbox 1135 541 1282 571; x_wconf 88' lang='lat' dir='ltr'>habentis</span> <span class='ocrx_word' id='word_1_102' title='bbox 1311 541 1466 582; x_wconf 90' lang='lat' dir='ltr'>pollutum</span> <span class='ocrx_word' id='word_1_103' title='bbox 1492 540 1544 571; x_wconf 70' lang='lat' dir='ltr'>et&lt;l</span> <span class='ocrx_word' id='word_1_104' title='bbox 1569 541 1758 582; x_wconf 77' lang='lat' dir='ltr'><strong>complicem</strong></span> <span class='ocrx_word' id='word_1_105' title='bbox 1782 541 1929 572; x_wconf 84' lang='lat' dir='ltr'>habitare</span> <span class='ocrx_word' id='word_1_106' title='bbox 1955 552 2015 572; x_wconf 90' lang='lat' dir='ltr'>nec</span> 
     </span>
     <span class='ocr_line' id='line_1_17' title="bbox 368 592 2015 634; baseline -0.001 -8"><span class='ocrx_word' id='word_1_107' title='bbox 368 600 433 627; x_wconf 80' lang='lat' dir='ltr'>toto</span> <span class='ocrx_word' id='word_1_108' title='bbox 458 596 569 626; x_wconf 75' lang='lat' dir='ltr'>annisu</span> <span class='ocrx_word' id='word_1_109' title='bbox 592 598 623 624; x_wconf 91' lang='lat' dir='ltr'>tc</span> <span class='ocrx_word' id='word_1_110' title='bbox 649 594 730 624; x_wconf 75' lang='lat' dir='ltr'>velle</span> <span class='ocrx_word' id='word_1_111' title='bbox 755 597 896 623; x_wconf 74' lang='lat' dir='ltr'>murum⁰</span> <span class='ocrx_word' id='word_1_112' title='bbox 920 603 977 633; x_wconf 87' lang='lat' dir='ltr'>pro</span> <span class='ocrx_word' id='word_1_113' title='bbox 1002 592 1097 623; x_wconf 90' lang='lat' dir='ltr'>domo</span> <span class='ocrx_word' id='word_1_114' title='bbox 1123 592 1261 631; x_wconf 78' lang='lat' dir='ltr'>Domini,</span> <span class='ocrx_word' id='word_1_115' title='bbox 1286 593 1367 623; x_wconf 88' lang='lat' dir='ltr'>sicut</span> <span class='ocrx_word' id='word_1_116' title='bbox 1389 592 1539 624; x_wconf 90' lang='lat' dir='ltr'>idoneum</span> <span class='ocrx_word' id='word_1_117' title='bbox 1558 592 1674 624; x_wconf 81' lang='lat' dir='ltr'><strong>Christi</strong></span> <span class='ocrx_word' id='word_1_118' title='bbox 1698 592 1853 623; x_wconf 80' lang='lat' dir='ltr'>athletam</span> <span class='ocrx_word' id='word_1_119' title='bbox 1878 596 2015 634; x_wconf 89' lang='lat' dir='ltr'>oportet,</span> 
     </span>
     <span class='ocr_line' id='line_1_18' title="bbox 370 644 2015 687; baseline -0.001 -10"><span class='ocrx_word' id='word_1_120' title='bbox 370 646 623 687; x_wconf 67' lang='lat' dir='ltr'>contemplamur</span> <span class='ocrx_word' id='word_1_121' title='bbox 652 655 830 686; x_wconf 88' lang='lat' dir='ltr'>opponere,</span> <span class='ocrx_word' id='word_1_122' title='bbox 865 654 937 674; x_wconf 91' lang='lat' dir='ltr'>cum</span> <span class='ocrx_word' id='word_1_123' title='bbox 970 654 1027 674; x_wconf 92' lang='lat' dir='ltr'>nos</span> <span class='ocrx_word' id='word_1_124' title='bbox 1060 655 1117 685; x_wconf 90' lang='lat' dir='ltr'>pro</span> <span class='ocrx_word' id='word_1_125' title='bbox 1149 644 1329 675; x_wconf 89' lang='lat' dir='ltr'>huiusmodi</span> <span class='ocrx_word' id='word_1_126' title='bbox 1359 655 1454 675; x_wconf 87' lang='lat' dir='ltr'>causa</span> <span class='ocrx_word' id='word_1_127' title='bbox 1484 647 1516 675; x_wconf 87' lang='lat' dir='ltr'>te</span> <span class='ocrx_word' id='word_1_128' title='bbox 1549 644 1589 675; x_wconf 89' lang='lat' dir='ltr'>ad</span> <span class='ocrx_word' id='word_1_129' title='bbox 1623 645 1701 676; x_wconf 85' lang='lat' dir='ltr'>tanti</span> <span class='ocrx_word' id='word_1_130' title='bbox 1729 645 1858 675; x_wconf 89' lang='lat' dir='ltr'>honoris</span> <span class='ocrx_word' id='word_1_131' title='bbox 1890 644 2015 676; x_wconf 88' lang='lat' dir='ltr'>culmen</span> 
     </span>
     <span class='ocr_line' id='line_1_19' title="bbox 370 695 2015 740; baseline -0.001 -12"><span class='ocrx_word' id='word_1_132' title='bbox 370 699 545 740; x_wconf 75' lang='lat' dir='ltr'>perducere</span> <span class='ocrx_word' id='word_1_133' title='bbox 578 697 687 738; x_wconf 87' lang='lat' dir='ltr'>procul</span> <span class='ocrx_word' id='word_1_134' title='bbox 718 697 814 727; x_wconf 80' lang='lat' dir='ltr'>(lubio</span> <span class='ocrx_word' id='word_1_135' title='bbox 846 695 1061 735; x_wconf 77' lang='lat' dir='ltr'>studeremus,</span> <span class='ocrx_word' id='word_1_136' title='bbox 1097 697 1244 737; x_wconf 86' lang='lat' dir='ltr'>quatinus</span> <span class='ocrx_word' id='word_1_137' title='bbox 1275 699 1306 727; x_wconf 88' lang='lat' dir='ltr'>te</span> <span class='ocrx_word' id='word_1_138' title='bbox 1335 696 1515 727; x_wconf 86' lang='lat' dir='ltr'>adiutorem</span> <span class='ocrx_word' id='word_1_139' title='bbox 1547 699 1579 727; x_wconf 89' lang='lat' dir='ltr'>et</span> <span class='ocrx_word' id='word_1_140' title='bbox 1608 696 1738 727; x_wconf 90' lang='lat' dir='ltr'>fidelem</span> <span class='ocrx_word' id='word_1_141' title='bbox 1771 699 2015 736; x_wconf 83' lang='lat' dir='ltr'>cooperatorem</span> 
     </span>
     <span class='ocr_line' id='line_1_20' title="bbox 370 747 2015 789; baseline -0.002 -8"><span class='ocrx_word' id='word_1_142' title='bbox 370 751 523 782; x_wconf 78' lang='lat' dir='ltr'>habentes</span> <span class='ocrx_word' id='word_1_143' title='bbox 548 760 623 780; x_wconf 89' lang='lat' dir='ltr'>oves</span> <span class='ocrx_word' id='word_1_144' title='bbox 647 749 775 780; x_wconf 90' lang='lat' dir='ltr'>Domini</span> <span class='ocrx_word' id='word_1_145' title='bbox 800 748 839 778; x_wconf 85' lang='lat' dir='ltr'>de</span> <span class='ocrx_word' id='word_1_146' title='bbox 864 751 928 778; x_wconf 90' lang='lat' dir='ltr'>tam</span> <span class='ocrx_word' id='word_1_147' title='bbox 952 748 1081 778; x_wconf 88' lang='lat' dir='ltr'>immani</span> <span class='ocrx_word' id='word_1_148' title='bbox 1105 747 1274 788; x_wconf 82' lang='lat' dir='ltr'>profundo,</span> <span class='ocrx_word' id='word_1_149' title='bbox 1299 747 1378 788; x_wconf 77' lang='lat' dir='ltr'>quof</span> <span class='ocrx_word' id='word_1_150' title='bbox 1399 748 1439 778; x_wconf 89' lang='lat' dir='ltr'>ab</span> <span class='ocrx_word' id='word_1_151' title='bbox 1463 748 1594 778; x_wconf 91' lang='lat' dir='ltr'>humani</span> <span class='ocrx_word' id='word_1_152' title='bbox 1621 748 1747 789; x_wconf 85' lang='lat' dir='ltr'>generis</span> <span class='ocrx_word' id='word_1_153' title='bbox 1775 748 1902 778; x_wconf 88' lang='lat' dir='ltr'>inimico</span> <span class='ocrx_word' id='word_1_154' title='bbox 1931 758 2015 778; x_wconf 90' lang='lat' dir='ltr'>sum-</span> 
     </span>
     <span class='ocr_line' id='line_1_21' title="bbox 369 799 2016 841; baseline -0.002 -8"><span class='ocrx_word' id='word_1_155' title='bbox 369 813 488 833; x_wconf 78' lang='lat' dir='ltr'>mersas</span> <span class='ocrx_word' id='word_1_156' title='bbox 513 805 544 832; x_wconf 90' lang='lat' dir='ltr'>et</span> <span class='ocrx_word' id='word_1_157' title='bbox 568 804 708 832; x_wconf 86' lang='lat' dir='ltr'>retentas</span> <span class='ocrx_word' id='word_1_158' title='bbox 730 801 834 831; x_wconf 84' lang='lat' dir='ltr'>iacere</span> <span class='ocrx_word' id='word_1_159' title='bbox 859 799 1143 840; x_wconf 79' lang='lat' dir='ltr'>conspiciebamus,</span> <span class='ocrx_word' id='word_1_160' title='bbox 1168 799 1354 830; x_wconf 82' lang='lat' dir='ltr'>abstrahere</span> <span class='ocrx_word' id='word_1_161' title='bbox 1379 802 1475 840; x_wconf 87' lang='lat' dir='ltr'>atque</span> <span class='ocrx_word' id='word_1_162' title='bbox 1499 799 1541 830; x_wconf 89' lang='lat' dir='ltr'>ad</span> <span class='ocrx_word' id='word_1_163' title='bbox 1562 810 1700 841; x_wconf 89' lang='lat' dir='ltr'>superna</span> <span class='ocrx_word' id='word_1_164' title='bbox 1724 799 1889 831; x_wconf 68' lang='lat' dir='ltr'>relevare¹3</span> <span class='ocrx_word' id='word_1_165' title='bbox 1905 810 2016 840; x_wconf 91' lang='lat' dir='ltr'>posse-</span> 
     </span>
     <span class='ocr_line' id='line_1_22' title="bbox 369 851 2017 892; baseline -0.002 -7"><span class='ocrx_word' id='word_1_166' title='bbox 369 865 452 890; x_wconf 80' lang='lat' dir='ltr'>mus,</span> <span class='ocrx_word' id='word_1_167' title='bbox 482 857 516 884; x_wconf 81' lang='lat' dir='ltr'>ut</span> <span class='ocrx_word' id='word_1_168' title='bbox 544 853 583 883; x_wconf 87' lang='lat' dir='ltr'>dc</span> <span class='ocrx_word' id='word_1_169' title='bbox 607 853 732 883; x_wconf 88' lang='lat' dir='ltr'>illorum</span> <span class='ocrx_word' id='word_1_170' title='bbox 762 851 853 882; x_wconf 77' lang='lat' dir='ltr'>simul</span> <span class='ocrx_word' id='word_1_171' title='bbox 878 851 980 881; x_wconf 79' lang='lat' dir='ltr'>salute</span> <span class='ocrx_word' id='word_1_172' title='bbox 1011 862 1068 891; x_wconf 88' lang='lat' dir='ltr'>par</span> <span class='ocrx_word' id='word_1_173' title='bbox 1092 851 1177 891; x_wconf 86' lang='lat' dir='ltr'>apud</span> <span class='ocrx_word' id='word_1_174' title='bbox 1205 851 1451 882; x_wconf 82' lang='lat' dir='ltr'>retributoremh</span> <span class='ocrx_word' id='word_1_175' title='bbox 1476 852 1617 882; x_wconf 90' lang='lat' dir='ltr'>omnium</span> <span class='ocrx_word' id='word_1_176' title='bbox 1641 851 1746 882; x_wconf 91' lang='lat' dir='ltr'>Deum</span> <span class='ocrx_word' id='word_1_177' title='bbox 1774 861 1832 892; x_wconf 91' lang='lat' dir='ltr'>pro</span> <span class='ocrx_word' id='word_1_178' title='bbox 1857 852 2017 882; x_wconf 85' lang='lat' dir='ltr'>communi</span> 
     </span>
     <span class='ocr_line' id='line_1_23' title="bbox 370 901 2016 944; baseline -0.001 -8"><span class='ocrx_word' id='word_1_179' title='bbox 370 907 542 936; x_wconf 75' lang='lat' dir='ltr'>certamine</span> <span class='ocrx_word' id='word_1_180' title='bbox 576 905 724 935; x_wconf 87' lang='lat' dir='ltr'>meritum</span> <span class='ocrx_word' id='word_1_181' title='bbox 757 903 962 942; x_wconf 77' lang='lat' dir='ltr'>haberemus,</span> <span class='ocrx_word' id='word_1_182' title='bbox 998 901 1162 934; x_wconf 81' lang='lat' dir='ltr'>sed&#39;ecoe</span> <span class='ocrx_word' id='word_1_183' title='bbox 1195 903 1342 944; x_wconf 85' lang='lat' dir='ltr'>neglecta</span> <span class='ocrx_word' id='word_1_184' title='bbox 1376 903 1544 943; x_wconf 85' lang='lat' dir='ltr'>pastoralis</span> <span class='ocrx_word' id='word_1_185' title='bbox 1579 902 1675 934; x_wconf 86' lang='lat' dir='ltr'>officii</span> <span class='ocrx_word' id='word_1_186' title='bbox 1711 913 1802 943; x_wconf 88' lang='lat' dir='ltr'>cura,</span> <span class='ocrx_word' id='word_1_187' title='bbox 1838 903 2016 944; x_wconf 85' lang='lat' dir='ltr'>postposito</span> 
     </span>
     <span class='ocr_line' id='line_1_24' title="bbox 371 954 2016 995; baseline -0.002 -7"><span class='ocrx_word' id='word_1_188' title='bbox 371 958 467 988; x_wconf 70' lang='lat' dir='ltr'>divini</span> <span class='ocrx_word' id='word_1_189' title='bbox 491 958 604 987; x_wconf 91' lang='lat' dir='ltr'>timore</span> <span class='ocrx_word' id='word_1_190' title='bbox 629 955 747 995; x_wconf 74' lang='lat' dir='ltr'>iudicii,</span> <span class='ocrx_word' id='word_1_191' title='bbox 771 965 841 985; x_wconf 88' lang='lat' dir='ltr'>cum</span> <span class='ocrx_word' id='word_1_192' title='bbox 866 954 936 991; x_wconf 72' lang='lat' dir='ltr'>illis,</span> <span class='ocrx_word' id='word_1_193' title='bbox 961 964 1040 995; x_wconf 91' lang='lat' dir='ltr'>quos</span> <span class='ocrx_word' id='word_1_194' title='bbox 1063 957 1118 984; x_wconf 86' lang='lat' dir='ltr'>aut</span> <span class='ocrx_word' id='word_1_195' title='bbox 1135 955 1295 995; x_wconf 82' lang='lat' dir='ltr'>corrigere</span> <span class='ocrx_word' id='word_1_196' title='bbox 1320 958 1351 985; x_wconf 88' lang='lat' dir='ltr'>et</span> <span class='ocrx_word' id='word_1_197' title='bbox 1375 954 1415 984; x_wconf 88' lang='lat' dir='ltr'>ad</span> <span class='ocrx_word' id='word_1_198' title='bbox 1432 955 1516 985; x_wconf 89' lang='lat' dir='ltr'>viam</span> <span class='ocrx_word' id='word_1_199' title='bbox 1533 955 1675 985; x_wconf 89' lang='lat' dir='ltr'>veritatis</span> <span class='ocrx_word' id='word_1_200' title='bbox 1698 965 1861 995; x_wconf 85' lang='lat' dir='ltr'>revocare,</span> <span class='ocrx_word' id='word_1_201' title='bbox 1886 957 1941 985; x_wconf 89' lang='lat' dir='ltr'>aut</span> <span class='ocrx_word' id='word_1_202' title='bbox 1961 964 2016 985; x_wconf 91' lang='lat' dir='ltr'>eos</span> 
     </span>
     <span class='ocr_line' id='line_1_25' title="bbox 371 1005 2017 1049; baseline -0.001 -10"><span class='ocrx_word' id='word_1_203' title='bbox 371 1009 460 1049; x_wconf 85' lang='lat' dir='ltr'>quasi</span> <span class='ocrx_word' id='word_1_204' title='bbox 483 1018 615 1049; x_wconf 78' lang='lat' dir='ltr'>gregem</span> <span class='ocrx_word' id='word_1_205' title='bbox 639 1007 818 1037; x_wconf 82' lang='lat' dir='ltr'>morbidum</span> <span class='ocrx_word' id='word_1_206' title='bbox 842 1009 890 1036; x_wconf 88' lang='lat' dir='ltr'>tot</span> <span class='ocrx_word' id='word_1_207' title='bbox 913 1005 1077 1046; x_wconf 70' lang='lat' dir='ltr'>discipline</span> <span class='ocrx_word' id='word_1_208' title='bbox 1102 1005 1238 1036; x_wconf 87' lang='lat' dir='ltr'>salubris</span> <span class='ocrx_word' id='word_1_209' title='bbox 1260 1005 1446 1037; x_wconf 90' lang='lat' dir='ltr'>verberibus</span> <span class='ocrx_word' id='word_1_210' title='bbox 1470 1006 1670 1046; x_wconf 80' lang='lat' dir='ltr'>castigatum,</span> <span class='ocrx_word' id='word_1_211' title='bbox 1695 1006 1831 1037; x_wconf 89' lang='lat' dir='ltr'>salutem</span> <span class='ocrx_word' id='word_1_212' title='bbox 1855 1007 2017 1047; x_wconf 86' lang='lat' dir='ltr'>propriam</span> 
     </span>
     <span class='ocr_line' id='line_1_26' title="bbox 369 1057 2016 1099; baseline -0.001 -9"><span class='ocrx_word' id='word_1_213' title='bbox 369 1060 531 1091; x_wconf 83' lang='lat' dir='ltr'>nolentem</span> <span class='ocrx_word' id='word_1_214' title='bbox 554 1060 709 1099; x_wconf 85' lang='lat' dir='ltr'>recipere,</span> <span class='ocrx_word' id='word_1_215' title='bbox 733 1059 832 1088; x_wconf 85' lang='lat' dir='ltr'>vitare</span> <span class='ocrx_word' id='word_1_216' title='bbox 857 1061 952 1098; x_wconf 85' lang='lat' dir='ltr'>atque</span> <span class='ocrx_word' id='word_1_217' title='bbox 977 1057 1016 1088; x_wconf 89' lang='lat' dir='ltr'>de</span> <span class='ocrx_word' id='word_1_218' title='bbox 1041 1057 1148 1088; x_wconf 90' lang='lat' dir='ltr'>medio</span> <span class='ocrx_word' id='word_1_219' title='bbox 1173 1068 1293 1097; x_wconf 85' lang='lat' dir='ltr'>eorum,</span> <span class='ocrx_word' id='word_1_220' title='bbox 1318 1059 1399 1088; x_wconf 88' lang='lat' dir='ltr'>sicut</span> <span class='ocrx_word' id='word_1_221' title='bbox 1424 1059 1487 1088; x_wconf 83' lang='lat' dir='ltr'>iam</span> <span class='ocrx_word' id='word_1_222' title='bbox 1512 1058 1586 1088; x_wconf 92' lang='lat' dir='ltr'>olim</span> <span class='ocrx_word' id='word_1_223' title='bbox 1611 1058 1669 1089; x_wconf 88' lang='lat' dir='ltr'>tibi</span> <span class='ocrx_word' id='word_1_224' title='bbox 1692 1068 1733 1089; x_wconf 82' lang='lat' dir='ltr'>ex</span> <span class='ocrx_word' id='word_1_225' title='bbox 1750 1058 1856 1089; x_wconf 86' lang='lat' dir='ltr'>divina</span> <span class='ocrx_word' id='word_1_226' title='bbox 1879 1059 2016 1089; x_wconf 90' lang='lat' dir='ltr'>auctori-</span> 
     </span>
     <span class='ocr_line' id='line_1_27' title="bbox 370 1109 2016 1152; baseline -0.001 -10"><span class='ocrx_word' id='word_1_227' title='bbox 370 1116 436 1142; x_wconf 83' lang='lat' dir='ltr'>tate</span> <span class='ocrx_word' id='word_1_228' title='bbox 454 1110 698 1152; x_wconf 62' lang='lat' dir='ltr'>precepimus³³‚</span> <span class='ocrx_word' id='word_1_229' title='bbox 723 1111 808 1140; x_wconf 87' lang='lat' dir='ltr'>exire</span> <span class='ocrx_word' id='word_1_230' title='bbox 827 1109 994 1148; x_wconf 86' lang='lat' dir='ltr'>debueras,</span> <span class='ocrx_word' id='word_1_231' title='bbox 1019 1119 1077 1140; x_wconf 92' lang='lat' dir='ltr'>nec</span> <span class='ocrx_word' id='word_1_232' title='bbox 1098 1109 1234 1150; x_wconf 91' lang='lat' dir='ltr'>amplius</span> <span class='ocrx_word' id='word_1_233' title='bbox 1251 1119 1322 1140; x_wconf 90' lang='lat' dir='ltr'>cum</span> <span class='ocrx_word' id='word_1_234' title='bbox 1340 1109 1629 1150; x_wconf 81' lang='lat' dir='ltr'>prevaricatoribus</span> <span class='ocrx_word' id='word_1_235' title='bbox 1645 1113 1678 1140; x_wconf 88' lang='lat' dir='ltr'>et</span> <span class='ocrx_word' id='word_1_236' title='bbox 1695 1110 1887 1140; x_wconf 88' lang='lat' dir='ltr'>consortium</span> <span class='ocrx_word' id='word_1_237' title='bbox 1904 1109 2016 1140; x_wconf 90' lang='lat' dir='ltr'>infide-</span> 
     </span>
     <span class='ocr_line' id='line_1_28' title="bbox 370 1160 2016 1202; baseline -0.001 -9"><span class='ocrx_word' id='word_1_238' title='bbox 370 1163 445 1193; x_wconf 86' lang='lat' dir='ltr'>lium</span> <span class='ocrx_word' id='word_1_239' title='bbox 470 1162 661 1193; x_wconf 77' lang='lat' dir='ltr'>habentibus</span> <span class='ocrx_word' id='word_1_240' title='bbox 684 1161 828 1192; x_wconf 85' lang='lat' dir='ltr'>habitare</span> <span class='ocrx_word' id='word_1_241' title='bbox 846 1170 1057 1201; x_wconf 90' lang='lat' dir='ltr'>presumeres,</span> <span class='ocrx_word' id='word_1_242' title='bbox 1081 1163 1116 1191; x_wconf 90' lang='lat' dir='ltr'>ut</span> <span class='ocrx_word' id='word_1_243' title='bbox 1139 1164 1192 1201; x_wconf 74' lang='lat' dir='ltr'>tue</span> <span class='ocrx_word' id='word_1_244' title='bbox 1209 1160 1387 1191; x_wconf 88' lang='lat' dir='ltr'>devotionis</span> <span class='ocrx_word' id='word_1_245' title='bbox 1411 1161 1594 1192; x_wconf 81' lang='lat' dir='ltr'>sinceritate</span> <span class='ocrx_word' id='word_1_246' title='bbox 1618 1160 1817 1192; x_wconf 87' lang='lat' dir='ltr'>manifestius</span> <span class='ocrx_word' id='word_1_247' title='bbox 1841 1163 2016 1202; x_wconf 84' lang='lat' dir='ltr'>apparente</span> 
     </span>
     <span class='ocr_line' id='line_1_29' title="bbox 372 1212 2017 1253; baseline -0.001 -8"><span class='ocrx_word' id='word_1_248' title='bbox 372 1215 582 1246; x_wconf 77' lang='lat' dir='ltr'>reverentiam</span> <span class='ocrx_word' id='word_1_249' title='bbox 613 1217 709 1253; x_wconf 82' lang='lat' dir='ltr'>tuam,</span> <span class='ocrx_word' id='word_1_250' title='bbox 743 1223 836 1253; x_wconf 85' lang='lat' dir='ltr'>quam</span> <span class='ocrx_word' id='word_1_251' title='bbox 867 1212 1039 1243; x_wconf 79' lang='lat' dir='ltr'>sacerdotii</span> <span class='ocrx_word' id='word_1_252' title='bbox 1073 1213 1187 1243; x_wconf 91' lang='lat' dir='ltr'>summi</span> <span class='ocrx_word' id='word_1_253' title='bbox 1217 1212 1438 1243; x_wconf 85' lang='lat' dir='ltr'>decoravimus</span> <span class='ocrx_word' id='word_1_254' title='bbox 1472 1213 1592 1253; x_wconf 81' lang='lat' dir='ltr'>infulis,</span> <span class='ocrx_word' id='word_1_255' title='bbox 1626 1213 1657 1243; x_wconf 90' lang='lat' dir='ltr'>in</span> <span class='ocrx_word' id='word_1_256' title='bbox 1689 1213 1844 1243; x_wconf 89' lang='lat' dir='ltr'>societate</span> <span class='ocrx_word' id='word_1_257' title='bbox 1875 1213 2017 1253; x_wconf 88' lang='lat' dir='ltr'>corporis</span> 
     </span>
     <span class='ocr_line' id='line_1_30' title="bbox 373 1263 2016 1305; baseline -0.001 -9"><span class='ocrx_word' id='word_1_258' title='bbox 373 1266 490 1297; x_wconf 78' lang='lat' dir='ltr'>Christi</span> <span class='ocrx_word' id='word_1_259' title='bbox 518 1265 681 1296; x_wconf 86' lang='lat' dir='ltr'>nobiscum</span> <span class='ocrx_word' id='word_1_260' title='bbox 710 1264 901 1295; x_wconf 82' lang='lat' dir='ltr'>haberemus</span> <span class='ocrx_word' id='word_1_261' title='bbox 929 1264 1138 1294; x_wconf 88' lang='lat' dir='ltr'>coniunctam.</span> <span class='ocrx_word' id='word_1_262' title='bbox 1184 1263 1252 1294; x_wconf 89' lang='lat' dir='ltr'>Nos</span> <span class='ocrx_word' id='word_1_263' title='bbox 1279 1264 1363 1294; x_wconf 88' lang='lat' dir='ltr'>enim</span> <span class='ocrx_word' id='word_1_264' title='bbox 1394 1263 1521 1294; x_wconf 88' lang='lat' dir='ltr'>assidua</span> <span class='ocrx_word' id='word_1_265' title='bbox 1550 1265 1694 1305; x_wconf 89' lang='lat' dir='ltr'>quamvis</span> <span class='ocrx_word' id='word_1_266' title='bbox 1725 1264 1868 1305; x_wconf 87' lang='lat' dir='ltr'>corporis</span> <span class='ocrx_word' id='word_1_267' title='bbox 1895 1265 2016 1294; x_wconf 89' lang='lat' dir='ltr'>incom-</span> 
     </span>
     <span class='ocr_line' id='line_1_31' title="bbox 372 1315 2018 1357; baseline -0.002 -9"><span class='ocrx_word' id='word_1_268' title='bbox 372 1317 527 1348; x_wconf 86' lang='lat' dir='ltr'>moditate</span> <span class='ocrx_word' id='word_1_269' title='bbox 553 1321 625 1347; x_wconf 88' lang='lat' dir='ltr'>tunc</span> <span class='ocrx_word' id='word_1_270' title='bbox 655 1316 774 1347; x_wconf 86' lang='lat' dir='ltr'>detenti</span> <span class='ocrx_word' id='word_1_271' title='bbox 803 1326 958 1355; x_wconf 81' lang='lat' dir='ltr'>cssemuS,</span> <span class='ocrx_word' id='word_1_272' title='bbox 988 1316 1132 1346; x_wconf 88' lang='lat' dir='ltr'>volentes</span> <span class='ocrx_word' id='word_1_273' title='bbox 1155 1315 1402 1356; x_wconf 85' lang='lat' dir='ltr'>Neapolitanam</span> <span class='ocrx_word' id='word_1_274' title='bbox 1432 1316 1593 1346; x_wconf 88' lang='lat' dir='ltr'>civitatem</span> <span class='ocrx_word' id='word_1_275' title='bbox 1623 1326 1682 1346; x_wconf 90' lang='lat' dir='ltr'>ceu</span> <span class='ocrx_word' id='word_1_276' title='bbox 1710 1316 1863 1357; x_wconf 90' lang='lat' dir='ltr'>populum</span> <span class='ocrx_word' id='word_1_277' title='bbox 1887 1315 2018 1346; x_wconf 92' lang='lat' dir='ltr'>Domini</span> 
     </span>
     <span class='ocr_line' id='line_1_32' title="bbox 374 1367 2017 1409; baseline -0.001 -10"><span class='ocrx_word' id='word_1_278' title='bbox 374 1373 406 1400; x_wconf 89' lang='lat' dir='ltr'>et</span> <span class='ocrx_word' id='word_1_279' title='bbox 430 1379 505 1400; x_wconf 76' lang='lat' dir='ltr'>oves</span> <span class='ocrx_word' id='word_1_280' title='bbox 528 1379 644 1409; x_wconf 61' lang='lat' dir='ltr'>pascue</span> <span class='ocrx_word' id='word_1_281' title='bbox 669 1369 735 1399; x_wconf 86' lang='lat' dir='ltr'>eius</span> <span class='ocrx_word' id='word_1_282' title='bbox 759 1367 849 1398; x_wconf 87' lang='lat' dir='ltr'>nobis</span> <span class='ocrx_word' id='word_1_283' title='bbox 876 1367 907 1397; x_wconf 90' lang='lat' dir='ltr'>in</span> <span class='ocrx_word' id='word_1_284' title='bbox 930 1368 1000 1408; x_wconf 87' lang='lat' dir='ltr'>ipso</span> <span class='ocrx_word' id='word_1_285' title='bbox 1024 1367 1241 1408; x_wconf 86' lang='lat' dir='ltr'>apostolorum</span> <span class='ocrx_word' id='word_1_286' title='bbox 1265 1367 1408 1408; x_wconf 91' lang='lat' dir='ltr'>principe</span> <span class='ocrx_word' id='word_1_287' title='bbox 1432 1368 1616 1398; x_wconf 86' lang='lat' dir='ltr'>commissas</span> <span class='ocrx_word' id='word_1_288' title='bbox 1641 1378 1712 1398; x_wconf 94' lang='lat' dir='ltr'>cum</span> <span class='ocrx_word' id='word_1_289' title='bbox 1736 1368 1822 1398; x_wconf 90' lang='lat' dir='ltr'>omni</span> <span class='ocrx_word' id='word_1_290' title='bbox 1846 1367 2017 1398; x_wconf 87' lang='lat' dir='ltr'>devotione</span> 
     </span>
     <span class='ocr_line' id='line_1_33' title="bbox 374 1418 2018 1460; baseline -0.001 -10"><span class='ocrx_word' id='word_1_291' title='bbox 374 1421 511 1460; x_wconf 73' lang='lat' dir='ltr'>salvare,</span> <span class='ocrx_word' id='word_1_292' title='bbox 542 1431 605 1450; x_wconf 87' lang='lat' dir='ltr'>non</span> <span class='ocrx_word' id='word_1_293' title='bbox 635 1420 848 1450; x_wconf 79' lang='lat' dir='ltr'>recusavimus</span> <span class='ocrx_word' id='word_1_294' title='bbox 875 1418 1033 1457; x_wconf 86' lang='lat' dir='ltr'>laborem,</span> <span class='ocrx_word' id='word_1_295' title='bbox 1070 1419 1143 1460; x_wconf 86' lang='lat' dir='ltr'>quin</span> <span class='ocrx_word' id='word_1_296' title='bbox 1173 1419 1279 1459; x_wconf 86' lang='lat' dir='ltr'>potius</span> <span class='ocrx_word' id='word_1_297' title='bbox 1310 1419 1474 1459; x_wconf 83' lang='lat' dir='ltr'>posuimus</span> <span class='ocrx_word' id='word_1_298' title='bbox 1502 1419 1624 1449; x_wconf 89' lang='lat' dir='ltr'>animas</span> <span class='ocrx_word' id='word_1_299' title='bbox 1653 1423 1777 1450; x_wconf 86' lang='lat' dir='ltr'>nostras</span> <span class='ocrx_word' id='word_1_300' title='bbox 1811 1419 1842 1450; x_wconf 90' lang='lat' dir='ltr'>in</span> <span class='ocrx_word' id='word_1_301' title='bbox 1872 1418 2018 1449; x_wconf 86' lang='lat' dir='ltr'>manibus</span> 
     </span>
     <span class='ocr_line' id='line_1_34' title="bbox 374 1470 2017 1512; baseline -0.001 -10"><span class='ocrx_word' id='word_1_302' title='bbox 374 1473 487 1502; x_wconf 85' lang='lat' dir='ltr'>nostris</span> <span class='ocrx_word' id='word_1_303' title='bbox 519 1471 761 1512; x_wconf 84' lang='lat' dir='ltr'>dominicaquek</span> <span class='ocrx_word' id='word_1_304' title='bbox 786 1481 863 1502; x_wconf 89' lang='lat' dir='ltr'>voce</span> <span class='ocrx_word' id='word_1_305' title='bbox 893 1470 1060 1501; x_wconf 83' lang='lat' dir='ltr'>admonitil</span> <span class='ocrx_word' id='word_1_306' title='bbox 1083 1471 1248 1501; x_wconf 81' lang='lat' dir='ltr'>venimus⁴¹</span> <span class='ocrx_word' id='word_1_307' title='bbox 1271 1470 1458 1501; x_wconf 88' lang='lat' dir='ltr'>confirmare</span> <span class='ocrx_word' id='word_1_308' title='bbox 1486 1471 1557 1501; x_wconf 90' lang='lat' dir='ltr'>illos</span> <span class='ocrx_word' id='word_1_309' title='bbox 1585 1471 1615 1500; x_wconf 90' lang='lat' dir='ltr'>in</span> <span class='ocrx_word' id='word_1_310' title='bbox 1640 1470 1843 1511; x_wconf 90' lang='lat' dir='ltr'>beneplacito</span> <span class='ocrx_word' id='word_1_311' title='bbox 1868 1470 1930 1501; x_wconf 91' lang='lat' dir='ltr'>Dei</span> <span class='ocrx_word' id='word_1_312' title='bbox 1959 1480 2017 1500; x_wconf 91' lang='lat' dir='ltr'>ceu</span> 
     </span>
     <span class='ocr_line' id='line_1_35' title="bbox 375 1516 2018 1562; baseline -0.001 -9"><span class='ocrx_word' id='word_1_313' title='bbox 375 1525 489 1554; x_wconf 79' lang='lat' dir='ltr'>fratres</span> <span class='ocrx_word' id='word_1_314' title='bbox 513 1527 545 1554; x_wconf 85' lang='lat' dir='ltr'>et</span> <span class='ocrx_word' id='word_1_315' title='bbox 568 1526 602 1553; x_wconf 90' lang='lat' dir='ltr'>ut</span> <span class='ocrx_word' id='word_1_316' title='bbox 626 1523 705 1553; x_wconf 83' lang='lat' dir='ltr'>filios</span> <span class='ocrx_word' id='word_1_317' title='bbox 723 1523 925 1553; x_wconf 72' lang='lat' dir='ltr'>carissimosffl</span> <span class='ocrx_word' id='word_1_318' title='bbox 943 1532 1049 1552; x_wconf 88' lang='lat' dir='ltr'>coram</span> <span class='ocrx_word' id='word_1_319' title='bbox 1065 1516 1203 1552; x_wconf 91' lang='lat' dir='ltr'>Domino</span> <span class='ocrx_word' id='word_1_320' title='bbox 1227 1521 1394 1557; x_wconf 87' lang='lat' dir='ltr'>adiuvare;</span> <span class='ocrx_word' id='word_1_321' title='bbox 1419 1521 1475 1552; x_wconf 89' lang='lat' dir='ltr'>sed</span> <span class='ocrx_word' id='word_1_322' title='bbox 1493 1521 1670 1552; x_wconf 82' lang='lat' dir='ltr'>obduraton</span> <span class='ocrx_word' id='word_1_323' title='bbox 1691 1522 1751 1562; x_wconf 89' lang='lat' dir='ltr'>ipsi</span> <span class='ocrx_word' id='word_1_324' title='bbox 1773 1521 1869 1554; x_wconf 85' lang='lat' dir='ltr'>corde</span> <span class='ocrx_word' id='word_1_325' title='bbox 1894 1524 2018 1552; x_wconf 85' lang='lat' dir='ltr'>nostras</span> 
     </span>
     <span class='ocr_line' id='line_1_36' title="bbox 375 1573 2018 1615; baseline -0.002 -10"><span class='ocrx_word' id='word_1_326' title='bbox 375 1585 487 1615; x_wconf 80' lang='lat' dir='ltr'>preces</span> <span class='ocrx_word' id='word_1_327' title='bbox 516 1578 547 1605; x_wconf 82' lang='lat' dir='ltr'>ct</span> <span class='ocrx_word' id='word_1_328' title='bbox 574 1575 693 1605; x_wconf 88' lang='lat' dir='ltr'>monita</span> <span class='ocrx_word' id='word_1_329' title='bbox 717 1575 858 1615; x_wconf 80' lang='lat' dir='ltr'>recipcre</span> <span class='ocrx_word' id='word_1_330' title='bbox 882 1576 979 1614; x_wconf 87' lang='lat' dir='ltr'>atque</span> <span class='ocrx_word' id='word_1_331' title='bbox 1003 1577 1036 1604; x_wconf 88' lang='lat' dir='ltr'>ut</span> <span class='ocrx_word' id='word_1_332' title='bbox 1060 1573 1186 1614; x_wconf 87' lang='lat' dir='ltr'>aspides</span> <span class='ocrx_word' id='word_1_333' title='bbox 1210 1573 1303 1613; x_wconf 70' lang='lat' dir='ltr'>surde</span> <span class='ocrx_word' id='word_1_334' title='bbox 1327 1573 1438 1603; x_wconf 88' lang='lat' dir='ltr'>audire</span> <span class='ocrx_word' id='word_1_335' title='bbox 1464 1573 1693 1614; x_wconf 85' lang='lat' dir='ltr'>despexerunt;</span> <span class='ocrx_word' id='word_1_336' title='bbox 1723 1577 1819 1615; x_wconf 88' lang='lat' dir='ltr'>teque</span> <span class='ocrx_word' id='word_1_337' title='bbox 1844 1573 2018 1604; x_wconf 89' lang='lat' dir='ltr'>secundum</span> 
     </span>
     <span class='ocr_line' id='line_1_37' title="bbox 376 1624 2018 1666; baseline -0.001 -9"><span class='ocrx_word' id='word_1_338' title='bbox 376 1637 484 1657; x_wconf 89' lang='lat' dir='ltr'>corum</span> <span class='ocrx_word' id='word_1_339' title='bbox 508 1630 615 1657; x_wconf 80' lang='lat' dir='ltr'>votum</span> <span class='ocrx_word' id='word_1_340' title='bbox 641 1629 672 1656; x_wconf 91' lang='lat' dir='ltr'>ct</span> <span class='ocrx_word' id='word_1_341' title='bbox 696 1625 888 1656; x_wconf 81' lang='lat' dir='ltr'>desiderium</span> <span class='ocrx_word' id='word_1_342' title='bbox 912 1626 1099 1665; x_wconf 84' lang='lat' dir='ltr'>antistitem,</span> <span class='ocrx_word' id='word_1_343' title='bbox 1125 1624 1209 1666; x_wconf 90' lang='lat' dir='ltr'>quod</span> <span class='ocrx_word' id='word_1_344' title='bbox 1233 1635 1296 1655; x_wconf 86' lang='lat' dir='ltr'>non</span> <span class='ocrx_word' id='word_1_345' title='bbox 1319 1624 1534 1663; x_wconf 86' lang='lat' dir='ltr'>merebantur,</span> <span class='ocrx_word' id='word_1_346' title='bbox 1564 1624 1710 1656; x_wconf 89' lang='lat' dir='ltr'>ordinare</span> <span class='ocrx_word' id='word_1_347' title='bbox 1734 1635 1797 1655; x_wconf 91' lang='lat' dir='ltr'>non</span> <span class='ocrx_word' id='word_1_348' title='bbox 1821 1625 2018 1666; x_wconf 87' lang='lat' dir='ltr'>pretermisi-</span> 
     </span>
     <span class='ocr_line' id='line_1_38' title="bbox 374 1676 2019 1718; baseline -0.001 -10"><span class='ocrx_word' id='word_1_349' title='bbox 374 1679 476 1717; x_wconf 77' lang='lat' dir='ltr'>mus5,</span> <span class='ocrx_word' id='word_1_350' title='bbox 508 1678 614 1708; x_wconf 89' lang='lat' dir='ltr'>multis</span> <span class='ocrx_word' id='word_1_351' title='bbox 642 1688 738 1718; x_wconf 88' lang='lat' dir='ltr'>super</span> <span class='ocrx_word' id='word_1_352' title='bbox 760 1677 819 1708; x_wconf 90' lang='lat' dir='ltr'>hoc</span> <span class='ocrx_word' id='word_1_353' title='bbox 847 1677 917 1707; x_wconf 80' lang='lat' dir='ltr'>aliis</span> <span class='ocrx_word' id='word_1_354' title='bbox 945 1678 1059 1707; x_wconf 86' lang='lat' dir='ltr'>ctiam⁰</span> <span class='ocrx_word' id='word_1_355' title='bbox 1083 1677 1174 1707; x_wconf 89' lang='lat' dir='ltr'>bonis</span> <span class='ocrx_word' id='word_1_356' title='bbox 1204 1677 1382 1718; x_wconf 73' lang='lat' dir='ltr'>promissis,</span> <span class='ocrx_word' id='word_1_357' title='bbox 1413 1677 1439 1706; x_wconf 93' lang='lat' dir='ltr'>si</span> <span class='ocrx_word' id='word_1_358' title='bbox 1466 1679 1574 1717; x_wconf 71' lang='lat' dir='ltr'>nostre</span> <span class='ocrx_word' id='word_1_359' title='bbox 1602 1677 1774 1707; x_wconf 88' lang='lat' dir='ltr'>voluntatis</span> <span class='ocrx_word' id='word_1_360' title='bbox 1806 1676 2019 1707; x_wconf 73' lang='lat' dir='ltr'>desideriumP</span> 
     </span>
     <span class='ocr_line' id='line_1_39' title="bbox 375 1727 2018 1769; baseline -0.001 -9"><span class='ocrx_word' id='word_1_361' title='bbox 375 1731 491 1760; x_wconf 86' lang='lat' dir='ltr'>devota</span> <span class='ocrx_word' id='word_1_362' title='bbox 522 1733 628 1760; x_wconf 91' lang='lat' dir='ltr'>mente</span> <span class='ocrx_word' id='word_1_363' title='bbox 659 1730 880 1769; x_wconf 83' lang='lat' dir='ltr'>complessent.</span> <span class='ocrx_word' id='word_1_364' title='bbox 925 1728 1016 1759; x_wconf 87' lang='lat' dir='ltr'>Nunc</span> <span class='ocrx_word' id='word_1_365' title='bbox 1045 1732 1153 1759; x_wconf 91' lang='lat' dir='ltr'>autem</span> <span class='ocrx_word' id='word_1_366' title='bbox 1177 1729 1227 1759; x_wconf 87' lang='lat' dir='ltr'>vel</span> <span class='ocrx_word' id='word_1_367' title='bbox 1259 1728 1320 1758; x_wconf 91' lang='lat' dir='ltr'>illis</span> <span class='ocrx_word' id='word_1_368' title='bbox 1347 1729 1532 1759; x_wconf 88' lang='lat' dir='ltr'>incorrectis</span> <span class='ocrx_word' id='word_1_369' title='bbox 1561 1728 1770 1759; x_wconf 84' lang='lat' dir='ltr'>existentibus</span> <span class='ocrx_word' id='word_1_370' title='bbox 1799 1731 1832 1758; x_wconf 89' lang='lat' dir='ltr'>et</span> <span class='ocrx_word' id='word_1_371' title='bbox 1861 1727 1921 1758; x_wconf 85' lang='lat' dir='ltr'>adq</span> <span class='ocrx_word' id='word_1_372' title='bbox 1946 1737 2018 1768; x_wconf 91' lang='lat' dir='ltr'>per-</span> 
     </span>
     <span class='ocr_line' id='line_1_40' title="bbox 376 1778 2019 1821; baseline -0.002 -9"><span class='ocrx_word' id='word_1_373' title='bbox 376 1782 548 1812; x_wconf 87' lang='lat' dir='ltr'>cutientem</span> <span class='ocrx_word' id='word_1_374' title='bbox 574 1791 607 1811; x_wconf 89' lang='lat' dir='ltr'>se</span> <span class='ocrx_word' id='word_1_375' title='bbox 632 1780 737 1811; x_wconf 88' lang='lat' dir='ltr'>redire</span> <span class='ocrx_word' id='word_1_376' title='bbox 761 1780 941 1811; x_wconf 86' lang='lat' dir='ltr'>nolentibus</span> <span class='ocrx_word' id='word_1_377' title='bbox 964 1780 1014 1811; x_wconf 88' lang='lat' dir='ltr'>vel</span> <span class='ocrx_word' id='word_1_378' title='bbox 1038 1780 1096 1810; x_wconf 88' lang='lat' dir='ltr'>tibi</span> <span class='ocrx_word' id='word_1_379' title='bbox 1119 1790 1191 1810; x_wconf 89' lang='lat' dir='ltr'>cum</span> <span class='ocrx_word' id='word_1_380' title='bbox 1215 1780 1292 1821; x_wconf 88' lang='lat' dir='ltr'>ipsis</span> <span class='ocrx_word' id='word_1_381' title='bbox 1315 1779 1471 1810; x_wconf 86' lang='lat' dir='ltr'>habitanti</span> <span class='ocrx_word' id='word_1_382' title='bbox 1496 1783 1529 1810; x_wconf 91' lang='lat' dir='ltr'>ct</span> <span class='ocrx_word' id='word_1_383' title='bbox 1551 1779 1669 1810; x_wconf 86' lang='lat' dir='ltr'>idcirco</span> <span class='ocrx_word' id='word_1_384' title='bbox 1693 1790 1712 1810; x_wconf 90' lang='lat' dir='ltr'>a</span> <span class='ocrx_word' id='word_1_385' title='bbox 1736 1779 1849 1810; x_wconf 86' lang='lat' dir='ltr'>divinis</span> <span class='ocrx_word' id='word_1_386' title='bbox 1874 1778 2019 1809; x_wconf 90' lang='lat' dir='ltr'>omnibus</span> 
     </span>
     <span class='ocr_line' id='line_1_41' title="bbox 377 1830 2021 1873; baseline -0.001 -12"><span class='ocrx_word' id='word_1_387' title='bbox 377 1844 446 1863; x_wconf 69' lang='lat' dir='ltr'>cum</span> <span class='ocrx_word' id='word_1_388' title='bbox 472 1834 517 1863; x_wconf 89' lang='lat' dir='ltr'>eis</span> <span class='ocrx_word' id='word_1_389' title='bbox 541 1834 661 1873; x_wconf 85' lang='lat' dir='ltr'>pariter</span> <span class='ocrx_word' id='word_1_390' title='bbox 683 1835 882 1873; x_wconf 77' lang='lat' dir='ltr'>sequestrato</span> <span class='ocrx_word' id='word_1_391' title='bbox 908 1831 1067 1872; x_wconf 89' lang='lat' dir='ltr'>quomodo</span> <span class='ocrx_word' id='word_1_392' title='bbox 1092 1834 1199 1872; x_wconf 88' lang='lat' dir='ltr'>pacto,</span> <span class='ocrx_word' id='word_1_393' title='bbox 1228 1835 1399 1872; x_wconf 88' lang='lat' dir='ltr'>antequam</span> <span class='ocrx_word' id='word_1_394' title='bbox 1424 1831 1647 1872; x_wconf 83' lang='lat' dir='ltr'>resipiscentes</span> <span class='ocrx_word' id='word_1_395' title='bbox 1675 1830 1716 1861; x_wconf 85' lang='lat' dir='ltr'>ad</span> <span class='ocrx_word' id='word_1_396' title='bbox 1740 1831 1822 1861; x_wconf 86' lang='lat' dir='ltr'>viam</span> <span class='ocrx_word' id='word_1_397' title='bbox 1852 1831 1961 1861; x_wconf 85' lang='lat' dir='ltr'>salutis</span> <span class='ocrx_word' id='word_1_398' title='bbox 1989 1833 2021 1861; x_wconf 89' lang='lat' dir='ltr'>et</span> 
     </span>
     <span class='ocr_line' id='line_1_42' title="bbox 376 1882 2020 1925; baseline -0.001 -11"><span class='ocrx_word' id='word_1_399' title='bbox 376 1885 493 1925; x_wconf 71' lang='lat' dir='ltr'>iustitie</span> <span class='ocrx_word' id='word_1_400' title='bbox 525 1884 742 1922; x_wconf 77' lang='lat' dir='ltr'>revertamini,</span> <span class='ocrx_word' id='word_1_401' title='bbox 774 1894 905 1924; x_wconf 80' lang='lat' dir='ltr'>parcere</span> <span class='ocrx_word' id='word_1_402' title='bbox 937 1886 990 1913; x_wconf 84' lang='lat' dir='ltr'>aut</span> <span class='ocrx_word' id='word_1_403' title='bbox 1021 1894 1039 1914; x_wconf 91' lang='lat' dir='ltr'>a</span> <span class='ocrx_word' id='word_1_404' title='bbox 1070 1894 1155 1914; x_wconf 84' lang='lat' dir='ltr'>nexu</span> <span class='ocrx_word' id='word_1_405' title='bbox 1185 1883 1394 1914; x_wconf 85' lang='lat' dir='ltr'>ecclesiastici</span> <span class='ocrx_word' id='word_1_406' title='bbox 1430 1894 1486 1913; x_wconf 91' lang='lat' dir='ltr'>vos</span> <span class='ocrx_word' id='word_1_407' title='bbox 1518 1882 1625 1913; x_wconf 89' lang='lat' dir='ltr'>iudicii</span> <span class='ocrx_word' id='word_1_408' title='bbox 1657 1883 1800 1913; x_wconf 85' lang='lat' dir='ltr'>valemus</span> <span class='ocrx_word' id='word_1_409' title='bbox 1833 1882 2020 1913; x_wconf 79' lang='lat' dir='ltr'>absolvere?</span> 
     </span>
     <span class='ocr_line' id='line_1_43' title="bbox 378 1933 2021 1976; baseline -0.002 -10"><span class='ocrx_word' id='word_1_410' title='bbox 378 1936 543 1967; x_wconf 77' lang='lat' dir='ltr'>Absolvite</span> <span class='ocrx_word' id='word_1_411' title='bbox 568 1946 644 1975; x_wconf 84' lang='lat' dir='ltr'>ergo</span> <span class='ocrx_word' id='word_1_412' title='bbox 669 1946 724 1965; x_wconf 84' lang='lat' dir='ltr'>vos</span> <span class='ocrx_word' id='word_1_413' title='bbox 748 1936 833 1975; x_wconf 79' lang='lat' dir='ltr'>prius</span> <span class='ocrx_word' id='word_1_414' title='bbox 857 1935 1077 1975; x_wconf 85' lang='lat' dir='ltr'>colligationes</span> <span class='ocrx_word' id='word_1_415' title='bbox 1105 1935 1278 1976; x_wconf 85' lang='lat' dir='ltr'>impietatis</span> <span class='ocrx_word' id='word_1_416' title='bbox 1309 1938 1340 1965; x_wconf 86' lang='lat' dir='ltr'>et</span> <span class='ocrx_word' id='word_1_417' title='bbox 1370 1934 1461 1975; x_wconf 68' lang='lat' dir='ltr'>fedus</span> <span class='ocrx_word' id='word_1_418' title='bbox 1489 1935 1635 1975; x_wconf 71' lang='lat' dir='ltr'>impium,</span> <span class='ocrx_word' id='word_1_419' title='bbox 1667 1933 1753 1975; x_wconf 89' lang='lat' dir='ltr'>quod</span> <span class='ocrx_word' id='word_1_420' title='bbox 1785 1944 1855 1964; x_wconf 88' lang='lat' dir='ltr'>cum</span> <span class='ocrx_word' id='word_1_421' title='bbox 1886 1934 2021 1964; x_wconf 89' lang='lat' dir='ltr'>inimicis</span> 
     </span>
     <span class='ocr_line' id='line_1_44' title="bbox 377 1985 2020 2027; baseline -0.001 -9"><span class='ocrx_word' id='word_1_422' title='bbox 377 1988 493 2018; x_wconf 86' lang='lat' dir='ltr'>Christi</span> <span class='ocrx_word' id='word_1_423' title='bbox 517 1987 658 2017; x_wconf 73' lang='lat' dir='ltr'>habetis‘</span> <span class='ocrx_word' id='word_1_424' title='bbox 682 1987 902 2027; x_wconf 85' lang='lat' dir='ltr'>compositum,</span> <span class='ocrx_word' id='word_1_425' title='bbox 928 1990 959 2017; x_wconf 90' lang='lat' dir='ltr'>et</span> <span class='ocrx_word' id='word_1_426' title='bbox 983 1997 1038 2016; x_wconf 88' lang='lat' dir='ltr'>nos</span> <span class='ocrx_word' id='word_1_427' title='bbox 1061 1987 1133 2017; x_wconf 91' lang='lat' dir='ltr'>ilico</span> <span class='ocrx_word' id='word_1_428' title='bbox 1158 1986 1418 2023; x_wconf 79' lang='lat' dir='ltr'>misericordiam,</span> <span class='ocrx_word' id='word_1_429' title='bbox 1444 1997 1539 2027; x_wconf 83' lang='lat' dir='ltr'>quam</span> <span class='ocrx_word' id='word_1_430' title='bbox 1563 1985 1652 2016; x_wconf 91' lang='lat' dir='ltr'>Deus</span> <span class='ocrx_word' id='word_1_431' title='bbox 1674 1989 1784 2016; x_wconf 88' lang='lat' dir='ltr'>noster</span> <span class='ocrx_word' id='word_1_432' title='bbox 1807 1985 1940 2026; x_wconf 71' lang='lat' dir='ltr'>ecclesie</span> <span class='ocrx_word' id='word_1_433' title='bbox 1965 1996 2020 2025; x_wconf 72' lang='lat' dir='ltr'>sue</span> 
     </span>
     <span class='ocr_line' id='line_1_45' title="bbox 376 2037 2020 2079; baseline -0.001 -11"><span class='ocrx_word' id='word_1_434' title='bbox 376 2040 406 2069; x_wconf 90' lang='lat' dir='ltr'>iu</span> <span class='ocrx_word' id='word_1_435' title='bbox 432 2038 550 2079; x_wconf 79' lang='lat' dir='ltr'>Spiritu</span> <span class='ocrx_word' id='word_1_436' title='bbox 574 2041 682 2069; x_wconf 84' lang='lat' dir='ltr'>sancto</span> <span class='ocrx_word' id='word_1_437' title='bbox 707 2038 795 2068; x_wconf 84' lang='lat' dir='ltr'>dedit</span> <span class='ocrx_word' id='word_1_438' title='bbox 819 2038 924 2068; x_wconf 83' lang='lat' dir='ltr'>facere</span> <span class='ocrx_word' id='word_1_439' title='bbox 953 2048 1055 2078; x_wconf 83' lang='lat' dir='ltr'>posse,</span> <span class='ocrx_word' id='word_1_440' title='bbox 1079 2038 1260 2068; x_wconf 84' lang='lat' dir='ltr'>nullatenus</span> <span class='ocrx_word' id='word_1_441' title='bbox 1283 2037 1372 2067; x_wconf 89' lang='lat' dir='ltr'>vobis</span> <span class='ocrx_word' id='word_1_442' title='bbox 1400 2038 1462 2068; x_wconf 88' lang='lat' dir='ltr'>iam</span> <span class='ocrx_word' id='word_1_443' title='bbox 1487 2038 1647 2068; x_wconf 87' lang='lat' dir='ltr'>conversis</span> <span class='ocrx_word' id='word_1_444' title='bbox 1670 2037 1811 2068; x_wconf 88' lang='lat' dir='ltr'>tribuere</span> <span class='ocrx_word' id='word_1_445' title='bbox 1829 2038 2020 2067; x_wconf 88' lang='lat' dir='ltr'>omittemus.</span> 
     </span>
     <span class='ocr_line' id='line_1_46' title="bbox 375 2088 2021 2130; baseline -0.001 -9"><span class='ocrx_word' id='word_1_446' title='bbox 375 2090 457 2121; x_wconf 76' lang='lat' dir='ltr'>Nam</span> <span class='ocrx_word' id='word_1_447' title='bbox 483 2091 563 2120; x_wconf 90' lang='lat' dir='ltr'>sicut</span> <span class='ocrx_word' id='word_1_448' title='bbox 586 2100 660 2120; x_wconf 81' lang='lat' dir='ltr'>vere</span> <span class='ocrx_word' id='word_1_449' title='bbox 685 2089 908 2119; x_wconf 79' lang='lat' dir='ltr'>satisfactionis</span> <span class='ocrx_word' id='word_1_450' title='bbox 932 2089 1180 2120; x_wconf 78' lang='lat' dir='ltr'>confessoribusS</span> <span class='ocrx_word' id='word_1_451' title='bbox 1204 2089 1399 2130; x_wconf 89' lang='lat' dir='ltr'>parcendum</span> <span class='ocrx_word' id='word_1_452' title='bbox 1425 2093 1481 2129; x_wconf 84' lang='lat' dir='ltr'>est,</span> <span class='ocrx_word' id='word_1_453' title='bbox 1514 2089 1639 2119; x_wconf 86' lang='lat' dir='ltr'>dicente</span> <span class='ocrx_word' id='word_1_454' title='bbox 1664 2089 1817 2120; x_wconf 89' lang='lat' dir='ltr'>Domino:</span> <span class='ocrx_word' id='word_1_455' title='bbox 1844 2088 1923 2120; x_wconf 83' lang='lat' dir='ltr'>Cum</span> <span class='ocrx_word' id='word_1_456' title='bbox 1948 2099 2021 2120; x_wconf 86' lang='lat' dir='ltr'>con-</span> 
     </span>
     <span class='ocr_line' id='line_1_47' title="bbox 376 2139 2023 2182; baseline 0 -12"><span class='ocrx_word' id='word_1_457' title='bbox 376 2152 485 2172; x_wconf 78' lang='lat' dir='ltr'>versus</span> <span class='ocrx_word' id='word_1_458' title='bbox 513 2142 719 2181; x_wconf 83' lang='lat' dir='ltr'>ingemueris,</span> <span class='ocrx_word' id='word_1_459' title='bbox 752 2140 939 2170; x_wconf 72' lang='lat' dir='ltr'>salvaverist</span> <span class='ocrx_word' id='word_1_460' title='bbox 969 2144 1001 2171; x_wconf 91' lang='lat' dir='ltr'>et</span> <span class='ocrx_word' id='word_1_461' title='bbox 1024 2141 1127 2171; x_wconf 81' lang='lat' dir='ltr'>adhuc</span> <span class='ocrx_word' id='word_1_462' title='bbox 1158 2145 1189 2171; x_wconf 86' lang='lat' dir='ltr'>te</span> <span class='ocrx_word' id='word_1_463' title='bbox 1212 2141 1363 2182; x_wconf 85' lang='lat' dir='ltr'>loquente</span> <span class='ocrx_word' id='word_1_464' title='bbox 1388 2140 1506 2171; x_wconf 84' lang='lat' dir='ltr'>dicam:</span> <span class='ocrx_word' id='word_1_465' title='bbox 1538 2139 1622 2171; x_wconf 83' lang='lat' dir='ltr'>Ecce</span> <span class='ocrx_word' id='word_1_466' title='bbox 1647 2145 1787 2178; x_wconf 72' lang='lat' dir='ltr'>assumu,</span> <span class='ocrx_word' id='word_1_467' title='bbox 1816 2141 1860 2171; x_wconf 85' lang='lat' dir='ltr'>ita</span> <span class='ocrx_word' id='word_1_468' title='bbox 1884 2150 1960 2171; x_wconf 88' lang='lat' dir='ltr'>vero</span> <span class='ocrx_word' id='word_1_469' title='bbox 1990 2141 2023 2170; x_wconf 90' lang='lat' dir='ltr'>in</span> 
     </span>
     <span class='ocr_line' id='line_1_48' title="bbox 377 2192 2022 2233; baseline -0.001 -10"><span class='ocrx_word' id='word_1_470' title='bbox 377 2193 497 2223; x_wconf 87' lang='lat' dir='ltr'>scelere</span> <span class='ocrx_word' id='word_1_471' title='bbox 522 2193 619 2233; x_wconf 89' lang='lat' dir='ltr'>impio</span> <span class='ocrx_word' id='word_1_472' title='bbox 636 2192 837 2223; x_wconf 83' lang='lat' dir='ltr'>manentibus</span> <span class='ocrx_word' id='word_1_473' title='bbox 861 2192 1073 2222; x_wconf 85' lang='lat' dir='ltr'>miserendum</span> <span class='ocrx_word' id='word_1_474' title='bbox 1097 2203 1160 2223; x_wconf 92' lang='lat' dir='ltr'>non</span> <span class='ocrx_word' id='word_1_475' title='bbox 1178 2196 1235 2231; x_wconf 82' lang='lat' dir='ltr'>est,</span> <span class='ocrx_word' id='word_1_476' title='bbox 1256 2193 1406 2233; x_wconf 87' lang='lat' dir='ltr'>quoniam</span> <span class='ocrx_word' id='word_1_477' title='bbox 1430 2192 1683 2222; x_wconf 89' lang='lat' dir='ltr'>misericordiam</span> <span class='ocrx_word' id='word_1_478' title='bbox 1700 2192 1841 2233; x_wconf 88' lang='lat' dir='ltr'>aliquam</span> <span class='ocrx_word' id='word_1_479' title='bbox 1857 2192 2022 2222; x_wconf 88' lang='lat' dir='ltr'>vobiscum</span> 
     </span>
    </p>
   </div>
   <div class='ocr_carea' id='block_1_10' title="bbox 484 2242 1919 2258">
    <p class='ocr_par' dir='ltr' id='par_1_10' title="bbox 484 2242 1919 2258">
     <span class='ocr_line' id='line_1_49' title="bbox 484 2242 1919 2258; baseline 0 0"><span class='ocrx_word' id='word_1_480' title='bbox 484 2242 1919 2258; x_wconf 95' lang='lat' dir='ltr'> </span> 
     </span>
    </p>
   </div>
   <div class='ocr_carea' id='block_1_11' title="bbox 378 2277 2024 2440">
    <p class='ocr_par' dir='ltr' id='par_1_11' title="bbox 378 2277 2024 2440">
     <span class='ocr_line' id='line_1_50' title="bbox 480 2277 2021 2310; baseline 0.001 -8"><span class='ocrx_word' id='word_1_481' title='bbox 480 2278 520 2303; x_wconf 66' lang='lat'>42.</span> <span class='ocrx_word' id='word_1_482' title='bbox 550 2277 573 2310; x_wconf 79' lang='lat' dir='ltr'>a)</span> <span class='ocrx_word' id='word_1_483' title='bbox 597 2287 663 2303; x_wconf 81' lang='lat' dir='ltr'>corr.</span> <span class='ocrx_word' id='word_1_484' title='bbox 688 2287 717 2302; x_wconf 65' lang='lat' dir='ltr'>ea:</span> <span class='ocrx_word' id='word_1_485' title='bbox 740 2279 834 2303; x_wconf 77' lang='lat' dir='ltr'>relictis</span> <span class='ocrx_word' id='word_1_486' title='bbox 857 2279 891 2302; x_wconf 79' lang='lat' dir='ltr'>al.</span> <span class='ocrx_word' id='word_1_487' title='bbox 916 2287 984 2302; x_wconf 69' lang='grc' dir='ltr'>Ἠιιιη.</span> <span class='ocrx_word' id='word_1_488' title='bbox 1008 2278 1039 2303; x_wconf 76' lang='lat' dir='ltr'>R.</span> <span class='ocrx_word' id='word_1_489' title='bbox 1150 2277 1174 2310; x_wconf 85' lang='lat' dir='ltr'>b)</span> <span class='ocrx_word' id='word_1_490' title='bbox 1197 2279 1304 2310; x_wconf 81' lang='lat' dir='ltr'>afflicgit</span> <span class='ocrx_word' id='word_1_491' title='bbox 1327 2287 1393 2303; x_wconf 82' lang='lat' dir='ltr'>corr.</span> <span class='ocrx_word' id='word_1_492' title='bbox 1413 2286 1443 2302; x_wconf 64' lang='lat' dir='ltr'>eat</span> <span class='ocrx_word' id='word_1_493' title='bbox 1465 2278 1554 2302; x_wconf 72' lang='lat' dir='ltr'>afflicti</span> <span class='ocrx_word' id='word_1_494' title='bbox 1578 2278 1613 2302; x_wconf 80' lang='lat' dir='ltr'>al.</span> <span class='ocrx_word' id='word_1_495' title='bbox 1637 2287 1705 2302; x_wconf 79' lang='lat' dir='ltr'>man.</span> <span class='ocrx_word' id='word_1_496' title='bbox 1729 2278 1760 2302; x_wconf 78' lang='lat' dir='ltr'>R.</span> <span class='ocrx_word' id='word_1_497' title='bbox 1875 2277 1898 2310; x_wconf 76' lang='lat'>0)</span> <span class='ocrx_word' id='word_1_498' title='bbox 1920 2280 1966 2308; x_wconf 49' lang='grc' dir='ltr'>ἦ</span> <span class='ocrx_word' id='word_1_499' title='bbox 1990 2278 2021 2304; x_wconf 74' lang='lat' dir='ltr'>B.</span> 
     </span>
     <span class='ocr_line' id='line_1_51' title="bbox 378 2314 2022 2354; baseline 0 -8"><span class='ocrx_word' id='word_1_500' title='bbox 378 2321 403 2350; x_wconf 83' lang='lat' dir='ltr'>d)</span> <span class='ocrx_word' id='word_1_501' title='bbox 423 2331 454 2347; x_wconf 82' lang='lat' dir='ltr'>ex</span> <span class='ocrx_word' id='word_1_502' title='bbox 474 2322 505 2346; x_wconf 65' lang='grc' dir='ltr'>Β.</span> <span class='ocrx_word' id='word_1_503' title='bbox 583 2321 606 2352; x_wconf 74' lang='grc' dir='ltr'>Ε)</span> <span class='ocrx_word' id='word_1_504' title='bbox 626 2330 691 2346; x_wconf 78' lang='lat' dir='ltr'>corr.</span> <span class='ocrx_word' id='word_1_505' title='bbox 705 2330 735 2346; x_wconf 67' lang='lat' dir='ltr'>eac</span> <span class='ocrx_word' id='word_1_506' title='bbox 753 2322 844 2345; x_wconf 87' lang='lat' dir='ltr'>mirum</span> <span class='ocrx_word' id='word_1_507' title='bbox 864 2321 898 2345; x_wconf 81' lang='lat' dir='ltr'>al.</span> <span class='ocrx_word' id='word_1_508' title='bbox 914 2330 981 2345; x_wconf 80' lang='lat' dir='ltr'>man.</span> <span class='ocrx_word' id='word_1_509' title='bbox 1002 2321 1033 2345; x_wconf 79' lang='lat' dir='ltr'>R.</span> <span class='ocrx_word' id='word_1_510' title='bbox 1107 2320 1126 2351; x_wconf 74' lang='lat' dir='ltr'>f)</span> <span class='ocrx_word' id='word_1_511' title='bbox 1146 2314 1178 2354; x_wconf 63' lang='lat' dir='ltr'>[sd</span> <span class='ocrx_word' id='word_1_512' title='bbox 1198 2322 1227 2346; x_wconf 80' lang='lat' dir='ltr'>R.</span> <span class='ocrx_word' id='word_1_513' title='bbox 1304 2322 1328 2353; x_wconf 75' lang='grc' dir='ltr'>Β)</span> <span class='ocrx_word' id='word_1_514' title='bbox 1348 2330 1400 2346; x_wconf 69' lang='lat' dir='ltr'>‹ev-</span> <span class='ocrx_word' id='word_1_515' title='bbox 1419 2321 1447 2345; x_wconf 75' lang='lat' dir='ltr'>in</span> <span class='ocrx_word' id='word_1_516' title='bbox 1465 2330 1518 2345; x_wconf 74' lang='lat' dir='ltr'>ras.</span> <span class='ocrx_word' id='word_1_517' title='bbox 1538 2321 1570 2345; x_wconf 76' lang='lat' dir='ltr'>B.</span> <span class='ocrx_word' id='word_1_518' title='bbox 1645 2320 1670 2353; x_wconf 86' lang='lat' dir='ltr'>h)</span> <span class='ocrx_word' id='word_1_519' title='bbox 1690 2322 1828 2346; x_wconf 74' lang='lat' dir='ltr'>secandum</span> <span class='ocrx_word' id='word_1_520' title='bbox 1847 2326 1857 2347; x_wconf 82' lang='lat' dir='ltr'>t</span> <span class='ocrx_word' id='word_1_521' title='bbox 1874 2322 1900 2346; x_wconf 77' lang='lat' dir='ltr'>in</span> <span class='ocrx_word' id='word_1_522' title='bbox 1918 2331 1971 2347; x_wconf 78' lang='lat' dir='ltr'>ras.</span> <span class='ocrx_word' id='word_1_523' title='bbox 1991 2322 2022 2346; x_wconf 83' lang='lat' dir='ltr'>R.</span> 
     </span>
     <span class='ocr_line' id='line_1_52' title="bbox 378 2363 2023 2397; baseline 0.001 -8"><span class='ocrx_word' id='word_1_524' title='bbox 378 2365 397 2397; x_wconf 78' lang='lat' dir='ltr'>i)</span> <span class='ocrx_word' id='word_1_525' title='bbox 416 2366 544 2397; x_wconf 51' lang='lat' dir='ltr'>§cipimus</span> <span class='ocrx_word' id='word_1_526' title='bbox 562 2364 594 2389; x_wconf 78' lang='lat' dir='ltr'>R.</span> <span class='ocrx_word' id='word_1_527' title='bbox 670 2363 695 2395; x_wconf 75' lang='lat'>¹⁴¹)</span> <span class='ocrx_word' id='word_1_528' title='bbox 714 2373 737 2396; x_wconf 65' lang='grc' dir='ltr'>(μ</span> <span class='ocrx_word' id='word_1_529' title='bbox 757 2373 823 2389; x_wconf 77' lang='lat' dir='ltr'>corr.</span> <span class='ocrx_word' id='word_1_530' title='bbox 837 2373 867 2389; x_wconf 64' lang='lat' dir='ltr'>eat</span> <span class='ocrx_word' id='word_1_531' title='bbox 886 2373 934 2395; x_wconf 85' lang='lat' dir='ltr'>que</span> <span class='ocrx_word' id='word_1_532' title='bbox 954 2364 985 2389; x_wconf 84' lang='lat' dir='ltr'>R.</span> <span class='ocrx_word' id='word_1_533' title='bbox 1063 2363 1080 2395; x_wconf 87' lang='lat'>¹)</span> <span class='ocrx_word' id='word_1_534' title='bbox 1099 2365 1146 2389; x_wconf 84' lang='lat' dir='ltr'>ad·</span> <span class='ocrx_word' id='word_1_535' title='bbox 1166 2374 1232 2390; x_wconf 75' lang='lat' dir='ltr'>corr.</span> <span class='ocrx_word' id='word_1_536' title='bbox 1246 2374 1276 2389; x_wconf 69' lang='lat' dir='ltr'>ex</span> <span class='ocrx_word' id='word_1_537' title='bbox 1294 2373 1351 2390; x_wconf 82' lang='lat' dir='ltr'>am-</span> <span class='ocrx_word' id='word_1_538' title='bbox 1370 2364 1402 2389; x_wconf 75' lang='grc' dir='ltr'>Ιῗ.</span> <span class='ocrx_word' id='word_1_539' title='bbox 1472 2365 1504 2394; x_wconf 85' lang='lat' dir='ltr'>m)</span> <span class='ocrx_word' id='word_1_540' title='bbox 1526 2373 1596 2389; x_wconf 85' lang='lat' dir='ltr'>-mos</span> <span class='ocrx_word' id='word_1_541' title='bbox 1615 2373 1681 2389; x_wconf 81' lang='lat' dir='ltr'>corr.</span> <span class='ocrx_word' id='word_1_542' title='bbox 1695 2373 1726 2389; x_wconf 70' lang='lat' dir='ltr'>ex</span> <span class='ocrx_word' id='word_1_543' title='bbox 1743 2373 1814 2389; x_wconf 88' lang='lat' dir='ltr'>-mus</span> <span class='ocrx_word' id='word_1_544' title='bbox 1832 2364 1864 2389; x_wconf 84' lang='lat' dir='ltr'>R.</span> <span class='ocrx_word' id='word_1_545' title='bbox 1939 2365 1964 2397; x_wconf 78' lang='lat'>¹1)</span> <span class='ocrx_word' id='word_1_546' title='bbox 1984 2370 2023 2390; x_wconf 87' lang='lat' dir='ltr'>-to</span> 
     </span>
     <span class='ocr_line' id='line_1_53' title="bbox 380 2406 2024 2440; baseline 0.001 -8"><span class='ocrx_word' id='word_1_547' title='bbox 380 2417 446 2433; x_wconf 76' lang='lat' dir='ltr'>corr.</span> <span class='ocrx_word' id='word_1_548' title='bbox 466 2417 495 2433; x_wconf 65' lang='lat' dir='ltr'>ca:</span> <span class='ocrx_word' id='word_1_549' title='bbox 514 2412 555 2432; x_wconf 86' lang='lat' dir='ltr'>-tu</span> <span class='ocrx_word' id='word_1_550' title='bbox 575 2408 605 2432; x_wconf 80' lang='lat' dir='ltr'>R.</span> <span class='ocrx_word' id='word_1_551' title='bbox 696 2407 720 2439; x_wconf 76' lang='grc' dir='ltr'>ο)</span> <span class='ocrx_word' id='word_1_552' title='bbox 742 2408 816 2433; x_wconf 79' lang='lat' dir='ltr'>etiam</span> <span class='ocrx_word' id='word_1_553' title='bbox 836 2416 902 2432; x_wconf 78' lang='lat' dir='ltr'>corr.</span> <span class='ocrx_word' id='word_1_554' title='bbox 926 2416 955 2432; x_wconf 55' lang='lat' dir='ltr'>ea:</span> <span class='ocrx_word' id='word_1_555' title='bbox 978 2411 1003 2431; x_wconf 90' lang='lat' dir='ltr'>et</span> <span class='ocrx_word' id='word_1_556' title='bbox 1019 2406 1022 2438; x_wconf 95' lang='grc' dir='ltr'>Ι</span> <span class='ocrx_word' id='word_1_557' title='bbox 1039 2408 1088 2431; x_wconf 80' lang='lat' dir='ltr'>iam</span> <span class='ocrx_word' id='word_1_558' title='bbox 1115 2408 1148 2432; x_wconf 83' lang='lat' dir='ltr'>al.</span> <span class='ocrx_word' id='word_1_559' title='bbox 1172 2416 1240 2433; x_wconf 79' lang='lat' dir='ltr'>man.</span> <span class='ocrx_word' id='word_1_560' title='bbox 1260 2408 1291 2432; x_wconf 82' lang='lat' dir='ltr'>R.</span> <span class='ocrx_word' id='word_1_561' title='bbox 1388 2407 1412 2438; x_wconf 76' lang='grc' dir='ltr'>Ρ)</span> <span class='ocrx_word' id='word_1_562' title='bbox 1435 2411 1459 2432; x_wconf 81' lang='lat' dir='ltr'>et</span> <span class='ocrx_word' id='word_1_563' title='bbox 1481 2408 1646 2436; x_wconf 82' lang='lat' dir='ltr'>desiderium;</span> <span class='ocrx_word' id='word_1_564' title='bbox 1669 2407 1761 2432; x_wconf 71' lang='lat' dir='ltr'>eaecz&#39;dit</span> <span class='ocrx_word' id='word_1_565' title='bbox 1783 2407 1850 2440; x_wconf 76' lang='lat' dir='ltr'>forte</span> <span class='ocrx_word' id='word_1_566' title='bbox 1873 2412 1961 2433; x_wconf 89' lang='lat' dir='ltr'>votum</span> <span class='ocrx_word' id='word_1_567' title='bbox 1985 2410 2024 2433; x_wconf 81' lang='lat' dir='ltr'>vel</span> 
     </span>
    </p>
   </div>
   <div class='ocr_carea' id='block_1_12' title="bbox 378 2449 2023 2526">
    <p class='ocr_par' dir='ltr' id='par_1_12' title="bbox 378 2449 2023 2526">
     <span class='ocr_line' id='line_1_54' title="bbox 378 2449 2023 2482; baseline 0 -7"><span class='ocrx_word' id='word_1_568' title='bbox 378 2452 459 2476; x_wconf 70' lang='lat' dir='ltr'>simile</span> <span class='ocrx_word' id='word_1_569' title='bbox 484 2451 545 2482; x_wconf 72' lang='lat' dir='ltr'>quid</span> <span class='ocrx_word' id='word_1_570' title='bbox 568 2451 599 2475; x_wconf 83' lang='lat' dir='ltr'>R.</span> <span class='ocrx_word' id='word_1_571' title='bbox 717 2450 740 2478; x_wconf 67' lang='grc'>(1)</span> <span class='ocrx_word' id='word_1_572' title='bbox 766 2451 789 2475; x_wconf 84' lang='lat' dir='ltr'>id</span> <span class='ocrx_word' id='word_1_573' title='bbox 812 2450 844 2475; x_wconf 76' lang='lat' dir='ltr'>B.</span> <span class='ocrx_word' id='word_1_574' title='bbox 958 2450 978 2481; x_wconf 85' lang='lat' dir='ltr'>r)</span> <span class='ocrx_word' id='word_1_575' title='bbox 997 2450 1063 2474; x_wconf 58' lang='lat' dir='ltr'>‘inter</span> <span class='ocrx_word' id='word_1_576' title='bbox 1081 2459 1094 2475; x_wconf 90' lang='lat' dir='ltr'>e</span> <span class='ocrx_word' id='word_1_577' title='bbox 1117 2456 1138 2475; x_wconf 75' lang='grc' dir='ltr'>ει</span> <span class='ocrx_word' id='word_1_578' title='bbox 1161 2456 1183 2482; x_wconf 75' lang='lat' dir='ltr'>t,</span> <span class='ocrx_word' id='word_1_579' title='bbox 1205 2459 1219 2476; x_wconf 90' lang='lat' dir='ltr'>e</span> <span class='ocrx_word' id='word_1_580' title='bbox 1237 2460 1302 2475; x_wconf 77' lang='lat' dir='ltr'>eras.</span> <span class='ocrx_word' id='word_1_581' title='bbox 1322 2451 1353 2475; x_wconf 81' lang='lat' dir='ltr'>R.</span> <span class='ocrx_word' id='word_1_582' title='bbox 1466 2449 1487 2482; x_wconf 79' lang='lat' dir='ltr'>s)</span> <span class='ocrx_word' id='word_1_583' title='bbox 1508 2451 1623 2482; x_wconf 79' lang='lat' dir='ltr'>primum</span> <span class='ocrx_word' id='word_1_584' title='bbox 1646 2459 1657 2474; x_wconf 89' lang='lat' dir='ltr'>s</span> <span class='ocrx_word' id='word_1_585' title='bbox 1683 2450 1744 2475; x_wconf 77' lang='lat' dir='ltr'>add.</span> <span class='ocrx_word' id='word_1_586' title='bbox 1769 2458 1849 2482; x_wconf 76' lang='lat' dir='ltr'>supra</span> <span class='ocrx_word' id='word_1_587' title='bbox 1874 2451 1968 2476; x_wconf 72' lang='lat' dir='ltr'>lineam</span> <span class='ocrx_word' id='word_1_588' title='bbox 1992 2451 2023 2476; x_wconf 82' lang='lat' dir='ltr'>R.</span> 
     </span>
     <span class='ocr_line' id='line_1_55' title="bbox 379 2493 1544 2526; baseline -0.001 -8"><span class='ocrx_word' id='word_1_589' title='bbox 379 2493 398 2521; x_wconf 48' lang='grc' dir='ltr'>(ἢ</span> <span class='ocrx_word' id='word_1_590' title='bbox 412 2495 527 2526; x_wconf 76' lang='lat' dir='ltr'>primum</span> <span class='ocrx_word' id='word_1_591' title='bbox 546 2503 561 2517; x_wconf 89' lang='lat' dir='ltr'>v</span> <span class='ocrx_word' id='word_1_592' title='bbox 581 2502 646 2518; x_wconf 78' lang='lat' dir='ltr'>corr.</span> <span class='ocrx_word' id='word_1_593' title='bbox 666 2495 692 2518; x_wconf 79' lang='lat' dir='ltr'>in</span> <span class='ocrx_word' id='word_1_594' title='bbox 712 2494 727 2518; x_wconf 90' lang='lat' dir='ltr'>b</span> <span class='ocrx_word' id='word_1_595' title='bbox 746 2498 767 2518; x_wconf 76' lang='lat' dir='ltr'>e!</span> <span class='ocrx_word' id='word_1_596' title='bbox 787 2494 878 2518; x_wconf 75' lang='lat' dir='ltr'>ilerum</span> <span class='ocrx_word' id='word_1_597' title='bbox 897 2494 922 2517; x_wconf 79' lang='lat' dir='ltr'>in</span> <span class='ocrx_word' id='word_1_598' title='bbox 942 2502 956 2516; x_wconf 93' lang='lat' dir='ltr'>v</span> <span class='ocrx_word' id='word_1_599' title='bbox 977 2493 1008 2517; x_wconf 79' lang='lat' dir='ltr'>B.</span> <span class='ocrx_word' id='word_1_600' title='bbox 1095 2494 1120 2523; x_wconf 80' lang='lat'>¹²)</span> <span class='ocrx_word' id='word_1_601' title='bbox 1141 2502 1205 2518; x_wconf 80' lang='lat' dir='ltr'>corr.</span> <span class='ocrx_word' id='word_1_602' title='bbox 1225 2502 1255 2518; x_wconf 69' lang='lat' dir='ltr'>ex</span> <span class='ocrx_word' id='word_1_603' title='bbox 1273 2495 1362 2518; x_wconf 87' lang='lat' dir='ltr'>adsum</span> <span class='ocrx_word' id='word_1_604' title='bbox 1381 2494 1417 2518; x_wconf 83' lang='lat' dir='ltr'>al.</span> <span class='ocrx_word' id='word_1_605' title='bbox 1430 2502 1499 2518; x_wconf 78' lang='lat' dir='ltr'>man.</span> <span class='ocrx_word' id='word_1_606' title='bbox 1513 2493 1544 2517; x_wconf 80' lang='lat' dir='ltr'>R.</span> 
     </span>
    </p>
   </div>
   <div class='ocr_carea' id='block_1_13' title="bbox 377 2550 2025 2714">
    <p class='ocr_par' dir='ltr' id='par_1_13' title="bbox 377 2550 2025 2714">
     <span class='ocr_line' id='line_1_56' title="bbox 482 2550 2025 2585; baseline -0.002 -6"><span class='ocrx_word' id='word_1_607' title='bbox 482 2554 508 2583; x_wconf 75' lang='lat'>1)</span> <span class='ocrx_word' id='word_1_608' title='bbox 529 2552 709 2578; x_wconf 67' lang='lat' dir='ltr'>Athanasium</span> <span class='ocrx_word' id='word_1_609' title='bbox 729 2552 767 2578; x_wconf 85' lang='lat'>11.</span> <span class='ocrx_word' id='word_1_610' title='bbox 805 2551 844 2583; x_wconf 77' lang='lat' dir='ltr'>Cf.</span> <span class='ocrx_word' id='word_1_611' title='bbox 864 2560 890 2577; x_wconf 70' lang='lat' dir='ltr'>u.</span> <span class='ocrx_word' id='word_1_612' title='bbox 903 2555 926 2584; x_wconf 83' lang='lat'>6,</span> <span class='ocrx_word' id='word_1_613' title='bbox 941 2560 969 2584; x_wconf 79' lang='lat' dir='ltr'>p.</span> <span class='ocrx_word' id='word_1_614' title='bbox 982 2555 997 2577; x_wconf 84' lang='lat'><strong><em>5</em></strong></span> <span class='ocrx_word' id='word_1_615' title='bbox 1015 2554 1105 2577; x_wconf 73' lang='lat' dir='ltr'>annot.</span> <span class='ocrx_word' id='word_1_616' title='bbox 1120 2557 1140 2578; x_wconf 88' lang='lat'>1.</span> <span class='ocrx_word' id='word_1_617' title='bbox 1228 2553 1254 2585; x_wconf 74' lang='lat'>2)</span> <span class='ocrx_word' id='word_1_618' title='bbox 1274 2552 1298 2578; x_wconf 90' lang='grc' dir='ltr'>Ι.</span> <span class='ocrx_word' id='word_1_619' title='bbox 1313 2560 1332 2578; x_wconf 76' lang='lat' dir='ltr'>e.</span> <span class='ocrx_word' id='word_1_620' title='bbox 1352 2552 1383 2577; x_wconf 75' lang='lat' dir='ltr'>in</span> <span class='ocrx_word' id='word_1_621' title='bbox 1403 2551 1491 2577; x_wconf 74' lang='lat' dir='ltr'>Coena</span> <span class='ocrx_word' id='word_1_622' title='bbox 1510 2551 1636 2583; x_wconf 68' lang='lat' dir='ltr'>Domini,</span> <span class='ocrx_word' id='word_1_623' title='bbox 1661 2551 1686 2578; x_wconf 83' lang='lat' dir='ltr'>d.</span> <span class='ocrx_word' id='word_1_624' title='bbox 1700 2556 1723 2577; x_wconf 78' lang='lat'>4.</span> <span class='ocrx_word' id='word_1_625' title='bbox 1737 2559 1810 2584; x_wconf 64' lang='lat' dir='ltr'>apr„</span> <span class='ocrx_word' id='word_1_626' title='bbox 1834 2551 1917 2576; x_wconf 74' lang='lat' dir='ltr'>tribus</span> <span class='ocrx_word' id='word_1_627' title='bbox 1935 2550 2025 2576; x_wconf 76' lang='lat' dir='ltr'>diebus</span> 
     </span>
     <span class='ocr_line' id='line_1_57' title="bbox 379 2593 2023 2628; baseline -0.001 -8"><span class='ocrx_word' id='word_1_628' title='bbox 379 2599 441 2622; x_wconf 71' lang='lat' dir='ltr'>ante</span> <span class='ocrx_word' id='word_1_629' title='bbox 454 2595 537 2628; x_wconf 66' lang='lat' dir='ltr'>Serffl&#39;i&#39;</span> <span class='ocrx_word' id='word_1_630' title='bbox 551 2595 671 2628; x_wconf 60' lang='lat' dir='ltr'>massislri</span> <span class='ocrx_word' id='word_1_631' title='bbox 684 2595 794 2620; x_wconf 75' lang='lat' dir='ltr'>militum</span> <span class='ocrx_word' id='word_1_632' title='bbox 811 2595 953 2627; x_wconf 80' lang='lat' dir='ltr'>epistolam,</span> <span class='ocrx_word' id='word_1_633' title='bbox 972 2594 1006 2625; x_wconf 80' lang='lat' dir='ltr'>ef.</span> <span class='ocrx_word' id='word_1_634' title='bbox 1025 2602 1051 2620; x_wconf 71' lang='lat' dir='ltr'>n.</span> <span class='ocrx_word' id='word_1_635' title='bbox 1065 2599 1106 2626; x_wconf 79' lang='lat'>41,</span> <span class='ocrx_word' id='word_1_636' title='bbox 1122 2603 1150 2627; x_wconf 77' lang='lat'>1).</span> <span class='ocrx_word' id='word_1_637' title='bbox 1161 2598 1192 2620; x_wconf 76' lang='grc'>39</span> <span class='ocrx_word' id='word_1_638' title='bbox 1211 2596 1226 2621; x_wconf 82' lang='lat' dir='ltr'>l.</span> <span class='ocrx_word' id='word_1_639' title='bbox 1240 2599 1278 2621; x_wconf 72' lang='grc'>22,</span> <span class='ocrx_word' id='word_1_640' title='bbox 1367 2596 1393 2627; x_wconf 80' lang='lat'>3)</span> <span class='ocrx_word' id='word_1_641' title='bbox 1416 2594 1454 2626; x_wconf 80' lang='lat' dir='ltr'>Cf.</span> <span class='ocrx_word' id='word_1_642' title='bbox 1468 2603 1495 2620; x_wconf 67' lang='grc' dir='ltr'>η.</span> <span class='ocrx_word' id='word_1_643' title='bbox 1507 2598 1529 2621; x_wconf 86' lang='grc'>6.</span> <span class='ocrx_word' id='word_1_644' title='bbox 1617 2595 1644 2627; x_wconf 90' lang='grc'>4)</span> <span class='ocrx_word' id='word_1_645' title='bbox 1663 2594 1723 2620; x_wconf 84' lang='lat' dir='ltr'>Hoc</span> <span class='ocrx_word' id='word_1_646' title='bbox 1740 2594 1787 2620; x_wconf 77' lang='lat' dir='ltr'>iter</span> <span class='ocrx_word' id='word_1_647' title='bbox 1801 2593 2023 2626; x_wconf 71' lang='lat' dir='ltr'>Neapolitanum,</span> 
     </span>
     <span class='ocr_line' id='line_1_58' title="bbox 377 2636 2016 2671; baseline -0.001 -7"><span class='ocrx_word' id='word_1_648' title='bbox 377 2639 452 2664; x_wconf 74' lang='lat' dir='ltr'>cuius</span> <span class='ocrx_word' id='word_1_649' title='bbox 472 2639 524 2663; x_wconf 74' lang='lat' dir='ltr'>iam</span> <span class='ocrx_word' id='word_1_650' title='bbox 543 2638 658 2663; x_wconf 68' lang='lat' dir='ltr'>memmit</span> <span class='ocrx_word' id='word_1_651' title='bbox 677 2638 707 2663; x_wconf 71' lang='grc' dir='ltr'>τῖη</span> <span class='ocrx_word' id='word_1_652' title='bbox 725 2646 752 2663; x_wconf 74' lang='grc' dir='ltr'>η.</span> <span class='ocrx_word' id='word_1_653' title='bbox 767 2642 807 2668; x_wconf 69' lang='grc'>34,</span> <span class='ocrx_word' id='word_1_654' title='bbox 826 2638 856 2662; x_wconf 79' lang='lat' dir='ltr'>in</span> <span class='ocrx_word' id='word_1_655' title='bbox 873 2645 958 2662; x_wconf 69' lang='lat' dir='ltr'>meme</span> <span class='ocrx_word' id='word_1_656' title='bbox 974 2637 1101 2661; x_wconf 65' lang='lat' dir='ltr'>ianam-io</span> <span class='ocrx_word' id='word_1_657' title='bbox 1113 2637 1239 2663; x_wconf 63' lang='lat' dir='ltr'>accidisse</span> <span class='ocrx_word' id='word_1_658' title='bbox 1253 2638 1314 2663; x_wconf 74' lang='lat' dir='ltr'>bene</span> <span class='ocrx_word' id='word_1_659' title='bbox 1327 2637 1414 2663; x_wconf 74' lang='lat' dir='ltr'>docuit</span> <span class='ocrx_word' id='word_1_660' title='bbox 1428 2638 1505 2669; x_wconf 73' lang='lat' dir='ltr'>Ja-sl&#39;c&#39;</span> <span class='ocrx_word' id='word_1_661' title='bbox 1519 2637 1542 2669; x_wconf 87' lang='lat' dir='ltr'>I,</span> <span class='ocrx_word' id='word_1_662' title='bbox 1560 2641 1609 2663; x_wconf 75' lang='grc'>39]</span> <span class='ocrx_word' id='word_1_663' title='bbox 1628 2637 1716 2671; x_wconf 70' lang='grc'><em>(1266),·</em></span> <span class='ocrx_word' id='word_1_664' title='bbox 1736 2636 1853 2669; x_wconf 70' lang='lat' dir='ltr'>Lapdtre</span> <span class='ocrx_word' id='word_1_665' title='bbox 1872 2637 1886 2663; x_wconf 79' lang='lat' dir='ltr'>l.</span> <span class='ocrx_word' id='word_1_666' title='bbox 1902 2636 1916 2662; x_wconf 78' lang='lat' dir='ltr'>l.</span> <span class='ocrx_word' id='word_1_667' title='bbox 1932 2644 1959 2668; x_wconf 75' lang='lat' dir='ltr'>p.</span> <span class='ocrx_word' id='word_1_668' title='bbox 1972 2639 2016 2662; x_wconf 87' lang='grc'>311</span> 
     </span>
     <span class='ocr_line' id='line_1_59' title="bbox 378 2679 2016 2714; baseline -0.001 -8"><span class='ocrx_word' id='word_1_669' title='bbox 378 2684 471 2707; x_wconf 74' lang='lat' dir='ltr'>annot.</span> <span class='ocrx_word' id='word_1_670' title='bbox 486 2686 498 2706; x_wconf 88' lang='lat'><em>1</em></span> <span class='ocrx_word' id='word_1_671' title='bbox 512 2689 651 2714; x_wconf 71' lang='lat' dir='ltr'>perperam</span> <span class='ocrx_word' id='word_1_672' title='bbox 667 2681 697 2705; x_wconf 76' lang='grc' dir='ltr'>ιἰη</span> <span class='ocrx_word' id='word_1_673' title='bbox 713 2680 822 2706; x_wconf 68' lang='lat' dir='ltr'>dubium</span> <span class='ocrx_word' id='word_1_674' title='bbox 839 2683 946 2705; x_wconf 68' lang='lat' dir='ltr'>revocat.</span> <span class='ocrx_word' id='word_1_675' title='bbox 1028 2680 1054 2711; x_wconf 82' lang='lat'>5)</span> <span class='ocrx_word' id='word_1_676' title='bbox 1075 2679 1152 2712; x_wconf 73' lang='lat' dir='ltr'>Quod</span> <span class='ocrx_word' id='word_1_677' title='bbox 1169 2680 1314 2705; x_wconf 73' lang='lat' dir='ltr'>secundnm</span> <span class='ocrx_word' id='word_1_678' title='bbox 1330 2681 1437 2706; x_wconf 66' lang='lat' dir='ltr'>Petram</span> <span class='ocrx_word' id='word_1_679' title='bbox 1455 2680 1573 2706; x_wconf 67' lang='lat' dir='ltr'>subdiac.</span> <span class='ocrx_word' id='word_1_680' title='bbox 1588 2680 1666 2706; x_wconf 75' lang='lat' dir='ltr'>Gesta</span> <span class='ocrx_word' id='word_1_681' title='bbox 1685 2680 1761 2713; x_wconf 78' lang='lat' dir='ltr'>episc.</span> <span class='ocrx_word' id='word_1_682' title='bbox 1776 2679 1859 2712; x_wconf 78' lang='lat' dir='ltr'>Neap.</span> <span class='ocrx_word' id='word_1_683' title='bbox 1879 2687 1899 2706; x_wconf 79' lang='grc' dir='ltr'>ο.</span> <span class='ocrx_word' id='word_1_684' title='bbox 1916 2683 1947 2705; x_wconf 77' lang='grc'>66</span> <span class='ocrx_word' id='word_1_685' title='bbox 1967 2679 2016 2713; x_wconf 75' lang='lat' dir='ltr'>(ed.</span> 
     </span>
    </p>
   </div>
   <div class='ocr_carea' id='block_1_14' title="bbox 381 2722 2059 2757">
    <p class='ocr_par' dir='ltr' id='par_1_14' title="bbox 381 2722 2059 2757">
     <span class='ocr_line' id='line_1_60' title="bbox 381 2722 2059 2757; baseline 0 -9"><span class='ocrx_word' id='word_1_686' title='bbox 381 2724 448 2750; x_wconf 75' lang='lat' dir='ltr'>MG.</span> <span class='ocrx_word' id='word_1_687' title='bbox 463 2724 518 2750; x_wconf 80' lang='lat' dir='ltr'>Ser.</span> <span class='ocrx_word' id='word_1_688' title='bbox 537 2732 585 2749; x_wconf 66' lang='lat' dir='ltr'>rer.</span> <span class='ocrx_word' id='word_1_689' title='bbox 604 2724 693 2757; x_wconf 68' lang='lat' dir='ltr'>Lcmy.</span> <span class='ocrx_word' id='word_1_690' title='bbox 710 2732 737 2756; x_wconf 76' lang='lat'>11-</span> <span class='ocrx_word' id='word_1_691' title='bbox 751 2724 809 2756; x_wconf 68' lang='lat'>436)</span> <span class='ocrx_word' id='word_1_692' title='bbox 830 2724 858 2748; x_wconf 78' lang='lat' dir='ltr'>in</span> <span class='ocrx_word' id='word_1_693' title='bbox 877 2723 982 2748; x_wconf 74' lang='lat' dir='ltr'>ecclesia</span> <span class='ocrx_word' id='word_1_694' title='bbox 1001 2731 1020 2748; x_wconf 68' lang='lat' dir='ltr'>S.</span> <span class='ocrx_word' id='word_1_695' title='bbox 1035 2722 1161 2755; x_wconf 64' lang='grc' dir='ltr'>Ναεανίί,</span> <span class='ocrx_word' id='word_1_696' title='bbox 1189 2724 1216 2747; x_wconf 71' lang='lat' dir='ltr'>in</span> <span class='ocrx_word' id='word_1_697' title='bbox 1236 2723 1289 2748; x_wconf 77' lang='lat' dir='ltr'>loco</span> <span class='ocrx_word' id='word_1_698' title='bbox 1306 2723 1366 2755; x_wconf 79' lang='lat' dir='ltr'>‹1.d.</span> <span class='ocrx_word' id='word_1_699' title='bbox 1388 2723 1502 2756; x_wconf 70' lang='lat' dir='ltr'>Canzia,</span> <span class='ocrx_word' id='word_1_700' title='bbox 1528 2723 1661 2749; x_wconf 66' lang='grc' dir='ltr'>εσννίιονίο</span> <span class='ocrx_word' id='word_1_701' title='bbox 1682 2722 1824 2755; x_wconf 72' lang='lat' dir='ltr'>capuano,</span> <span class='ocrx_word' id='word_1_702' title='bbox 1851 2723 1943 2749; x_wconf 66' lang='lat' dir='ltr'>eremit.</span> <span class='ocrx_word' id='word_1_703' title='bbox 1985 2722 2026 2754; x_wconf 84' lang='lat' dir='ltr'>Cf.</span> <span class='ocrx_word' id='word_1_704' title='bbox 2049 2730 2059 2748; x_wconf 65' lang='grc' dir='ltr'>ε,</span> 
     </span>
    </p>
   </div>
   <div class='ocr_carea' id='block_1_15' title="bbox 382 2766 876 2799">
    <p class='ocr_par' dir='ltr' id='par_1_15' title="bbox 382 2766 876 2799">
     <span class='ocr_line' id='line_1_61' title="bbox 382 2766 876 2799; baseline -0.002 -7"><span class='ocrx_word' id='word_1_705' title='bbox 382 2766 528 2799; x_wconf 71' lang='grc' dir='ltr'>Ιί’ὶι)ι)ιιῖσν,</span> <span class='ocrx_word' id='word_1_706' title='bbox 546 2766 562 2792; x_wconf 82' lang='grc' dir='ltr'>Ζ.</span> <span class='ocrx_word' id='word_1_707' title='bbox 577 2767 592 2793; x_wconf 82' lang='lat' dir='ltr'>l.</span> <span class='ocrx_word' id='word_1_708' title='bbox 613 2767 682 2798; x_wconf 71' lang='lat'><em>1112,</em></span> <span class='ocrx_word' id='word_1_709' title='bbox 703 2772 732 2792; x_wconf 71' lang='lat'>29</span> <span class='ocrx_word' id='word_1_710' title='bbox 750 2770 840 2792; x_wconf 64' lang='lat' dir='ltr'>[timot.</span> <span class='ocrx_word' id='word_1_711' title='bbox 854 2770 876 2792; x_wconf 72' lang='lat'>2.</span> 
     </span>
    </p>
   </div>
   <div class='ocr_carea' id='block_1_16' title="bbox 2036 705 2061 723">
    <p class='ocr_par' dir='ltr' id='par_1_16' title="bbox 2036 705 2061 723">
     <span class='ocr_line' id='line_1_62' title="bbox 2036 705 2061 723; baseline 0 0"><span class='ocrx_word' id='word_1_712' title='bbox 2036 705 2061 723; x_wconf 88' lang='lat'>10</span> 
     </span>
    </p>
   </div>
   <div class='ocr_carea' id='block_1_17' title="bbox 2037 962 2060 980">
    <p class='ocr_par' dir='ltr' id='par_1_17' title="bbox 2037 962 2060 980">
     <span class='ocr_line' id='line_1_63' title="bbox 2037 962 2060 980; baseline 0 0"><span class='ocrx_word' id='word_1_713' title='bbox 2037 962 2060 980; x_wconf 79' lang='lat'>15</span> 
     </span>
    </p>
   </div>
   <div class='ocr_carea' id='block_1_18' title="bbox 2037 1223 2063 1242">
    <p class='ocr_par' dir='ltr' id='par_1_18' title="bbox 2037 1223 2063 1242">
     <span class='ocr_line' id='line_1_64' title="bbox 2037 1223 2063 1242; baseline 0 0"><span class='ocrx_word' id='word_1_714' title='bbox 2037 1223 2063 1242; x_wconf 81' lang='lat'>20</span> 
     </span>
    </p>
   </div>
   <div class='ocr_carea' id='block_1_19' title="bbox 2036 1480 2062 1498">
    <p class='ocr_par' dir='ltr' id='par_1_19' title="bbox 2036 1480 2062 1498">
     <span class='ocr_line' id='line_1_65' title="bbox 2036 1480 2062 1498; baseline 0 0"><span class='ocrx_word' id='word_1_715' title='bbox 2036 1480 2062 1498; x_wconf 77' lang='lat'>25</span> 
     </span>
    </p>
   </div>
   <div class='ocr_carea' id='block_1_20' title="bbox 2039 1737 2065 1754">
    <p class='ocr_par' dir='ltr' id='par_1_20' title="bbox 2039 1737 2065 1754">
     <span class='ocr_line' id='line_1_66' title="bbox 2039 1737 2065 1754; baseline 0 0"><span class='ocrx_word' id='word_1_716' title='bbox 2039 1737 2065 1754; x_wconf 83' lang='lat'>30</span> 
     </span>
    </p>
   </div>
   <div class='ocr_carea' id='block_1_21' title="bbox 2041 1995 2066 2013">
    <p class='ocr_par' dir='ltr' id='par_1_21' title="bbox 2041 1995 2066 2013">
     <span class='ocr_line' id='line_1_67' title="bbox 2041 1995 2066 2013; baseline 0 0"><span class='ocrx_word' id='word_1_717' title='bbox 2041 1995 2066 2013; x_wconf 74' lang='lat'>35</span> 
     </span>
    </p>
   </div>
   <div class='ocr_carea' id='block_1_22' title="bbox 2042 2281 2068 2299">
    <p class='ocr_par' dir='ltr' id='par_1_22' title="bbox 2042 2281 2068 2299">
     <span class='ocr_line' id='line_1_68' title="bbox 2042 2281 2068 2299; baseline 0 0"><span class='ocrx_word' id='word_1_718' title='bbox 2042 2281 2068 2299; x_wconf 75' lang='lat'>40</span> 
     </span>
    </p>
   </div>
   <div class='ocr_carea' id='block_1_23' title="bbox 2042 2497 2068 2515">
    <p class='ocr_par' dir='ltr' id='par_1_23' title="bbox 2042 2497 2068 2515">
     <span class='ocr_line' id='line_1_69' title="bbox 2042 2497 2068 2515; baseline 0 0"><span class='ocrx_word' id='word_1_719' title='bbox 2042 2497 2068 2515; x_wconf 73' lang='lat'>45</span> 
     </span>
    </p>
   </div>
  </div>
 </body>
</html>
