2189 3042
168 905 192 924 10

167 1189 190 1206 15

165 1445 190 1464 20

164 1963 189 1981 30

164 2220 188 2238 35

643 201 820 229 IOHANNIS
839 203 914 229 VIII.
933 202 1051 229 PAPAE
1074 203 1272 230 EPISTOLAE
1296 204 1354 231 180.
1374 205 1432 232 181.
1800 211 1859 239 145

215 287 401 319 defensione
426 289 574 328 tenuerit,
599 289 703 329 anime
727 299 782 329 sue
807 289 1033 320 detrimentum
1051 290 1241 321 omnimodis
1261 290 1317 321 fiat
1337 291 1521 333 nullumque
1539 292 1629 323 vobis
1650 304 1706 334 pro
1725 294 1860 336 ecclesie

213 339 277 370 Dei
301 339 487 370 defensione
512 340 712 371 venientibus
735 340 999 381 impedimentum
1025 342 1153 382 aliquod
1180 342 1287 373 facere
1311 346 1483 383 presumat.
1531 343 1744 385 Quapropter,
1774 345 1860 386 quod

213 390 375 431 agendum
400 393 457 430 est,
475 394 582 422 vestra
605 392 722 432 regalis
740 392 931 422 excellentia
955 403 1052 433 agere
1076 393 1161 424 nullo
1179 393 1274 424 modo
1293 393 1429 430 desinat:
1454 405 1527 425 nam
1552 396 1576 425 si
1598 407 1656 436 per
1671 407 1727 427 vos
1751 400 1860 428 sancta

213 441 361 473 Romana
389 442 524 474 ecclesia
548 442 644 473 fuerit
667 443 808 474 exaltata
832 446 928 485 atque
953 444 1099 485 defensa,
1129 448 1237 476 vester
1260 445 1361 476 honor
1385 450 1417 476 et
1440 446 1542 485 gloria
1566 447 1616 478 hic
1641 451 1673 478 et
1700 449 1731 479 in
1755 448 1859 479 futuro

215 494 282 524 sine
307 493 403 524 dubio
429 504 536 524 coram
558 493 697 524 Domino
722 494 934 534 multiplicata
956 495 1108 526 manebit.

317 560 411 583 DATA
431 559 476 583 UT
495 559 612 583 SUPRA.

1003 696 1072 725 181.

319 753 477 785 Iohannes
499 753 592 785 VIII.
616 764 707 792 papa
737 753 882 794 Isz'ybodo
907 754 1105 795 (Parmensi)
1132 755 1272 794 episcopo
1304 755 1417 795 {afflatos
1444 767 1517 788 suos
1547 758 1669 798 diriyit,
1700 770 1776 799 quos
1803 764 1860 792 aut

197 806 277 845 ‚ipse
300 807 358 836 aut
376 815 435 845 per
457 805 603 835 idoneum
626 805 728 835 virum
750 806 793 835 ad
807 805 1083 836 Karolomanmmz
1106 805 1152 836 vel
1166 806 1323 837 Karolzmz
1340 808 1438 848 (III.)
1454 819 1553 848 reyem
1577 811 1747 849 confimat,-
1766 823 1859 853 prac-

214 857 300 896 cipit,
323 859 358 887 ut
381 867 430 887 res
452 856 660 896 Anyilberqac
683 856 895 896 imperatricis
918 856 1127 895 depraedatas
1150 859 1234 887 curet
1258 860 1498 896 recuperanfclm.

327 941 403 967 Coc]-
431 941 458 967 Β
475 943 492 975 f
512 943 555 967 70¹
574 949 593 966 n
615 944 664 967 18⁴>
1519 904 1582 933 879
1606 905 1695 937 (Iun.
1716 906 1774 943 in.)

314 993 401 1020 Echi..-
429 993 522 1018 Editio
536 993 661 1018 Romana
675 993 761 1026 (1591)
775 993 833 1024 III,
848 996 896 1019 413
914 1001 940 1019 oz.
952 996 1004 1019 173.
1034 993 1128 1018 ῘΙῙαηεί
1149 992 1224 1019 Cone.
1241 994 1298 1019 coll.
1314 994 1411 1026 XVII,
1424 999 1470 1020 117
1486 1004 1512 1021 21.
1525 1000 1579 1022 173.
1613 998 1708 1031 ΙΙΙίφιε
1727 1000 1801 1026 Patr.
1814 1002 1860 1029 lat.

215 1036 349 1069 CXXVI,
368 1039 414 1062 831
432 1044 459 1062 η.
474 1039 527 1062 216.
547 1050 579 1054 ——
598 1036 675 1067 Jaffe'
695 1036 760 1069 Rey.
774 1039 838 1062 3245
869 1036 951 1068 2465).
988 1035 1061 1061 Kerm-
1080 1036 1166 1062 Italia
1181 1036 1324 1069 pontificia
1346 1037 1375 1069 V,
1389 1040 1437 1063 416
1456 1046 1482 1064 21.
1497 1042 1519 1064 6.

840 1123 1018 1148 VUIDBODO
1042 1123 1203 1148 EPISCOPO
1213 1123 1230 1147 ¹.

318 1178 498 1214 Quoniama
514 1189 570 1219 pre
595 1178 751 1217 omnibus,
777 1178 830 1219 qui
853 1179 885 1209 in
908 1178 957 1208 his
973 1178 1121 1209 videntur
1145 1180 1317 1210 consistere
1342 1180 1494 1221 partibus,
1517 1181 1588 1212 Deo
1607 1182 1730 1213 dilectis
1754 1195 1859 1216 sacer-

211 1229 339 1260 dotibus
370 1233 402 1260 te
432 1233 545 1270 utpote
573 1229 777 1260 karissimum
804 1229 904 1260 filium
933 1232 965 1260 et
994 1229 1125 1260 fratrem
1149 1231 1331 1261 unanimem
1356 1232 1526 1272 specialius
1551 1233 1713 1274 diligimus
1743 1240 1775 1266 et
1802 1247 1858 1276 pro

209 1281 319 1312 tantab
343 1284 396 1322 tue
421 1281 610 1312 sinceritatis
641 1281 827 1320 devotione,
858 1291 953 1322 quam
984 1282 1068 1312 circa
1095 1291 1152 1312 nos
1183 1284 1215 1312 et
1243 1282 1352 1313 sedem
1384 1284 1595 1324 apostolicam
1623 1285 1744 1317 habere
1770 1287 1858 1318 dino-

210 1333 321 1373 sceris,
352 1336 418 1364 toto
447 1334 563 1364 mentis
593 1332 711 1363 affectu
739 1332 975 1373 amplectimur,
1008 1336 1040 1363 et
1063 1333 1181 1365 idcirco
1206 1335 1420 1365 reverentiam
1445 1338 1531 1366 tuam
1556 1337 1608 1376 pio
1633 1337 1725 1368 nobis
1749 1349 1858 1370 amore

210 1385 411 1415 coniunctam
440 1385 584 1425 cupimus
612 1384 789 1424 apostolica
817 1394 944 1424 semper
971 1383 1169 1425 benignitate
1194 1385 1303 1416 fovere
1329 1389 1361 1416 et
1384 1387 1575 1418 auctoritate
1600 1387 1721 1420 fulcire.
1767 1390 1859 1422 Nunc

209 1436 306 1477 igitur
326 1435 490 1466 dilectioni
513 1438 565 1476 tue
590 1439 699 1466 notum
722 1445 791 1465 esse
808 1435 963 1475 volumus,
988 1437 1062 1476 quia
1086 1447 1143 1477 pro
1168 1440 1215 1467 tot
1239 1440 1271 1467 et
1286 1438 1381 1467 tantis
1399 1438 1643 1480 calamitatibus,
1669 1451 1756 1481 quas,
1779 1443 1860 1473 sicut

210 1489 278 1529 ipse
308 1487 390 1519 bene
420 1488 599 1528 cognoscis,
628 1487 753 1527 assidue
782 1488 937 1528 patimur,
968 1487 1026 1518 hos
1050 1490 1216 1528 presentes
1240 1489 1353 1519 missos
1376 1493 1502 1520 nostros
1526 1490 1722 1522 direximus2
1745 1503 1803 1533 per
1826 1497 1857 1525 te

211 1540 302 1580 quasi
331 1549 389 1580 per
418 1539 579 1580 quoddam
610 1539 725 1569 ostium
751 1539 924 1569 intraturos
948 1539 1104 1580 spirituali
1127 1539 1191 1570 filio
1216 1543 1325 1571 nostro
1350 1541 1589 1573 Karolomanno
1614 1542 1754 1583 glorioso
1779 1546 1857 1586 regi,

211 1595 300 1622 cumC
324 1590 437 1632 quibus
461 1600 536 1621 sane
561 1593 616 1621 aut
638 1590 707 1631 ipse
731 1591 763 1620 in
787 1591 949 1621 servitium
975 1591 1075 1621 sancti
1099 1591 1189 1622 Petri
1213 1591 1310 1622 alacri
1333 1595 1440 1624 mente
1465 1594 1510 1624 ire
1536 1604 1728 1635 omnemque
1752 1599 1857 1636 nostre

208 1642 380 1673 voluntatis
398 1652 527 1672 causam
545 1644 576 1672 et
599 1642 826 1672 necessitatem
845 1641 930 1682 apud
948 1642 1086 1672 eundem
1106 1653 1217 1683 regem
1235 1644 1391 1684 perficere
1409 1644 1549 1683 studeas,
1567 1649 1622 1676 aut
1637 1646 1857 1679 fidelissimum

178 1703 189 1721 ⁵
210 1697 242 1724 et
271 1693 423 1724 idoneum
454 1704 472 1724 a
496 1693 597 1724 latere
626 1696 680 1724 tuo
708 1693 810 1723 virum
835 1693 967 1734 dirigas,
998 1694 1051 1734 qui
1080 1695 1183 1724 vicem
1211 1697 1298 1725 tuam
1330 1695 1361 1725 in
1392 1696 1538 1727 omnibus
1568 1698 1729 1738 sagaciter
1758 1700 1858 1739 possit

208 1744 351 1785 explere.
396 1744 480 1775 Nam
508 1748 562 1775 tuo
592 1744 723 1775 consilio
752 1747 785 1775 et
816 1744 974 1775 adiutorio
1009 1745 1141 1776 eosdem
1177 1745 1302 1787 legatos
1336 1750 1461 1778 nostros
1492 1749 1631 1789 munias,
1662 1749 1856 1792 hortamurd,

208 1799 364 1837 quatenus
388 1796 472 1827 sedis
496 1796 671 1836 apostolice
695 1796 906 1837 legationem,
937 1799 1033 1837 prout
1056 1796 1187 1837 dignum
1211 1800 1260 1828 est
1284 1800 1316 1828 et
1339 1798 1485 1829 instantis
1509 1801 1661 1841 temporis
1684 1803 1858 1833 necessitas

209 1848 335 1889 exigite,
365 1847 436 1878 Deo
464 1848 603 1889 propitio
632 1848 786 1888 perficere
815 1848 944 1888 possint.
991 1848 1032 1878 Et
1060 1848 1134 1889 quia
1165 1858 1220 1879 eos
1245 1850 1312 1880 sine
1330 1850 1489 1881 ,tarditate
1514 1852 1559 1882 ire
1583 1862 1620 1882 ac
1644 1853 1761 1883 reverti
1784 1865 1856 1895 pre-

208 1900 364 1940 cepimus,
392 1909 432 1930 ne
456 1899 540 1929 ultra
564 1902 628 1930 tres
653 1899 721 1930 dies
744 1899 816 1930 illos
839 1909 939 1940 penes
966 1902 999 1930 te
1028 1901 1166 1931 retinere
1191 1911 1357 1941 procures,
1390 1902 1446 1933 sed
1476 1902 1585 1933 habito
1614 1914 1690 1935 mox
1714 1906 1856 1947 consilio,

209 1954 364 1992 quatenus
388 1950 467 1981 salvi
491 1954 524 1981 et
546 1951 650 1982 securi
673 1950 714 1981 ad
737 1950 922 1981 iamdictuni
942 1961 1051 1991 regem
1069 1952 1310 1992 proficiscantur
1334 1964 1352 1983 a
1375 1957 1417 1993 te,
1442 1954 1624 1985 nullatenus
1641 1955 1856 1988 demorentur.

209 2001 302 2037 Quod
338 2002 363 2032 si
395 2001 530 2033 fortasse
565 2002 605 2032 ad
633 2002 958 2033 Karolummannumf
986 2013 1044 2043 pro
1077 2004 1144 2033 eius
1176 2014 1333 2044 corporea
1362 2005 1566 2036 infirmitatea
1593 2006 1638 2037 ire
1667 2017 1730 2038 non
1762 2019 1856 2048 posse

208 2053 390 2094 contigerit,
420 2053 461 2084 ad
484 2053 638 2084 Karolum
670 2064 780 2094 regem
808 2054 907 2094 ipsius
931 2064 1119 2094 germanum
1143 2065 1198 2085 eos
1221 2066 1423 2097 quocumque
1446 2057 1542 2088 modo
1567 2058 1724 2098 proficisci
1749 2059 1855 2090 facito.

207 2104 363 2145 Preterea
384 2104 526 2135 veridico
550 2105 721 2136 multorum
745 2105 849 2136 relatu
872 2105 967 2146 longe
991 2105 1121 2147 lateque
1146 2111 1316 2138 resonante
1341 2108 1518 2147 didicimus,
1545 2109 1629 2149 quod
1652 2120 1702 2141 res
1727 2114 1759 2141 et
1782 2122 1855 2151 pos-

208 2157 365 2187 sessiones
411 2156 527 2196 dilecte
573 2166 609 2187 ac
650 2157 801 2197 spiritalis
834 2156 898 2196 filie
933 2159 1039 2197 nostre
1073 2160 1105 2188 et
1139 2159 1240 2189 sancti
1273 2158 1363 2190 Petri
1398 2161 1611 2201 commendite
1647 2161 1855 2204 Angelberge

207 2208 418 2248 imperatricis
441 2208 502 2238 sint
525 2218 544 2238 a
568 2207 759 2248 quibusdam
782 2207 1046 2239 malefactoribus
1071 2210 1260 2241 omnimodis
1285 2210 1474 2251 depredate,
1498 2223 1561 2242 non
1582 2212 1683 2243 solum
1702 2223 1762 2254 que
1780 2214 1856 2244 foris

208 2259 346 2290 extitere
374 2260 405 2289 in
436 2259 521 2299 agris
551 2262 584 2289 et
606 2259 703 2299 villis,
735 2258 793 2289 sed
822 2259 939 2289 etiamg
969 2270 1032 2300 que
1062 2261 1146 2291 intus
1169 2272 1227 2302 per
1251 2262 1448 2293 venerabilia
1473 2266 1505 2293 et
1528 2274 1590 2294 non
1614 2263 1762 2295 violanda
1786 2265 1855 2296 loca

207 2313 389 2341 sanctorum
412 2311 679 2341 monasteriorum
703 2310 865 2350 repositeh
889 2310 1016 2341 fuerant
1027 2311 1048 2341 ³.
1087 2311 1151 2343 Pro
1168 2323 1230 2353 quo
1248 2313 1369 2344 scilicet
1386 2316 1451 2344 tam
1468 2315 1588 2345 inmani
1605 2316 1726 2346 scelere
1743 2316 1855 2346 nefan-

208 2361 313 2403 doque
336 2361 462 2402 piaculo
487 2360 744 2392 sanctimoniami
767 2364 855 2392 tuam
879 2362 992 2392 merito
1017 2362 1248 2404 redarguimus
1273 2365 1423 2405 quoniam
1449 2365 1621 2396 sacerdotii
1645 2368 1689 2397 tui
1715 2367 1854 2398 officium

311 2474 367 2499 181.
395 2473 418 2506 ²¹)
439 2474 525 2499 omnia
543 2482 607 2506 quae
626 2478 765 2506 sequuntur
782 2482 860 2506 usque
883 2476 918 2500 ad
940 2484 985 2507 pro
1008 2477 1063 2500 eius
1086 2484 1207 2508 corporea
1232 2477 1379 2501 infirmitate
1398 2476 1427 2508 (l.
1442 2477 1484 2509 31)
1503 2478 1529 2502 in
1552 2487 1659 2510 rasura,
1682 2479 1768 2504 deletis
1789 2487 1854 2511 quae

163 2525 189 2543 40
202 2518 279 2549 prius
297 2517 393 2548 scripta
410 2521 496 2548 erant,
516 2517 612 2549 scripta
631 2522 688 2542 sunt
707 2517 738 2541 R.
833 2516 858 2549 b)
879 2527 944 2543 corr.
959 2527 989 2543 ea:
1008 2522 1059 2543 tota
1078 2519 1109 2544 R.
1208 2520 1231 2550 c)
1251 2528 1298 2544 con
1318 2520 1354 2549 R‚·
1378 2521 1411 2552 cf.
1432 2520 1491 2546 NA.
1512 2520 1643 2553 XXXVI,
1662 2524 1712 2546 126
1731 2526 1817 2546 annot.
1831 2526 1852 2547 1.

163 2772 188 2790 45

207 2560 230 2593 d)
250 2565 362 2586 ortamur
381 2561 412 2586 R.
500 2561 523 2593 Θ)
542 2562 641 2594 exhigit
659 2561 690 2586 R.
778 2560 798 2594 f)
817 2563 929 2594 sequitur
947 2572 1011 2592 non,
1026 2568 1118 2594 postea
1136 2564 1185 2591 del,
1206 2564 1236 2588 R.
1320 2565 1344 2596 Β)
1364 2565 1412 2589 -ti-
1431 2565 1457 2588 in
1476 2573 1528 2589 ras.
1548 2565 1578 2589 R.
1662 2564 1686 2596 h)
1705 2566 1732 2589 in
1750 2574 1801 2590 ras.
1821 2565 1851 2589 B.

206 2603 223 2635 i)
242 2604 307 2629 inter
325 2605 333 2628 i
353 2609 375 2629 et
397 2613 412 2629 a
431 2604 515 2629 littera
533 2613 599 2629 eras.
618 2605 649 2629 R,

311 2680 335 2711 l)
354 2679 502 2712 Parmensi,
522 2682 557 2712 cf.
569 2688 655 2713 supra
673 2689 720 2706 om.
736 2684 775 2712 28,
796 2685 835 2713 45,
855 2685 910 2707 147.
930 2696 961 2700 -
981 2681 1022 2707 De
1040 2690 1068 2708 re
1088 2683 1121 2713 cs.
1136 2683 1272 2709 Diemmler
1292 2682 1307 2709 Ι.
1322 2683 1337 2709 l.
1360 2682 1431 2715 HF,
1447 2686 1501 2708 102.
1585 2682 1610 2715 2)
1630 2682 1690 2708 Seil.
1706 2682 1851 2707 Iohannem

208 2722 354 2755 Signinum
371 2725 395 2748 et
414 2722 571 2749 Paschalem
584 2723 739 2748 Amminum
758 2724 889 2757 episcopos
907 2724 953 2758 (cf.
967 2733 994 2751 η.
1009 2725 1067 2757 193)
1086 2733 1170 2751 secum
1187 2728 1302 2759 ferentes
1319 2725 1439 2758 epistolas
1457 2733 1504 2751 om.
1519 2729 1571 2757 179,
1590 2729 1645 2757 180,
1665 2728 1723 2757 193,
1743 2730 1796 2757 1514,
1815 2726 1849 2758 cs.

207 2764 271 2791 NA.
287 2765 433 2797 XXXVI,
453 2769 500 2792 133
510 2773 546 2798 sq.
617 2766 643 2799 3)
666 2766 760 2792 Utrum
779 2766 811 2792 de
829 2767 947 2793 &Iuliae
960 2768 1113 2794 Brisciensis
1131 2769 1284 2794 monasterii
1302 2768 1458 2800 spoliatione
1477 2777 1502 2793 α,
1513 2772 1560 2794 875
1577 2776 1594 2793 a
1608 2768 1710 2793 Karolo
1725 2768 1779 2794 III.
1790 2776 1850 2800 per-

207 2810 266 2833 acta
284 2807 381 2833 iterum
392 2807 433 2833 hic
445 2811 542 2841 aqatwr
555 2808 601 2841 (cf.
615 2817 640 2834 n.
653 2812 695 2840 43,
709 2810 761 2842 8-2),
781 2818 819 2835 cm
838 2809 869 2836 de
887 2810 941 2836 alio
952 2810 1066 2843 quodam
1085 2811 1242 2837 monasterio
1257 2811 1287 2836 'in
1300 2811 1359 2843 ipsa
1372 2810 1493 2844 Wiyhodi
1505 2810 1600 2836 diocesi
1617 2811 1674 2843 sito,
1696 2818 1747 2836 uon
1762 2810 1848 2842 liquet.

310 2858 461 2885 Ems'roun.
477 2859 538 2885 VII.
1613 2862 1643 2887 19
