2189 3042
313 136 374 166 320
599 131 777 158 IOHANNIS
791 130 865 157 V111.
884 130 1002 157 PAPAE
1022 130 1220 157 EPISTOLAE
1238 129 1368 157 PASSIM
1387 129 1598 157 COLLEGTAE
1615 132 1640 158 6.
1654 132 1677 158 7.

310 221 377 251 eius
409 220 553 250 inimicos
585 218 704 249 viribus
736 218 811 248 totis
842 216 981 248 fideliter
1013 227 1075 248 non
1107 216 1271 256 steteritis,
1303 217 1417 248 scitote
1441 227 1497 247 vos
1527 227 1584 259 per
1612 217 1811 249 auctoritatis
1834 221 1961 250 nostrae

311 272 436 313 legatos
459 270 656 301 anathemati
681 268 925 300 submittendos.

412 322 606 353 Praesentes
637 323 746 352 autem
779 319 893 351 missos
923 323 1062 359 nostros,
1094 320 1271 351 Iohannem
1304 319 1455 351 videlicet
1489 323 1521 351 et
1553 320 1730 352 Iohannem
1764 320 1965 352 venerabiles

310 373 502 415 episcoposl
526 372 724 413 dilectosque
750 372 924 402 familiares
948 374 1082 411 nostros,
1114 371 1251 413 benigne
1275 371 1445 411 admittite,
1476 371 1649 403 iniunctam
1680 371 1739 403 sibi
1766 367 1964 413 legationem

127 440 296 463 cr.nuc.10‚⁶.
310 425 529 466 intelligenter
552 423 662 455 audite
688 427 720 455 et
743 423 917 455 efficaciter
942 423 1104 462 obaudite,
1126 426 1161 454 ut
1183 423 1216 453 in
1239 423 1309 463 hoc,
1334 433 1430 464 quam
1454 433 1528 454 vere
1552 423 1620 454 sitis
1643 422 1699 454 filii
1721 423 1820 465 pacis,
1845 423 1964 455 cunctis

103 483 294 535 anagoge-fisfm
309 478 403 509 detur
432 476 567 517 intelligi
600 479 633 507 et
664 475 825 507 neminem
858 475 958 516 possit
990 474 1091 506 latere
1124 475 1316 506 mortalium.
1364 474 1428 505 Pro
1454 474 1581 506 Christo
1612 475 1707 513 enim,
1741 475 1795 516 qui
1824 477 1873 506 est
1900 485 1965 516 pax

189 524 225 532 “’
263 524 266 528 ’
307 531 425 560 nostra.
459 527 622 568 legatione
657 525 839 565 funguntur,
873 535 945 556 cum
976 525 1087 566 procul
1112 525 1207 556 dubio
1232 536 1251 557 a
1274 525 1352 557 sede
1381 526 1559 566 apostolica
1587 536 1644 567 pro
1676 536 1755 567 pace
1786 526 1964 558 mittuntur.

309 579 467 622 Optamus
491 589 547 609 vos
570 578 601 609 in
627 577 752 609 Christo
777 587 860 608 nunc
885 580 916 608 et
940 586 1069 618 semper
1092 576 1175 608 bene
1199 577 1308 609 valere
1318 577 1344 608 *,

1125 802 1152 830 7.

408 872 567 903 Iohannes
590 870 684 902 VIII.
705 880 794 910 papa
822 870 980 910 episcopos
1009 868 1172 900 orientalis
1195 868 1356 900 Franciae
1385 868 1574 900 vehomenter
1603 862 1718 909 arguit,
1748 869 1826 909 quia
1850 869 1958 901 Ludo-

305 925 408 956 m'cnm
430 922 688 964 (Germanicum)
712 931 810 962 reycm
832 932 896 953 non
918 921 957 953 ab
986 920 1159 952 invadendo
1188 930 1281 960 rayno
1303 920 1421 952 Karoli
1444 919 1567 961 (Calvi)
1588 920 1708 961 fratris
1728 920 1964 962 prohibuerint;

306 987 338 1008 30
360 985 410 1007 cos
432 974 775 1006 excommunicatarum
799 974 948 1010 minatur,
972 973 1036 1003 nisi
1058 972 1249 1012 resipiscant
1271 973 1299 1003 ct
1318 971 1396 1012 paci
1411 982 1478 1003 una
1493 982 1563 1003 cum
1584 972 1693 1012 legatis
1707 973 1774 1004 suis
1792 972 1964 1004 consulant.

1599 1025 1678 1064 (876
1700 1025 1794 1057 Febr.
1813 1024 1878 1066 17.)

415 1094 497 1121 Edd:
515 1093 644 1121 Sirmond
658 1093 733 1120 Cone.
744 1095 798 1119 αηΐ.
814 1093 921 1119 Galliae
934 1092 992 1125 III,
1002 1095 1055 1118 423
1074 1100 1101 1118 η.
1114 1094 1130 1118 3
1148 1099 1160 1118 c
1177 1091 1251 1118 codd.
1263 1100 1283 1118 8.
1297 1091 1414 1126 Remigii
1428 1092 1564 1118 Remensis
1576 1094 1599 1118 ct
1615 1092 1780 1118 Virdunensi
1793 1105 1822 1116 =
1839 1093 1965 1126 Bouquet

308 1139 422 1166 Recueiz
438 1138 504 1171 VII,
518 1141 567 1164 460
585 1145 610 1162 n.
626 1141 642 1162 4
663 1148 695 1159 =
715 1136 814 1162 Mami
835 1134 914 1162 Cone.
931 1136 987 1162 coll.
1004 1135 1105 1168 XVII,
1118 1139 1167 1161 227
1193 1143 1220 1160 n.
1235 1138 1281 1161 315
1295 1147 1324 1157 =
1340 1135 1434 1169 Miyne
1454 1135 1533 1162 Patr.
1547 1136 1593 1162 lat.
1609 1135 1748 1169 CXXVI,
1763 1139 1811 1162 667
1832 1144 1860 1162 n.
1872 1139 1911 1162 22.
1932 1151 1965 1155 —

311 1183 389 1215 Ray„-
409 1181 482 1213 Jaffd
501 1184 569 1208 3039
586 1180 685 1213 (2267).

309 1270 483 1296 IOHANNES
509 1268 690 1293 EPISCOPUS
715 1267 842 1292 SERVUS
865 1267 1049 1291 SERVORUM
1077 1267 1135 1290 DEI
1160 1266 1312 1291 OMNlBUS
1344 1266 1648 1291 REVERENTISSIMIS
1672 1267 1716 1291 ET
1738 1267 1968 1292 SANCTISSIMIS

308 1313 585 1339 ARCfflEPISCOPIS
600 1312 643 1336 ET
656 1310 826 1335 EPISCOPIS
844 1310 880 1335 IN
899 1310 1013 1335 REGNO
1034 1309 1225 1334 HLUDOVICI
1238 1309 1398 1334 GLORIOSI
1416 1309 1515 1334 REGIS
1534 1309 1722 1334 BAIOARIAE
1735 1310 1966 1335 CONSTITUTIS.

104 1384 296 1409 nassouwe.
416 1371 623 1414 Apostolicae
660 1370 888 1401 moderationis
923 1368 1068 1400 ordinem
1103 1369 1276 1410 sequimur,
1314 1368 1340 1399 si
1378 1368 1586 1400 ecclesiarum
1621 1368 1684 1400 Dei
1718 1369 1965 1402 sollicitudinem

112 1435 296 1459 crumenam.
314 1426 487 1457 retinentes
517 1434 574 1465 pro
599 1422 695 1453 domo
725 1422 877 1463 spiritalis
900 1421 1029 1452 Israelis
1058 1431 1184 1451 murum
1215 1420 1420 1451 correctionis
1450 1421 1642 1461 opponimus
1672 1423 1704 1451 et
1735 1421 1967 1452 concordante·

309 1478 432 1508 animos
456 1479 512 1506 aut
534 1475 592 1506 sub
621 1474 858 1506 ecclesiasticae
888 1473 976 1514 pacis
1004 1472 1120 1503 unione
1151 1472 1395 1513 complectimur
1424 1475 1481 1503 aut
1509 1471 1673 1504 discordes
1702 1472 1744 1503 ad
1773 1473 1962 1504 concordiae

103 1539 293 1561 cnuatmnms.
310 1528 448 1570 gratiam
478 1536 666 1557 revocamus
696 1527 751 1556 aut
779 1529 865 1555 certe
894 1525 976 1554 inter
1004 1534 1062 1554 nos
1095 1526 1127 1554 et
1156 1523 1243 1563 illos,
1275 1524 1329 1564 qui
1359 1526 1527 1564 apostatae
1559 1524 1676 1566 angeli,
1701 1525 1812 1556 zizanii
1842 1525 1965 1556 scilicet

308 1579 520 1617 seminatoris,
544 1576 708 1608 fraudibus
731 1575 844 1607 irretiti
868 1578 997 1606 sanctae
1021 1574 1090 1606 sedi
1114 1574 1311 1616 apostolicae
1335 1575 1530 1606 concordare
1548 1575 1737 1616 despiciunt,
1770 1577 1965 1618 sartaginem

123 1642 294 1666 cae.1;zech.4.3.
309 1631 449 1663 ferream
466 1630 556 1660 iuxta
571 1627 749 1659 Ezechielis
766 1627 944 1667 prophetae
961 1626 1181 1667 magisterium
1205 1625 1409 1656 collocamus.
1442 1626 1642 1658 Reversurus
1666 1628 1750 1658 enim
1775 1627 1816 1658 ad
1839 1630 1965 1669 patrem

309 1683 466 1714 Dominus
490 1681 578 1722 pacis
601 1680 719 1710 bonum
744 1678 906 1719 discipulis
932 1678 1084 1708 attentius
1108 1677 1346 1708 commendavit
1370 1687 1507 1719 eamque
1533 1679 1622 1719 quasi
1651 1681 1877 1710 testamentum
1909 1679 1963 1710 fir-

186 1734 487 1769 10.14.21.missin1um
515 1732 628 1763 futuris
652 1730 823 1762 heredibus
847 1729 1019 1771 dereliquit
1043 1728 1164 1760 dicens:
1191 1728 1322 1759 ‘Pacem
1345 1739 1453 1760 meam
1478 1729 1518 1760 do
1543 1729 1643 1769 vobis,
1673 1740 1787 1771 pacem
1815 1731 1961 1772 relinquo

144 1797 287 1823 Evam-4
311 1786 427 1822 vobis’;
458 1788 491 1816 et
520 1784 636 1815 beatus
665 1781 829 1823 apostolus
852 1780 972 1812 Paulus
1002 1781 1060 1811 ait:
1092 1779 1237 1811 ‘Solliciti
1266 1790 1395 1812 servare
1428 1781 1584 1812 unitatem
1617 1781 1744 1822 spiritus
1774 1782 1805 1812 in
1836 1782 1962 1813 vinculo

309 1838 407 1880 paciS‚
430 1846 528 1867 unum
558 1844 673 1875 corpus
703 1836 735 1864 et
764 1843 844 1864 unus
874 1832 1013 1874 spiritus,
1037 1833 1118 1863 sicut
1142 1832 1247 1863 vocati
1272 1832 1348 1862 estis
1377 1832 1409 1862 in
1440 1842 1503 1863 una
1533 1843 1590 1873 spe
1616 1833 1790 1864 vocationis
1814 1834 1962 1871 vestrae’,

313 1889 388 1931 quia
411 1887 561 1919 videlicet
584 1886 626 1917 ad
654 1895 749 1916 unam
778 1884 954 1915 vocationis
984 1894 1073 1924 spem
1105 1893 1310 1924 nequaquam
1340 1884 1536 1925 pertingunt,
1569 1884 1595 1915 si
1627 1895 1690 1915 non
1718 1884 1759 1915 ad
1791 1895 1863 1916 eam
1894 1895 1966 1916 oum

313 1940 468 1982 proximis
491 1939 579 1969 nnita
602 1940 709 1969 mente
734 1938 885 1967 curratur.
933 1935 1138 1976 Quapropter
1161 1935 1242 1965 sicut
1265 1934 1321 1965 filii
1346 1934 1419 1975 Dei,
1444 1935 1498 1976 qui
1523 1946 1563 1966 ex
1594 1938 1788 1967 testamento
1817 1936 1885 1967 eius
1908 1936 1969 1967 sibi

315 2003 371 2033 per
393 1990 558 2032 apostolos
582 1989 736 2021 derelicto
760 1997 873 2028 pacem
898 1987 1089 2026 custodiunt,
1113 1987 1157 2017 ita
1181 1986 1330 2017 nimirum
1348 1986 1469 2017 diaboli
1494 1990 1566 2018 sunt
1589 1987 1655 2025 filii,
1681 1988 1733 2029 qui
1757 1998 1872 2029 pacem
1896 1998 1969 2019 con-

165 2055 290 2077 ι-ε.ιο.ε,11
317 2043 461 2075 fundunt.
508 2042 566 2073 Ille
590 2042 709 2082 quippe
738 2040 779 2070 ab
807 2039 896 2069 initio
920 2038 1061 2069 mendax
1090 2038 1149 2069 fuit
1180 2041 1212 2068 et
1241 2039 1272 2068 in
1296 2039 1431 2069 veritate
1460 2049 1523 2070 non
1551 2039 1648 2075 stetit,
1681 2040 1812 2080 eiusque
1841 2039 1969 2077 invidia,

142 2096 397 2132 of.s·=p.2.‘24.sicut
420 2094 572 2134 scriptum
597 2094 654 2131 est,
684 2102 770 2122 mors
792 2090 933 2121 introivit
961 2090 993 2120 in
1017 2089 1127 2120 orbem
1156 2092 1324 2120 terrarum.
1374 2089 1457 2120 Nam
1483 2089 1558 2121 dum
1589 2091 1795 2131 protoplastis
1825 2091 1970 2122 invidens

316 2146 515 2187 deceptionis
538 2145 688 2185 laqueum
712 2143 775 2173 iam
801 2141 954 2182 deeeptus
977 2141 1087 2181 utique
1112 2151 1131 2171 a
1154 2143 1257 2172 semet
1275 2141 1344 2182 ipso
1363 2142 1552 2182 composuit,
1578 2143 1688 2173 mortis
1712 2142 1862 2183 poculum
1886 2152 1970 2174 mor-

315 2198 432 2230 talibus
455 2196 637 2238 propinavit
660 2197 692 2226 et
716 2204 796 2235 quos
819 2193 1016 2223 immortales
1040 2192 1244 2224 obedientiae
1268 2193 1383 2224 merito
1416 2192 1539 2224 futuros
1563 2196 1705 2234 noverat,
1731 2193 1970 2225 inobedientiae

315 2250 446 2282 venenis
462 2248 571 2280 infecit
587 2248 695 2288 sicque
720 2246 751 2276 in
775 2254 886 2276 omnes
909 2243 1054 2275 homines
1074 2244 1184 2275 mortis
1208 2245 1400 2276 sententiam
1417 2245 1502 2276 vitae
1526 2245 1626 2276 hostis
1649 2245 1783 2276 induxit.
1819 2245 1967 2287 Denique

314 2301 427 2333 iisdem
456 2300 591 2341 laqueiS,
622 2298 736 2339 quibus
764 2296 980 2338 protoplastos
1004 2294 1188 2337 deceperat,
1220 2295 1325 2327 adhuc
1348 2296 1441 2328 Adae
1473 2296 1554 2327 filios
1581 2297 1706 2337 iugulat
1734 2299 1767 2328 et
1795 2296 1868 2328 odio
1893 2307 1970 2329 suae

316 2352 500 2384 ambitionis
531 2351 673 2382 fraterna
703 2348 800 2379 corda
830 2347 993 2387 dissociat,
1026 2347 1072 2377 ita
1104 2350 1138 2377 ut
1177 2357 1256 2388 quos
1288 2358 1386 2379 unum
1418 2349 1518 2389 patris
1556 2348 1661 2379 femur
1696 2349 1873 2390 tenuerat2,
1906 2349 1970 2381 iam

317 2403 442 2436 Galliae
478 2413 588 2434 omnes
621 2412 683 2432 non
718 2401 860 2441 capiant,
895 2399 1042 2430 fraternis
1077 2399 1282 2439 provectibus
1314 2400 1414 2431 frater
1455 2400 1600 2431 invideat
1635 2403 1667 2431 et
1707 2410 1802 2442 quem
1842 2401 1971 2431 monitis

319 2455 502 2496 apostolicis
526 2453 654 2495 saepius
685 2452 780 2483 etiam
804 2452 835 2482 in
860 2450 1035 2481 durissimis
1066 2450 1191 2481 casibus
1215 2450 1448 2492 obsequentem
1478 2452 1569 2492 sequi
1602 2451 1806 2492 despexerat,
1836 2451 1920 2483 hunc
1951 2463 1969 2483 a

316 2506 394 2538 sede
419 2506 596 2547 apostolica
619 2504 677 2535 sibi
703 2503 880 2544 praelatum
906 2501 1022 2541 doleat,
1046 2502 1143 2533 immo
1168 2505 1203 2534 ut
1226 2502 1305 2534 Cain
1337 2503 1442 2534 fratris
1472 2503 1586 2543 hostia,
1618 2503 1741 2534 seilicet
1772 2496 1970 2541 obedientia,-

317 2558 498 2589 stimulatus
522 2560 633 2588 contra
656 2555 787 2587 fratrem
811 2554 962 2585 frendens
986 2556 1140 2593 occurrat,
1169 2553 1281 2585 fideles
1311 2555 1379 2586 eius
1411 2555 1576 2586 fraudibus
1606 2554 1739 2586 diversis
1770 2554 1898 2593 inficiat,
1929 2555 1971 2586 ad

421 2669 445 2701 ³³)
466 2668 597 2696 Recitata
616 2667 644 2693 in
662 2666 766 2700 synodo
787 2662 984 2697 pontigonensi
1003 2663 1064 2690 add.
1079 2664 1173 2695 Sirm.‚·
1191 2665 1224 2697 cl.
1239 2673 1323 2698 supra
1338 2674 1366 2698 1²-
1382 2669 1432 2693 318
1451 2674 1514 2692 aun.
1526 2666 1541 2682 *

424 2746 450 2778 1)
473 2746 513 2779 Cf.
527 2753 611 2779 supra,
625 2753 652 2778 1).
665 2748 713 2771 318
726 2752 791 2770 cmm.
804 2748 817 2769 1
829 2746 853 2769 et
866 2748 888 2770 ἱ).
977 2744 1004 2777 2)
1023 2743 1084 2770 8027.
1103 2742 1232 2768 [carolum
1247 2742 1357 2768 Calvum
1375 2745 1397 2769 et
1416 2743 1581 2770 Lndovicmn
1597 2743 1795 2770 Germaniam,

1995 935 2020 955 10

1997 1188 2020 1207 1⁵

1993 1487 2019 1506 20

1991 1744 2015 1763 25

1997 2002 2021 2021 30

1996 2259 2020 2278 35

1997 2515 2022 2534 40
