2189 3042
626 219 804 245 IOHANNIS
823 219 897 245 VIII.
918 219 1036 245 PAPAE
1059 219 1259 246 EPISTOLAE
1282 220 1339 247 198.
1361 221 1418 248 199.
1789 225 1847 255 159

196 310 229 338 et
262 307 473 338 invisibilibus
505 305 650 337 hostibus
681 305 835 336 liberatus
866 305 993 347 Deique
1023 307 1142 337 auxilio
1174 306 1300 338 adiutus
1334 308 1534 339 inimicorum
1562 312 1689 340 tuorum
1719 320 1847 350 semper

195 360 297 390 victor
321 359 440 389 existas
464 361 496 389 et
519 357 561 388 ad
584 357 726 397 palmam
750 367 887 397 superne
912 358 1087 388 vocationis
1110 358 1270 398 gloriosus
1293 359 1471 400 pertingas,
1500 363 1534 390 ut
1558 361 1642 401 ipse,
1667 361 1720 402 qui
1743 361 1844 402 gratie

196 421 251 450 sue
280 410 430 451 largitate
459 412 491 441 et
514 419 648 450 regnum
675 408 732 438 tibi
757 411 919 439 terrenum
944 410 1101 439 concessit
1125 413 1156 440 et
1179 410 1387 441 illuminando
1413 411 1521 442 oculos
1545 413 1661 442 mentis
1684 414 1737 453 tue
1762 413 1845 443 viam

198 462 342 492 veritatis
366 460 506 492 ostendit
534 463 567 491 et
595 460 634 490 de
658 459 799 490 tenebris
823 459 865 490 ad
889 470 997 491 veram
1022 460 1126 491 lucem
1150 461 1312 501 perduxit,
1343 472 1444 503 usque
1477 462 1518 493 ad
1544 463 1642 493 finem
1671 464 1703 493 in
1731 463 1847 494 eadem

163 524 175 543 5
195 516 305 544 sancta
327 513 389 544 fide
415 516 446 543 et
474 512 565 543 bonis
589 511 739 552 operibus
764 515 1016 552 perseverantes·
1034 513 1138 543 salvos
1163 516 1195 543 et
1221 513 1396 544 incolumes
1421 514 1569 555 dignetur
1593 514 1785 555 perducere,
1812 519 1848 546 ut

196 568 269 605 post
299 564 395 595 finem
426 564 583 605 presentis
614 563 678 594 vite
710 573 770 603 per
798 564 1065 594 11110100551011053
1096 567 1276 595 sanctorum
1311 565 1529 606 apostolorum
1564 566 1653 596 Petri
1689 570 1720 597 et
1752 566 1846 597 Pauli

194 626 329 658 regnum
357 616 466 646 valeas
494 615 613 655 celeste
641 616 825 655 percipere,
856 615 887 645 in
919 625 980 656 quo
1011 616 1066 645 illa
1095 617 1202 646 onmia
1233 616 1330 655 bona,
1363 627 1422 657 que
1451 617 1561 647 oculus
1591 628 1653 648 non
1678 617 1756 648 vidit
1785 628 1844 648 nec
1860 626 1887 647 ef.
1904 626 1976 649 reor.
1988 629 2007 652 2,
2018 629 2039 648 9.

195 668 279 698 auris
310 667 433 698 audivit
462 677 520 698 nec
550 667 582 696 in
613 676 667 697 cor
697 666 835 696 hominis
864 666 1021 707 ascendit,
1053 678 1124 698 cum
1155 668 1272 698 sanctis
1303 668 1448 699 omnibus
1477 668 1570 699 simul
1600 669 1754 710 accipias,
1787 679 1846 710 que

195 719 401 760 diligentibus
425 729 459 749 se
484 718 525 749 ab
550 718 673 759 origine
697 718 807 749 mundi
830 719 1015 759 preparavit
1039 720 1240 760 omnipotens
1263 719 1429 750 Dominus.
1469 719 1533 751 Sed
1556 731 1617 751 non
1642 720 1768 751 modica
1791 731 1848 751 nos

151 784 175 803 ιο
195 770 351 809 tristitiab,
377 780 394 800 ο
418 770 463 800 fili
487 770 659 809 carissime,
684 770 859 810 replevisti,
884 771 958 810 quia
982 770 1091 801 sedem
1116 771 1204 801 beati
1228 770 1319 801 Petri
1343 771 1470 810 celestis
1493 772 1583 812 regni
1608 772 1769 813 clavigeri,
1794 773 1849 813 qui

194 822 250 853 tibi
278 823 310 852 in
333 822 504 853 manifesta
527 822 649 852 visione
673 822 824 862 apparuit
851 825 883 852 et
911 825 1102 863 oportunum
1125 822 1281 852 auxilium
1304 822 1446 863 prebuit,
1476 822 1647 863 reliquisti,
1679 834 1751 854 cum
1776 813 1846 864 ipsa

193 873 287 905 sedes
312 876 408 914 caput
431 876 463 904 et
486 874 640 913 magistra
663 873 704 903 sit
728 874 869 903 omnium
891 873 1099 904 ecclesiarum
1117 872 1188 912 Dei,
1213 873 1360 903 adonius
1383 877 1547 904 auctorem
1564 874 1695 905 beatum
1711 875 1846 906 Petrum

194 936 212 956 a
236 925 374 957 Domino
400 925 520 956 dictum
545 928 606 955 est:
630 924 749 955 ‘Pasce
773 935 849 955 ovcs
873 924 983 965 meas³,
1016 927 1047 956 et
1075 925 1124 955 001
1149 924 1264 955 tradite
1289 928 1361 955 sunt
1384 925 1490 956 claves
1514 926 1604 966 regni
1629 926 1784 967 celorum,
1812 930 1847 957 ut
1861 920 2052 971 {ssjfiss‘tffffim'ffi

194 986 396 1018 quecumque
426 977 576 1018 ligaverit
604 987 699 1017 super
727 979 860 1015 terram,
894 976 993 1016 ligata
1022 979 1174 1007 maneant
1205 979 1237 1006 01
1265 976 1296 1006 111
1326 976 1402 1016 celis
1434 980 1466 1007 01
1490 987 1689 1018 quecumque
1716 978 1846 1008 solverit

150 1042 173 1060 ιε,
193 1038 290 1069 super
318 1032 452 1065 terramq
484 1028 545 1058 sint
577 1028 681 1058 soluta
712 1030 744 1058 et
774 1028 804 1057 in
833 1028 918 1068 00115.
970 1027 1148 1058 Revertere
1176 1028 1254 1067 iam,
1290 1027 1334 1057 fili
1363 1028 1596 1067 amantissime,
1629 1028 1671 1058 ad
1703 1032 1845 1059 sanctam

193 1083 331 1110 matrem
355 1083 443 1111 tuam
465 1080 647 1110 Romanam
672 1080 859 1118 eeclesiam,
890 1090 951 1120 que.
983 1083 1014 1110 te
1044 1080 1195 1120 religioso
1223 1082 1315 1109 utero
1344 1080 1455 1119 genuit
1485 1083 1518 1110 et
1542 1090 1599 1120 per
1623 1091 1719 1120 quam
1749 1081 1846 1111 totius

192 1131 356 1171 religionis
381 1134 413 1162 et
436 1131 555 1170 iustitie
581 1130 717 1161 formam
741 1133 851 1161 sancto
876 1130 1105 1171 predecessore
1127 1133 1235 1160 nostro
1251 1130 1392 1160 Nikolao
1416 1131 1543 1171 presule
1568 1131 1715 1161 mittente
1739 1141 1845 1162 susce-

192 1183 288 1224 pisti1
312 1186 344 1213 et
368 1193 429 1224 que
455 1183 594 1213 omnium
618 1183 762 1223 gentium
786 1182 903 1212 retinet
927 1183 1140 1222 principatum
1168 1184 1200 1213 et
1230 1182 1270 1212 ad
1296 1192 1391 1222 quam
1422 1183 1518 1213 totius
1548 1182 1658 1213 mundi
1687 1184 1777 1223 quasi
1805 1184 1845 1214 ad

192 1245 289 1265 unam
318 1237 455 1265 matrem
488 1237 519 1265 et
548 1244 646 1264 unum
678 1237 772 1275 caput
801 1234 994 1264 conveniunt
1019 1234 1174 1264 nationes.
1224 1233 1332 1264 Nolite
1361 1234 1499 1274 amplius
1527 1233 1677 1264 deserere
1710 1237 1845 1265 matrem

148 1299 173 1318 πο
192 1288 291 1326 tuam,
317 1286 391 1326 quia
414 1285 487 1316 illac
504 1285 549 1315 tui
572 1295 636 1315 non
663 1285 868 1324 obliviscitur,
893 1286 968 1326 quin
992 1285 1099 1326 potius
1123 1286 1214 1325 quasi
1239 1286 1366 1316 unicum
1390 1285 1494 1326 diligit
1518 1289 1550 1316 et
1573 1296 1701 1326 semper
1724 1296 1845 1317 memo-

191 1337 273 1368 riam
296 1338 341 1368 tui
366 1347 474 1368 coram
494 1336 633 1367 Domino
658 1336 743 1367 facit.
783 1336 854 1367 Non
880 1337 964 1367 enim
988 1337 1110 1367 licitum
1135 1336 1194 1367 fuit
1217 1336 1330 1367 Grecis
1354 1337 1485 1367 alterius
1507 1337 1730 1378 parroechiam
1754 1348 1845 1368 usur·
1891 1357 1897 1359 f

191 1399 286 1430 pare,
317 1389 434 1419 sanctis
462 1388 523 1419 hoc
550 1388 695 1428 patribus
722 1389 923 1429 apertissime
947 1388 1221 1429 prohibentibus2.
1268 1388 1310 1418 Et
1337 1388 1455 1419 idcirco
1484 1389 1544 1429 ipsi
1573 1392 1683 1420 contra
1707 1400 1845 1420 canones

192 1440 334 1481 Spiritud
356 1440 420 1471 Dei
444 1439 589 1470 conditos
617 1442 649 1470 01
676 1440 774 1470 totius
797 1440 906 1470 mundi
930 1441 1111 1471 reverentia
1135 1444 1338 1471 consecratos
1362 1444 1486 1471 nostras
1510 1442 1649 1471 retinent
1672 1440 1846 1472 dioeceses.

193 1492 291 1532 Quos,
315 1493 340 1522 si
364 1502 421 1533 pro
438 1493 492 1522 tuo
516 1490 609 1522 nobis
631 1501 695 1521 non
719 1494 805 1522 esset
827 1502 947 1532 amore,
972 1493 1033 1522 iam
1059 1502 1117 1532 per
1134 1491 1309 1532 apostolice
1335 1491 1420 1523 scdis
1443 1493 1634 1523 sententiam
1658 1492 1731 1523 inde
1757 1503 1844 1523 com-

149 1555 174 1574 25
192 1544 405 1585 pelleremuse
429 1543 527 1574 exire.

295 1606 390 1629 DATA
408 1605 454 1630 UT
472 1605 589 1629 SUPRA.
916 1612 1120 1626 *AL—e

988 1743 1054 1771 199.

302 1802 461 1834 Iohannes
483 1801 581 1833 VIII.
601 1811 688 1840 papa
710 1801 885 1832 Anastasio
908 1801 1014 1832 abbati
1038 1801 1075 1841 (s.
1093 1800 1266 1832 salvatoris
1289 1801 1435 1841 Reatini)
1455 1801 1619 1840 praecipit,
1642 1804 1679 1831 ut
1701 1800 1842 1832 cellulmn

190 1864 213 1885 s.
238 1853 400 1885 Valentini
422 1854 458 1885 in
481 1853 611 1885 Sabinis
638 1853 816 1884 (lauderico
841 1852 1042 1893 (Velltreizsi)
1066 1853 1216 1892 episcopo,
1240 1853 1293 1884 cue·
1316 1863 1384 1884 camv
1407 1852 1587 1889 abstulerat,
1611 1852 1730 1883 reddat.

1682 1905 1754 1935 879.

148 1954 173 1973 3ο
304 1947 381 1974 Cod..·
409 1948 436 1975 R
453 1949 474 1982 f.
489 1952 519 1974 77
534 1956 561 1974 n.
575 1951 634 1974 200.

294 1999 378 2025 Edd..·
405 1999 500 2025 Editio
513 1999 640 2026 Romana
653 1999 738 2033 (1591)
757 1999 818 2031 HI,
834 2002 883 2025 428
896 2008 922 2025 n.
934 2002 988 2025 193.
1020 1998 1116 2024 Mansi
1137 1998 1212 2024 Cone.
1223 1999 1280 2025 coll.
1296 1998 1395 2030 XVII,
1409 2001 1455 2024 132
1473 2006 1499 2024 n.
1511 2002 1564 2024 193.
1598 1998 1691 2032 Miyne
1710 1998 1785 2024 Patr.
1797 1998 1843 2024 lat.

193 2041 330 2073 CXXVI,
348 2046 398 2068 849
416 2051 443 2068 n.
459 2045 515 2068 237.
535 2057 567 2061 -
587 2042 659 2074 Jaffe'
678 2042 740 2076 Rey.
755 2045 818 2068 3266
836 2042 939 2075 (2435),
978 2041 1054 2067 Keh'r
1072 2041 1157 2067 Italia
1172 2042 1315 2074 pontificia
1333 2042 1375 2074 II,
1398 2045 1443 2073 71;
1461 2041 1513 2074 IV,
1532 2046 1568 2068 25.

732 2125 923 2150 ANASTASIO
947 2125 1127 2149 RELIGIOSO
1149 2124 1301 2149 ABBATN.

299 2179 468 2210 Monemus
492 2180 681 2221 religionem
706 2183 792 2210 tuam
818 2183 850 2211 et
878 2190 1029 2221 expresse
1054 2180 1258 2221 precipimus,
1286 2183 1322 2211 ut
1351 2180 1436 2210 omni
1464 2183 1588 2210 remota
1615 2180 1783 2210 occasione
1811 2182 1843 2210 01

146 2243 171 2262 35
191 2230 352 2261 dilationis
375 2232 579 2262 inventionea
603 2231 752 2262 cellulam
776 2233 878 2262 sancti
894 2232 1057 2263 Valentini
1079 2232 1111 2262 in
1135 2231 1281 2262 Sabinisb
1305 2233 1443 2272 positam
1453 2232 1475 2271 4,
1500 2242 1596 2272 quam
1620 2241 1639 2261 a
1661 2230 1841 2262 Gauderioo

189 2281 364 2312 venerabili
389 2283 562 2323 episcop0⁵
586 2283 758 2323 abstulisti,
784 2283 814 2314 ei
838 2283 987 2314 continuo
1011 2283 1128 2314 reddas
1151 2293 1252 2324 usque
1276 2284 1306 2314 in
1331 2287 1471 2314 nostram
1496 2283 1702 2324 presentiam,
1726 2285 1761 2313 ut
1784 2292 1842 2313 1100

190 2344 282 2364 suum
302 2333 446 2364 laborem
463 2333 588 2374 perdat,
612 2344 671 2365 nec
688 2345 745 2374 pro
771 2345 820 2374 eo,
838 2334 924 2374 quod
948 2345 989 2365 ex
1012 2334 1085 2364 hinc
1107 2345 1165 2365 nos
1189 2334 1277 2375 adiit,
1301 2334 1360 2365 sibi
1385 2334 1509 2374 obesse,
1527 2334 1603 2375 quin
1623 2334 1729 2374 potius
1746 2333 1841 2374 prod-

189 2395 260 2416 esse
285 2390 466 2426 cognoscat.
504 2385 598 2420 Quod
615 2386 730 2416 etiamc
746 2386 803 2416 tibi
827 2385 1009 2417 faciendum
1026 2396 1084 2426 per
1099 2389 1282 2426 presentem
1299 2386 1528 2417 cubicularium
1546 2388 1688 2416 nostrum
1708 2385 1841 2415 manda-

291 2496 314 2528 fl)
333 2498 421 2522 -ione-
439 2497 466 2521 in
484 2505 536 2521 ras.
553 2497 584 2522 R.
655 2496 679 2529 b)
700 2506 767 2523 corr.
781 2506 811 2522 ex
830 2498 941 2530 tristigia
959 2497 990 2522 Ii'.
1063 2498 1084 2529 c)
1105 2506 1170 2523 corr.
1184 2506 1214 2522 ex
1233 2498 1270 2522 illi
1289 2499 1325 2523 al.
1338 2506 1407 2522 man.
1423 2498 1453 2522 R.
1524 2495 1548 2528 d)
1567 2498 1609 2527 ᾗ
1627 2497 1659 2522 R.
1730 2496 1752 2528 e)
1771 2504 1839 2521 corr.

145 2550 172 2568 40
189 2547 219 2564 ecc
237 2540 418 2572 compellemus
437 2540 473 2565 al.
485 2548 555 2565 man.
574 2540 605 2564 R.

294 2586 352 2612 199.
380 2586 403 2619 8)
422 2596 488 2612 corr.
502 2595 532 2611 εκ
550 2587 723 2612 inventionem
742 2587 773 2612 R.
862 2586 886 2618 b)
906 2588 1002 2612 sauinis
1021 2587 1053 2612 R.
1142 2587 1163 2619 c)
1182 2588 1229 2612 -ti-
1247 2588 1274 2612 in
1292 2596 1345 2612 ras.
1365 2588 1397 2612 R.

293 2663 319 2695 1)
341 2662 381 2694 Of.
397 2670 427 2696 p⁴
441 2667 486 2689 154
503 2665 596 2689 annot.
611 2667 634 2689 2.
723 2663 749 2695 2)
771 2663 810 2695 Cf.
832 2663 933 2690 Canon.
953 2663 1061 2696 apostol.
1077 2663 1154 2688 XIV
1168 2663 1286 2697 (XIII),
1308 2663 1347 2689 ed.
1369 2663 1458 2694 Hefcle
1476 2661 1716 2696 ‘Conci'lt'enyeschss
1734 2661 1761 2692 I,
1779 2664 1839 2686 804.

189 2705 215 2738 3)
237 2705 397 2731 Monasteriz'
420 2714 440 2732 s.
460 2705 612 2732 saluatoris
634 2706 748 2732 Reatini
773 2707 820 2740 (cf.
839 2715 865 2733 n.
886 2710 925 2739 79,
948 2715 976 2739 p.
993 2710 1020 2733 75
1042 2709 1134 2733 annot.
1152 2708 1190 2740 6),
1217 2707 1262 2732 cm·
1286 2715 1344 2731 una
1368 2714 1428 2732 cum
1452 2705 1571 2731 Iohanne
1595 2704 1725 2736 Farsensi
1749 2703 1841 2729 abbate

189 2747 343 2774 Ludom'cus
361 2748 402 2774 ΙΙ.
421 2749 483 2782 imp.
498 2757 522 2775 α.
536 2752 585 2776 872
605 2749 674 2776 Mai.
688 2753 720 2776 23
741 2750 908 2783 privileyium
926 2750 998 2776 dedit
1017 2749 1199 2782 (Miehlbaehcr
1220 2749 1284 2781 Περ.
1305 2752 1370 2775 1254
1386 2748 1502 2782 [1212›]).
1590 2748 1617 2779 4)
1639 2747 1711 2779 sze
1732 2745 1840 2777 saepius

145 2799 170 2817 45
189 2790 220 2816 in
243 2790 344 2817 chartis
363 2791 543 2824 Farfensibus
565 2793 687 2818 occurrit.
724 2792 847 2819 Eandem
870 2801 922 2819 esse
944 2801 975 2818 ac
996 2793 1128 2819 ecclesiam
1150 2800 1171 2819 s.
1188 2792 1323 2818 Valentini
1341 2791 1370 2817 de
1390 2791 1478 2817 Rocca
1497 2790 1612 2823 Antiqui
1631 2787 1839 2823 (‘Roccantica')

189 2833 264 2859 Kelzr
278 2834 398 2867 primum
416 2835 525 2861 coniecit
543 2835 574 2869 (l.
587 2835 603 2862 l.
622 2835 665 2868 II,
682 2836 729 2868 71),
745 2838 836 2868 postea
854 2836 942 2862 reiecit
961 2836 989 2868 (l.
1003 2836 1018 2862 l.
1039 2836 1056 2861 1
1062 2836 1089 2868 V,
1108 2836 1158 2867 25).
1245 2835 1271 2866 5)
1298 2834 1444 2865 Velim-ensi,
1465 2836 1499 2866 cf.
1521 2842 1545 2858 η.
1561 2836 1601 2863 83,
1619 2841 1646 2864 p.
1662 2836 1691 2857 79
1709 2833 1801 2857 annot.
1815 2835 1839 2856 2.
