2189 3042
150 1764 178 1784 cs.
194 1764 267 1785 2.Cor.
280 1767 298 1790 5,
311 1766 342 1785 20,

149 1867 178 1887 οἱ.
190 1866 343 1892 2.Cor.11,28.

366 202 424 230 170

363 287 556 315 transmarinis
576 286 703 320 partibus
726 286 760 313 dc
777 286 829 312 hac
852 294 881 312 re
904 286 1009 312 factum
1030 286 1081 317 est,
1105 285 1158 311 dis-

361 340 499 369 solvatur,
528 338 562 364 in
586 346 650 371 quo
678 337 845 363 videlicet
872 336 991 363 concilio
1020 338 1160 363 statutum

361 393 412 422 est,
437 392 468 416 ut
492 389 614 416 ordinati
638 389 667 415 in
689 390 769 423 parte
786 388 899 420 Donati,
924 388 947 414 si
970 387 1047 421 [ad]‘¹
1063 388 1158 414 catho-

360 442 442 467 licam
472 442 603 474 partem
631 440 752 467 transire
777 440 930 471 voluerint,
959 448 1015 465 non
1044 439 1158 473 suscipi-

359 496 445 519 antur
461 493 489 518 in
509 492 663 518 honoribus
685 491 755 522 suis;
782 486 820 517 de
841 487 901 517 hoc
924 487 1022 517 etiam
1044 486 1159 516 beatus

360 550 445 580 papa
467 539 672 569 Innocentius
697 538 775 569 dicit
797 538 944 578 kapitulo
966 527 1058 577 Li'ss,
1084 542 1159 575 quod

359 595 413 627 hii,
437 595 485 628 qui
513 603 529 620 a
553 595 663 621 Bonoso
688 594 793 621 eretico
819 593 942 620 ordinati
971 595 1048 626 sunt,
1077 602 1158 627 prop-

359 648 438 673 terea
472 646 530 672 sint
567 646 685 680 recepti,
726 654 761 672 ne
799 645 962 672 scandalum
1001 646 1160 672 remaneret

358 697 485 733 ecclesie.

422 881 514 912 Nune
543 882 652 922 itaque
681 881 751 911 aliis
780 881 984 921 patriarchis,
1014 881 1157 912 Alexan-

358 933 449 963 drino
474 932 625 964 videlicet
650 936 682 963 et
704 932 928 963 Antiochenob
947 935 979 962 et
1002 932 1157 963 Hieroso-

358 985 532 1023 limitan00‚
576 987 673 1025 atque
719 983 865 1014 omnibus
908 984 1158 1024 archiepiscopis

358 1036 573 1077 metropolitis
633 1035 792 1076 episcopis
849 1038 881 1066 et
937 1035 1158 1066 sacerdotibus

358 1090 537 1128 cunctoque
567 1087 652 1117 elcro
677 1086 1032 1128 Constantinopolitano
1063 1086 1157 1126 sedis,

359 1139 412 1179 qui
430 1138 469 1169 de
488 1138 686 1169 ordinatione
700 1138 794 1178 beate
810 1139 965 1178 memorie
980 1137 1157 1169 Methodii2

359 1194 392 1221 et
403 1190 520 1231 Ignatii
530 1190 541 1208 ³
556 1190 885 1221 reverentissimorum
902 1189 1157 1230 patriarcharum

359 1242 513 1280 existunt,
541 1251 605 1271 una
628 1241 793 1272 voluntate
823 1242 957 1282 parique
982 1244 1056 1272 voto
1081 1251 1156 1272 con-

359 1293 570 1324 sentientibus
594 1293 731 1324 eundem
755 1293 883 1323 Fotium
909 1291 1157 1323 satisfaciendod

358 1348 455 1386 atque
490 1355 598 1375 coram
637 1344 758 1385 synodo
793 1344 1044 1374 misericordiam
1080 1354 1156 1384 que-

358 1396 523 1427 1·endo‘³i11
540 1406 616 1427 vera
635 1396 806 1427 dilectione
831 1395 973 1435 fratrem,
996 1396 1027 1425 in
1051 1395 1156 1435 ponti—

358 1447 443 1478 ficali
481 1447 585 1478 officio
624 1447 889 1486 comministrum3
932 1448 963 1477 in
1004 1447 1156 1488 pastorali

358 1499 543 1539 magisterio
568 1498 831 1529 consacerdotem
855 1509 912 1539 pro
938 1498 1073 1538 ecclesie
1095 1498 1157 1529 Dei

359 1560 439 1590 paee
475 1553 507 1581 et
541 1550 679 1580 utilitate
714 1549 831 1579 amodo
867 1549 992 1579 Christo
1027 1549 1156 1580 favente

358 1601 530 1641 recipimus
547 1604 579 1632 et
596 1601 763 1640 habemus,
781 1601 854 1641 quia
871 1604 902 1631 et
919 1611 984 1640 VOS,
1003 1600 1155 1631 Christia-

357 1653 479 1683 nissimi
502 1653 713 1693 imperatores
737 1652 873 1693 augusti,
899 1652 952 1693 qui
977 1654 1084 1692 sancte
1111 1652 1157 1682 rei

357 1703 483 1745 publice
522 1704 770 1734 clementissimo
812 1704 929 1734 affectu
971 1703 1155 1743 gubernatis

358 1756 538 1795 imperium,
563 1766 621 1796 pro
639 1754 765 1785 Christo
783 1754 871 1796 fungi
888 1755 1049 1795 legatione
1067 1754 1155 1785 vide-

357 1807 444 1846 mini,
469 1806 544 1837 dum
562 1817 618 1848 pro
636 1817 715 1848 pace
733 1807 853 1846 rogatis
874 1806 1019 1845 ecclesie,
1037 1809 1069 1837 et
1088 1816 1155 1846 nos,

360 1858 474 1899 quibus
498 1858 672 1889 secundum
696 1857 876 1898 apostolum
894 1858 1035 1887 omnium
1053 1858 1155 1888 eccle-

356 1909 472 1940 siarum
493 1909 555 1940 Dei
579 1909 759 1940 sollicitudo
784 1908 947 1948 incumbit,
973 1911 1155 1939 controver-

356 1961 435 1991 siam
475 1961 615 2002 aliquam
658 1961 689 1990 in
728 1959 882 1990 ecclesias
919 1959 981 1990 Dei
1020 1959 1156 2000 amplius

356 2022 523 2043 remanere
540 2012 687 2043 uolentes
711 2012 794 2041 hune
818 2012 921 2052 ipsum
939 2009 1155 2051 patriarcham

357 2074 426 2094 cum
446 2063 591 2094 omnibus
612 2064 677 2094 sive
696 2063 855 2103 episeopis
876 2063 941 2093 sive
959 2062 1156 2103 presbyteris

357 2125 414 2145 seu
431 2116 545 2145 ceteris
562 2115 685 2146 clericis
703 2117 735 2145 et
751 2113 898 2145 omnibus
914 2113 1014 2153 laicis,
1032 2115 1064 2144 in
1077 2124 1156 2155 quos

357 2165 464 2196 iudicii
493 2165 597 2197 fuerat
626 2176 759 2196 censura
788 2165 946 2206 prolata&
978 2165 1019 2196 ab
1050 2166 1156 2196 omnig

358 2217 573 2257 ecclesiastice
604 2217 775 2247 sanctionis
804 2216 928 2246 vinculo
961 2216 1156 2247 absolvimus

357 2272 530 2310 sancteque
546 2268 899 2308 Constantinopolitane
920 2267 1055 2307 ecclesie
1072 2267 1154 2298 iudi-

357 2330 465 2350 camus
488 2320 631 2360 recipere
661 2319 771 2349 sedem
795 2319 1019 2359 Dominicique
1047 2320 1155 2360 gregis

357 2381 426 2401 esse
457 2373 633 2411 pastorem,
662 2370 716 2401 illa
740 2370 862 2400 scilicet
889 2373 1049 2410 potestate
1074 2370 1155 2407 fulti,

358 2433 453 2463 quam
471 2422 606 2452 ecclesia
614 2421 677 2452 Dei
693 2423 761 2451 toto
779 2424 935 2451 terrarum
950 2421 1026 2451 orbe
1041 2421 1156 2452 diffusa

843 193 1021 221 IOHANNIS
1040 193 1115 221 VIII.
1134 193 1252 220 PAPAE
1275 194 1449 221 EPISTOLA
1471 194 1529 221 207.

1212 283 1343 321 πατρῶν
1376 282 1669 322 Jzozgassm'vcovtcu‘h
1704 283 1742 314 οὗ
1775 283 1841 324 μὴν
1871 283 1906 314 δὲ
1934 283 2011 314 ἀλλὰ

1213 333 1265 363 καὶ
1288 333 1308 373 ἡ
1332 333 1404 373 ἁγία
1428 333 1566 368 σύνοδος
1588 333 1608 373 ἡ
1633 333 1665 364 ἒν
1681 333 1876 375 Καρθαγένῃ
1901 335 1940 365 λε’
1957 346 2010 365 κε-

1213 383 1340 424 φαλαίῳ
1369 385 1465 424 Myse:
1496 384 1710 425 ,,Κελεύομεν,
1740 386 1789 416 ἵνα
1813 386 1844 416 οἳ
1865 386 2010 426 κληρικοὶ

1212 438 1275 466 τῶν
1310 436 1507 466 Δονατισῑῶν
1540 436 1633 466 πάλιν
1670 437 1713 470 εἷς
1750 437 1805 477 τὴν
1842 437 2011 477 ἐκκλησίαν

1213 487 1446 527 ἀνακάμψωσι,
1480 487 1594 527 καίπερ
1627 488 1742 528 πρώην
1773 488 1836 519 ὑπὸ
1871 488 2010 519 συνόδου

1211 538 1470 578 καθαιρεθέντες,
1499 538 1552 569 καὶ
1581 539 1718 573 σύνοδος
1741 539 1848 578 ὁρᾶται
1873 540 2010 570 σύνοδον

1211 590 1331 620 λύουσα
1367 589 1417 620 διὰ
1451 589 1507 629 τὴν
1538 590 1651 620 ἕνωσιν
1684 590 1738 621 καὶ
1772 590 1926 630 ὁμόνοιαν
1957 594 2011 631 τῆς

1212 641 1412 682 ἒκκλησίας“·
1451 641 1504 672 καὶ
1537 640 1737 675 Ἰννοκέντιος
1776 641 1810 672 δὲ
1849 642 1867 672 ὁ
1903 642 2011 676 πάπας

1211 693 1291 732 λέγει
1315 693 1347 723 ἕν
1370 695 1414 732 τῷ
1438 692 1483 723 νε’
1506 693 1687 733 κεφαλαίῳ.·
1710 691 1828 728 ,,Οὗτοι
1851 693 1881 724 οῖ
1906 705 2010 734 χειρο-

1212 744 1396 784 τονηθέντες
1412 743 1475 774 ἀπὸ
1488 744 1636 775 Βονόσου
1657 747 1712 775 τοῦ
1729 745 1885 784 αἱρετικοῦ
1902 745 2009 785 δεχέσ-

1211 796 1334 830 θωσαν,
1358 796 1407 825 ἵνα
1430 795 1475 836 μὴ
1499 796 1592 826 πάλιν
1608 796 1770 827 σκάνδαλα
1795 797 1827 827 ἕν
1844 799 1878 836 τῇ
1896 796 2009 836 ἔκκλη-

1211 848 1261 887 σίᾳ
1285 847 1445 887 ἀναᾳηνῇ.“

460 2508 483 2539 ²²)
504 2517 552 2533 om.
571 2507 601 2531 Iz‘.
701 2506 726 2538 b)
745 2507 881 2532 autichcno
901 2507 933 2532 B.

1031 2508 1053 2539 c)
1072 2509 1282 2534 hierosilimitano
1300 2509 1332 2534 R.

1429 2508 1454 2542 d)
1473 2510 1518 2534 —do
1540 2509 1568 2534 in
1586 2517 1638 2534 ras.
1658 2509 1690 2534 R.
1786 2509 1808 2540 θ)
1826 2509 2006 2534 satisfaciendo

2041 498 2053 517 5

2032 754 2055 772 10

2031 994 2054 1013 15

2029 1252 2054 1270 20

2029 1507 2052 1526 2⁵

2027 1764 2052 1783 30

2027 2021 2051 2041 35

2026 2279 2051 2297 40

357 2551 555 2576 misericordiam
574 2558 659 2575 eoram
684 2551 781 2582 synodo
806 2550 945 2574 secundum
966 2552 1178 2576 cousuetudinem
1200 2553 1371 2584 postulantem
1394 2553 1420 2577 in
1439 2560 1500 2576 vera
1518 2553 1654 2577 dilectione
1676 2553 1792 2583 fratrem,
1817 2552 1844 2576 in
1866 2551 2005 2584 pontificali
2023 2556 2048 2575 45

357 2594 441 2618 officio
460 2594 660 2618 comministrum
684 2597 760 2625 atque
784 2601 868 2617 coram
891 2594 988 2624 synodo
1014 2594 1213 2619 misericordiam
1232 2595 1362 2626 querendo
1385 2595 1411 2619 in
1431 2595 1553 2626 pastorali
1571 2599 1615 2620 etc.
1633 2594 1666 2620 R.
1702 2594 1742 2620 De
1760 2595 1808 2619 hac
1826 2594 1949 2619 sementia
1970 2594 2005 2627 cf.

356 2645 421 2668 quae
440 2636 549 2660 disserui
566 2637 592 2660 in
612 2635 671 2661 NA.
691 2635 824 2666 XXXVI,
842 2637 895 2660 113.

985 2635 1005 2668 f)
1025 2632 1121 2661 ecffim
1141 2637 1172 2662 B.

1260 2638 1285 2669 g)
1304 2638 1331 2662 in
1348 2646 1401 2662 ras.
1421 2637 1452 2662 R.

460 2695 486 2728 1)
505 2695 554 2720 Est
572 2694 663 2720 lemma
681 2695 711 2719 in
732 2694 860 2727 Dionysii
880 2693 942 2719 Gon.
958 2693 1025 2720 decr.
1039 2695 1195 2721 Innocentii
1212 2704 1238 2722 η.
1254 2700 1293 2728 55,
1312 2695 1351 2722 cd.
1367 2695 1459 2729 Mifflw
1477 2694 1602 2727 LXVII,
1615 2698 1663 2722 260
1680 2694 1765 2728 (epist.
1779 2694 1815 2720 ad
1831 2694 2006 2720 Marciammz

357 2746 394 2770 ep.
410 2738 619 2771 Naissitnnwn)‚
641 2737 713 2768 Jaffe‘
734 2737 798 2770 Req.
812 2740 861 2762 299
880 2737 945 2769 (9⁶).

1017 2738 1042 2769 2)
1062 2741 1189 2764 843-47.

1261 2738 1287 2771 3)
1306 2742 1438 2771 847—58;
1457 2741 1578 2764 867-77.
1647 2737 1675 2771 4)
1694 2737 1755 2763 Scil.
1767 2737 1797 2763 in
1811 2737 1951 2763 Hadriani
1964 2737 2004 2764 ΙΙ.

356 2781 459 2814 synodo
479 2781 605 2807 Romana
626 2789 651 2806 α,
667 2783 717 2806 869
739 2788 760 2805 c.
773 2783 789 2805 3
813 2779 922 2811 (Mansi
944 2780 1030 2812 XVI,
1050 2784 1108 2810 129,
1130 2781 1203 2813 Jaffe'
1225 2781 1286 2814 Req.
1307 2781 1346 2813 1²,
1366 2782 1426 2814 370)
1450 2784 1474 2807 et
1496 2781 1591 2807 iterum
1612 2781 1643 2806 in
1665 2780 1777 2806 concilio
1803 2779 2004 2813 Constantinop.
2024 2787 2048 2806 50

357 2823 500 2855 (oecumeoz.
517 2823 597 2856 VIII)
616 2830 637 2849 c.
653 2827 719 2849 4—-6
737 2822 845 2855 (Mansi
865 2822 948 2854 XVI,
969 2824 1119 2856 162—163).
