2189 3042
327 155 387 185 352
692 149 918 176 FRAGMENTA
938 149 1105 176 REGIS'I'RI
1123 149 1306 176 STEPHANI
1325 149 1356 177 V.
1375 150 1493 177 PAPAE
1511 152 1552 178 32.
1566 151 1606 179 33.

429 236 495 263 Eds
514 237 607 270 Miqne
626 235 701 262 Patr.
715 236 761 262 lat.
777 235 916 267 CXXIX,
933 238 984 262 798
1002 244 1028 261 n.
1043 239 1057 262 9
1075 243 1106 262 ea:
1129 235 1161 262 G.
1182 250 1213 254 —
1234 235 1325 270 Rew:
1344 235 1417 268 Jaffe'
1431 239 1498 264 3450
1516 238 1613 270 (2645).
1642 237 1717 264 Kelzr
1735 237 1818 265 ltalia
1832 240 1974 273 pontificia

330 279 357 309 V,
372 282 420 306 163
436 287 464 304 η,
478 284 500 305 4.

377 362 577 387 STEPHANUS
597 362 779 387 EPISCOPUS
797 361 925 387 SERVUS
944 362 1129 387 SERVORUM
1150 363 1207 386 DEI
1226 362 1369 388 ROMANO
1388 363 1656 388 ARCHIEPISCOPO
1674 364 1920 391 RAVENNATI*¹.

431 416 535 448 Nosse
559 420 647 448 tuam
671 416 1017 448 venerabilitudinem²
1039 417 1196 456 volumus,
1228 417 1269 448 ad
1297 420 1422 448 nostras
1450 417 1663 459 apostolicasb
1686 429 1780 451 aures
1807 419 1877 451 fore
1902 430 1974 461 per-

325 471 454 501 ventum
471 468 648 500 Immolae⁰
673 469 860 510 episcopum
884 469 925 500 ab
949 468 1010 500 hac
1033 468 1104 499 luce
1128 469 1293 510 migrasse.
1334 469 1371 500 In
1395 469 1483 501 cuius
1506 469 1718 502 successorisd
1735 470 1893 502 electione
1917 482 1974 513 po·
2015 483 2026 502 ⁵

326 520 391 562 puli
417 520 604 552 divisionem
628 521 832 561 provenisse*³
855 520 1045 561 audivimus,
1074 520 1170 562 quod,
1194 521 1270 562 quia
1299 531 1397 562 saepe
1421 522 1606 563 contingere
1630 522 1722 562 solet,
1747 522 1974 563 quaerentibus

137 580 236 603 aaran.
246 583 266 606 ει,
278 583 309 602 21.
325 572 456 613 singulis
480 581 563 613 quae
593 581 650 602 sua
680 574 761 611 sunt,
791 581 855 602 non
878 581 961 612 quae
984 571 1059 602 Iesu
1083 571 1210 612 Christi,
1235 571 1317 603 adeo
1347 572 1427 604 nonf
1448 574 1608 605 miramur.
1642 573 1874 605 Verumtamen
1906 574 1975 616 plu-

325 624 461 654 rimum⁸
479 624 510 654 in
534 623 594 654 hoc
618 625 706 654 tuam
730 625 878 663 oportet&
894 622 1041 654 adhiberi
1064 623 1321 665 sollicitudinem,
1345 627 1381 656 ut
1404 627 1578 657 convocato
1596 625 1681 657 clero
1707 628 1739 657 et
1761 626 1881 667 populo
1902 626 1975 658 talis

320 674 424 706 inibih
440 674 577 716 eligatur
593 685 650 716 per
666 673 729 705 Dei
749 674 1011 713 misericordiam,
1036 674 1087 706 cui
1109 675 1191 706 sacri
1214 686 1277 706 non
1293 675 1423 708 obvient
1443 687 1592 708 canones.
1627 676 1836 709 Sacerdotum
1855 678 1973 720 quippe

320 729 369 758 est
391 726 506 758 electio
531 730 563 758 et
589 726 692 758 fidelis
723 726 833 767 populi
861 736 1034 758 consensus
1060 726 1261 758 adhibendus
1285 730 1342 768 est,
1374 728 1449 770 quia
1470 733 1619 765 docendus,
1649 727 1718 760 noni
1742 734 1900 767 sequendus
1924 735 1967 761 est
2003 739 2027 759 ιο

319 778 484 818 Ρορυὶιιεῑῖ.

1129 936 1178 967 33.

429 992 611 1035 Stephanus
629 991 664 1024 V.
683 1002 774 1034 palpa
799 992 908 1032 leyatis
930 993 974 1024 ad
992 993 1105 1026 Slavos
1127 994 1272 1026 euntibus
1295 994 1563 1026 commonitorium
1580 994 1643 1029 dat,
1732 994 1809 1035 (835
1825 997 1888 1035 ex.)

427 1061 489 1088 Gon.
501 1069 576 1088 can„-
600 1062 624 1087 A
643 1063 664 1095 f.
678 1062 737 1088 158¹
755 1069 782 1087 n.
796 1064 835 1088 31.

422 1112 508 1140 Echi..-
539 1112 637 1139 Ewald
661 1113 691 1139 in
710 1112 774 1140 NA.
796 1113 825 1145 V,
838 1116 890 1140 408
912 1121 941 1139 η.
954 1115 985 1140 31
1003 1125 1032 1135 =
1055 1114 1181 1140 Miklosic'
1204 1117 1229 1140 et
1250 1111 1337 1141 Rae‘ki
1360 1114 1390 1140 in
1410 1113 1539 1140 ‘Starine’
1557 1114 1623 1140 ΧΠ
1643 1115 1746 1149 (1880),
1770 1118 1821 1141 220
1843 1123 1870 1141 n.
1888 1119 1919 1141 14
1943 1126 1972 1141 ε

318 1156 410 1182 Emler
436 1155 551 1189 Reqesta
578 1156 718 1183 Bohemiae
744 1158 769 1182 et
796 1156 935 1182 Moraviae
955 1156 1001 1183 11⁷
1014 1157 1114 1191 (1892),
1145 1160 1194 1183 708
1220 1165 1246 1183 n.
1261 1160 1321 1184 1765
1345 1168 1374 1180 =
1395 1157 1538 1184 Friedrich
1569 1157 1654 1184 Codex
1678 1157 1864 1191 diplmnaticus
1895 1157 1972 1191 requi
2003 1168 2027 1187 1⁵

320 1198 463 1225 Bohemim
481 1199 501 1225 Ι
514 1199 656 1232 (1904107),
676 1203 706 1226 26
723 1207 751 1225 n.
764 1202 802 1225 27.
823 1214 856 1218 —
875 1198 954 1232 Ray„-
973 1200 1046 1232 ιΤαΐΤέ
1067 1204 1142 1228 3408.

356 1286 650 1312 COMMONITORIUM
669 1287 838 1312 DOMINICO
857 1287 1035 1313 ΕΡΙὸΟΟΡΟ3
1054 1288 1219 1313 IOHANNis
1237 1289 1281 1313 ET
1300 1288 1456 1314 STEFANO
1477 1286 1750 1322 [PRESBYTERIJSb
1771 1288 1940 1313 EUNTIBUS

1028 1331 1076 1355 AD
1094 1331 1270 1356 SCLAVOSc.

425 1380 528 1411 Cumd
551 1380 622 1412 Deo
646 1381 786 1422 propitio
809 1381 944 1422 ingressi
964 1380 1172 1413 Sclavorum⁰
1194 1382 1274 1413 fines
1298 1381 1431 1422 fueritis,
1457 1384 1546 1414 tanta
1569 1392 1626 1413 vos
1651 1385 1763 1413 ornate
1787 1380 1969 1421 modestia‘,

321 1434 356 1462 ut
379 1431 476 1463 vestri
498 1435 742 1473 vestrorumque
767 1433 908 1464 omnium
931 1435 1021 1464 actus
1045 1433 1231 1474 exemplum
1258 1433 1422 1475 religionis
1449 1433 1627 1475 praebeant
1655 1433 1726 1464 rudi
1758 1432 1887 1475 populo,
1913 1433 1970 1464 ha·
1999 1443 2023 1463 ao

155 1482 430 1520 Maesa,1s.bentes
452 1493 530 1524 prae
559 1483 657 1514 oculis
687 1486 871 1514 monentem
894 1483 1081 1525 Dominum,
1113 1486 1159 1515 ‘ut
1187 1483 1317 1515 videant
1346 1487 1454 1517 vestra
1485 1495 1584 1526 opera
1613 1485 1698 1516 bona
1729 1488 1761 1516 et
1793 1484 1972 1526 glorificent

321 1537 447 1576 patrem
471 1537 622 1575 vestrum,
647 1535 700 1576 qui
723 1535 755 1565 in
780 1535 877 1566 caelis
901 1537 969 1566 est’.
1017 1535 1098 1567 Oum
1120 1536 1272 1567 veneritis
1300 1536 1342 1567 ad
1366 1536 1480 1568 ducem
1503 1536 1659 1577 patriae&
1684 1536 1780 1568 dicite
1805 1536 1848 1568 ei:
1871 1536 1968 1567 ‘Visi-

321 1589 389 1617 tant
412 1596 468 1617 vos
491 1586 710 1627 apostolorum
734 1587 893 1628 principes
917 1586 1031 1618 beatus
1053 1586 1169 1618 Petrus
1199 1588 1291 1628 regni
1318 1588 1466 1619 caelestis
1489 1587 1631 1628 claviger
1660 1590 1694 1619 et
1715 1588 1836 1619 Paulus
1860 1587 1972 1619 doctor

320 1638 472 1679 gentium.
507 1637 674 1668 Domnusg
697 1641 806 1669 autem
823 1637 1004 1679 Stephanus
1027 1639 1244 1670 sanctissimus
1267 1639 1413 1680 pontifex
1433 1642 1563 1670 sanctae
1588 1639 1765 1670 catholicae
1791 1642 1823 1670 et
1839 1641 1968 1680 aposto-

320 1690 400 1721 licae
423 1688 590 1720 Romanae
615 1688 770 1720 ecclesiae
795 1692 828 1721 et
850 1690 1037 1720 universalis
1060 1700 1156 1731 papa,
1180 1690 1330 1731 spiritalis
1354 1690 1505 1722 videlicet
1527 1692 1620 1731 pater
1643 1693 1759 1730 vester,
1784 1690 1891 1721 visitat
1912 1700 1968 1721 vos
1997 1703 2021 1723 25

317 1743 351 1772 et
378 1740 510 1772 mandat
533 1741 623 1772 vobis
653 1741 825 1772 amabilem
849 1742 1087 1782 paternitatem.
1133 1742 1349 1783 Amplectitur
1379 1743 1464 1774 enim
1493 1753 1550 1773 vos
1581 1742 1766 1784 spiritaliter
1802 1745 1835 1773 et
1866 1741 1970 1783 diligit

317 1793 399 1823 sicut
414 1793 543 1823 unicum
560 1795 593 1823 et
609 1793 807 1824 carissimum
830 1792 929 1824 filium
938 1793 960 1823 ⁵.
996 1792 1117 1825 Omnes
1137 1794 1323 1825 sanctissimi
1340 1794 1492 1835 episcopi,
1517 1794 1767 1825 reverentissimi
1791 1793 1970 1835 presbyteri

321 1846 354 1875 et
376 1843 502 1875 diaconi
525 1854 597 1875 cum
620 1843 743 1886 reliquo
768 1844 853 1875 clero
878 1847 1007 1875 sanctae
1031 1844 1197 1876 Romanae
1226 1845 1382 1876 ecclesiae
1410 1847 1522 1886 optant
1544 1845 1635 1877 vobis
1665 1845 1819 1881 salutem;
1850 1844 1970 1876 habent

320 1895 405 1927 enim
438 1894 564 1927 assidue
599 1896 696 1927 vestri
730 1896 919 1927 memoriam
953 1896 986 1926 in
1019 1897 1083 1927 suis
1114 1896 1186 1928 Deo
1222 1896 1325 1938 dignis
1359 1896 1555 1928 orationibus
1590 1897 1677 1938 apud
1710 1896 1970 1928 beatissimorum

319 1947 538 1988 apostolorum
561 1948 741 1989 principum
763 1947 882 1978 limina.
919 1946 1029 1978 Omnis
1053 1947 1248 1980 honorabilis
1271 1951 1400 1979 senatus
1424 1959 1443 1979 a
1458 1948 1529 1979 Deo
1547 1947 1785 1979 conservandae
1800 1947 1969 1979 Romanae
1999 1960 2025 1979 ao

318 1999 404 2030 urbis
428 2009 499 2030 cum
527 1999 651 2041 reliquo
681 2002 776 2030 coetu
798 1998 902 2030 fidelis
930 2000 1042 2040 populi
1071 2000 1224 2031 mandath
1248 2000 1339 2031 vobis
1369 2000 1498 2031 salutes.
1548 2000 1743 2031 Desiderant
1773 2000 1858 2031 enim
1887 1999 1973 2031 omni

321 2051 534 2092 prosperitate
559 2061 616 2082 vos
639 2051 671 2081 in
688 2050 805 2083 Christi
821 2050 884 2082 Dei
907 2051 1005 2082 nostri
1031 2051 1093 2082 fide
1118 2052 1241 2092 pollere
1267 2055 1299 2083 et
1322 2052 1442 2083 saeculi
1466 2052 1572 2093 gloria
1596 2051 1760 2093 gaudere’.
1793 2051 1903 2082 Primo
1920 2051 1972 2082 die

424 2180 450 2213 *)
479 2179 589 2205 Lemma
616 2179 647 2205 in
668 2179 709 2205 A:
734 2179 794 2213 [Ex]
821 2179 940 2214 registro
965 2179 1101 2214 Stephani
1123 2179 1168 2205 VI.
1198 2188 1289 2214 papae
1317 2180 1528 2215 archiepiscopo
1557 2179 1724 2206 Ravennati.
1756 2195 1788 2199 -
1815 2179 1853 2206 In
1871 2180 1911 2205 Β.·
1930 2179 1969 2205 Ex

471 2222 591 2256 registro
602 2222 648 2249 VI.
664 2222 808 2256 Stephani.
828 2237 861 2241 -—
880 2223 917 2248 In
931 2222 964 2249 0:
979 2223 1163 2257 Praeceptum
1176 2223 1209 2250 de
1222 2224 1359 2250 electione
1373 2224 1516 2250 imolensis
1531 2223 1657 2258 episcopi
1670 2225 1699 2250 et
1713 2223 1747 2250 de
1761 2222 1968 2250 consecratione

470 2265 621 2293 Oumensis.
656 2265 814 2299 Stephanus
835 2266 983 2300 episcopus
1005 2275 1099 2293 servus
1123 2275 1263 2293 servorum
1288 2267 1340 2293 Dei
1366 2267 1489 2294 Romano
1514 2266 1726 2301 archiepiscopo
1746 2265 1911 2293 Ravennati.
1932 2280 1963 2284 —-
1994 2276 2019 2296 35

471 2309 507 2335 In
529 2308 569 2335 G.-
591 2308 631 2335 De
651 2309 754 2336 eodem.
792 2309 862 2336 Item
887 2309 1044 2343 Stephanus
1069 2309 1217 2344 episeopus
1242 2319 1336 2337 servus
1361 2319 1502 2338 servorum
1529 2310 1580 2337 Dei
1606 2310 1729 2336 Romano
1757 2308 1967 2343 archiepiscopo

471 2351 636 2379 Ravennati.

420 2420 461 2447 32.
487 2421 511 2454 Β)
530 2422 753 2447 venerabilitatem
769 2421 807 2454 A,-
825 2423 1007 2448 fraternitatem
1027 2423 1057 2447 G.
1139 2422 1163 2454 b)
1184 2432 1232 2448 om.
1246 2424 1277 2448 G.
1360 2424 1383 2455 0)
1402 2424 1483 2449 Imole
1496 2423 1535 2453 A,·
1554 2423 1731 2448 Immolensem
1752 2423 1783 2449 G.
1866 2421 1891 2454 d)
1910 2430 1967 2447 suc-

316 2465 438 2490 cessionis
451 2465 483 2490 A.
565 2464 588 2496 e)
608 2466 754 2497 pervenisse
767 2465 800 2495 A,
813 2465 846 2496 B,
860 2465 886 2490 Ο.
974 2464 993 2497 s)
1011 2475 1062 2490 non
1081 2466 1144 2491 adeo
1165 2466 1195 2491 G.
1284 2467 1309 2497 8)
1328 2468 1356 2492 in
1373 2467 1422 2492 hoc
1441 2472 1515 2492 tuam
1535 2467 1674 2499 plurimum
1693 2470 1792 2498 oportet
1813 2465 1845 2497 0,·
1873 2466 1900 2490 in
1920 2465 1968 2490 hoe

316 2508 454 2540 plurimum
473 2511 570 2541 oportet
588 2512 659 2533 tuam
679 2508 710 2533 G.
798 2507 823 2539 h)
843 2509 924 2533 iuhibi
945 2508 977 2538 C,⁴
1000 2509 1035 2533 ibi
1056 2509 1087 2534 G.
1175 2508 1193 2541 i)
1213 2513 1251 2534 est
1270 2511 1380 2542 populus
1399 2518 1450 2535 non
1470 2510 1615 2542 sequendus
1636 2509 1666 2535 G.
1996 2516 2021 2535 40

419 2549 460 2576 33.
487 2550 510 2583 ⁹¹)
532 2548 543 2576 '1³
562 2551 595 2576 A.
660 2550 684 2583 b)
702 2552 740 2576 vel
760 2548 894 2584 [diaconib
912 2556 994 2576 monet
1013 2552 1157 2577 Friedrich.
1220 2553 1243 2583 c)
1263 2553 1295 2578 ad
1314 2553 1442 2578 Scalituos
1460 2551 1469 2585 Η
1488 2553 1508 2586 f.
1524 2555 1583 2578 159:
1602 2553 1633 2577 nd
1651 2553 1756 2578 Sclavos
1771 2552 1802 2576 A.
1867 2549 1892 2583 d)
1912 2551 1968 2575 Lit-

317 2599 374 2619 tera
391 2594 498 2619 initialis
516 2595 582 2619 deest
596 2595 628 2619 A.
699 2593 723 2625 Θ>
742 2595 873 2620 clavorum
888 2595 920 2619 A.
991 2594 1008 2626 f)
1027 2596 1151 2620 mddestia
1163 2595 1195 2619 A.
1267 2595 1291 2627 Β)
1311 2596 1412 2621 donnus
1426 2596 1458 2621 A.
1530 2594 1556 2627 ¹³)
1576 2597 1680 2621 madant
1694 2594 1725 2620 Α..

420 2679 444 2711 1)
471 2678 513 2713 Cf.
531 2687 614 2712 supra
633 2688 662 2713 p.
677 2683 722 2706 351
740 2688 766 2705 n.
777 2683 816 2706 31.
921 2680 948 2712 2)
969 2678 1009 2713 Cs'.
1027 2679 1165 2706 Caelestini
1184 2680 1206 2706 I.
1225 2680 1300 2713 epist.
1317 2681 1376 2714 Eeq.
1392 2680 1465 2712 Jaffe
1489 2683 1535 2706 371
1564 2681 1642 2714 (154),
1671 2679 1709 2706 eol.
1724 2680 1816 2712 Μᾶρκε
1833 2679 1908 2705 Patr.
1922 2679 1967 2705 lat.

316 2721 443 2754 LXVII,
457 2725 512 2749 278.
582 2722 609 2755 3)
626 2723 787 2753 Triventino,
807 2723 841 2754 cf.
854 2730 939 2756 supra
954 2731 982 2755 1).
998 2726 1045 2749 189
1063 2731 1129 2750 ann.
1144 2727 1183 2755 12,
1199 2732 1227 2756 p.
1240 2727 1290 2750 327
1306 2731 1372 2750 ann.
1386 2727 1410 2750 3.
1485 2724 1512 2757 4)
1527 2723 1590 2750 Scil.
1600 2723 1812 2756 Soentopulcum,
1830 2721 1968 2749 Moravm

316 2763 417 2797 ducem,
435 2766 471 2798 cf.
483 2772 568 2798 supra
583 2773 611 2798 p.
627 2769 673 2793 160
689 2774 716 2792 n.
731 2769 789 2798 200,
805 2775 833 2799 p.
847 2769 899 2791 222
916 2773 943 2791 n.
959 2768 1015 2796 255,
1032 2773 1061 2799 p.
1077 2769 1129 2792 244
1146 2774 1173 2792 n.
1188 2769 1243 2792 276.
1331 2768 1357 2799 5)
1379 2766 1419 2800 C'f'.
1433 2775 1519 2800 supra
1533 2775 1562 2800 p.
1576 2770 1625 2793 223
1643 2767 1659 2793 l.
1673 2771 1687 2793 1
1704 2775 1731 2794 n.
1745 2769 1800 2793 255.
1995 2773 2020 2792 45
