2189 3042
132 1006 187 1031 Eph.
200 1009 219 1030 6,
230 1009 258 1026 12¹.

75 1108 234 1131 ((.E21²0ll.33.
241 1113 260 1129 6.

149 1315 174 1335 is.
187 1318 219 1335 56.
228 1318 260 1336 io.

112 1366 191 1388 Ezech.
204 1370 232 1391 53,
242 1370 259 1386 5.

113 1576 190 1596 Ezeeh.
201 1578 220 1600 3,
228 1578 237 1596 1
243 1579 261 1597 8.

144 1722 193 1743 Act.
201 1725 221 1743 ἦ.
229 1724 260 1742 29.

118 1750 136 1769 2.
146 1747 203 1767 Tim.
211 1748 234 1771 4,
243 1749 261 1767 2.

114 1786 261 1808 1.'1·i1n.6.1·1.

103 1889 218 1911 Mantum,
230 1892 260 1908 κεῖ,

96 1994 173 2014 Mauln.
185 1995 217 2017 10,
229 1995 261 2013 22.

98 2303 176 2324 Erech.
187 2304 218 2325 13,
231 2304 260 2322 18.

272 141 331 169 322
576 135 752 161 IOHANNIS
767 134 838 159 Vlll.
861 133 978 159 PAPAE
999 132 1198 159 EPiS'rOLAE
1223 132 1351 159 PASSiM
1372 132 1579 159 COLLECTAE
1598 135 1621 160 7.

272 223 485 265 perpendens,
519 222 575 253 sed
609 231 712 262 neque
750 220 942 251 christianae
982 219 1146 260 religionis
1178 218 1378 260 disciplinam
1411 219 1594 250 custodiens
1627 223 1691 250 tam
1724 219 1927 251 decessorum

272 279 449 305 nostrorum
474 273 602 314 scripta,
627 282 723 313 quam
749 272 890 302 recentia
914 273 1022 302 nostra
1039 271 1161 302 monita
1178 273 1288 302 contra
1305 280 1428 301 morem
1450 270 1671 312 religiosorum
1689 271 1868 312 principum
1886 277 1928 312 ct,

271 326 355 367 quod
381 328 429 356 cst
452 324 638 363 mirabilius,
663 327 775 354 contra
798 322 1062 354 cousuetudinem
1087 325 1293 363 tyrannorum
1318 325 1463 352 veterum
1487 321 1693 363 parvipendit
1716 326 1748 353 et
1774 322 1929 353 indictum

271 378 331 408 sibi
354 387 372 407 a
397 376 487 406 nobis
519 380 654 416 tempus,
687 385 757 406 cum
783 373 998 406 mediantibus
1021 373 1112 404 nobis
1137 384 1209 404 cnm
1233 373 1331 404 fratre
1362 373 1430 404 iure
1460 373 1686 414 pacisceretur,
1720 373 1928 415 praeripiens,

271 432 422 470 qnantum
449 428 478 458 in
511 438 544 458 sc
574 427 643 466 fuit,
674 437 732 467 per
762 429 900 457 vestram
934 425 1165 467 negligentiam
1198 426 1264 456 sive
1295 425 1595 457 condescensionis³
1625 425 1792 456 audaciam
1824 425 1929 456 fratris

271 480 411 510 absentis
432 489 563 520 regumn
590 479 730 519 pervasit
754 488 791 508 ac
816 489 874 519 per
897 478 958 509 hoc
975 477 1072 508 totius
1090 477 1248 508 ecclesiae
1264 476 1328 508 Dei
1344 477 1591 518 pulcritudinem
1607 477 1790 516 maculavit,
1815 487 1929 518 pacem

272 531 422 571 corrupit,
447 531 636 571 religionem
662 530 786 571 fugavit
810 534 852 568 ct,
876 534 911 560 ut
935 540 1006 560 cum
1031 529 1205 559 Tcrentio¹
1231 527 1459 569 compendiose
1484 528 1636 568 dicamus,
1660 528 1736 559 dum
1764 529 1795 559 in
1824 529 1929 559 alieno

273 589 406 614 bonorum
441 588 569 613 extortor
606 585 639 612 et
673 587 766 620 logum
803 587 950 612 contortor
988 581 1148 622 apparuit,
1187 580 1308 611 cunctis
1346 579 1530 611 criminibus
1563 580 1728 612 licentiam
1763 580 1929 611 relaxavit.

272 635 338 665 Nos
363 635 479 665 etenim
505 634 650 675 quamvis
674 634 774 672 illum,
800 643 895 674 quem
919 633 1045 663 interim
1070 632 1238 663 filiolitatis
1261 642 1370 662 amore
1395 632 1648 673 complectimur,
1678 631 1796 673 oppido
1821 642 1930 673 repre-

272 687 461 718 hensibilem
492 696 553 716 non
585 696 751 727 negemus,
778 696 832 715 vos
862 688 969 716 tamen
1000 684 1101 715 multo
1133 683 1452 725 reprehensibiliores
1482 683 1694 723 agnoscimus,
1724 684 1777 724 qui
1807 684 1838 714 in
1869 683 1930 714 illis

272 738 415 779 partibus
439 737 632 769 sacerdotali
656 737 841 778 magisterio
866 736 1003 777 praediti
1030 740 1062 766 et
1086 736 1285 777 apostolatus
1307 735 1406 766 nostri
1428 734 1610 766 recent-ibus
1633 735 1761 766 monitis
1784 735 1930 775 instituti,

273 790 347 820 dum
373 800 413 820 ex
439 789 544 820 officio
569 792 675 819 vestro
701 789 855 819 restitisse
879 788 980 819 libere
1005 798 1168 828 nunquam
1192 786 1354 825 videmini,
1379 787 1490 828 procul
1514 786 1611 817 dubio
1636 787 1835 818 consensisse
1859 797 1931 828 pro-

273 842 402 880 bamini,
428 843 459 872 ot
483 851 549 875 vos,
575 840 627 881 qui
653 844 800 882 pastores
818 840 969 879 dicimini,
995 850 1128 880 gregem
1145 839 1238 870 vobis
1255 839 1421 879 creditum,
1446 839 1519 879 quia
1537 849 1598 869 non
1616 838 1804 879 retraxistis,
1821 839 1930 880 utique

273 894 313 924 nd
351 893 577 934 praecipitium
611 893 819 933 provocastis
866 891 908 922 Et
944 892 996 923 ubi
1030 896 1090 928 est,
1121 901 1324 932 quaesumus,
1356 890 1442 932 quod
1472 890 1562 921 viceb
1587 890 1704 921 Christi
1733 892 1765 921 in
1796 890 1932 922 ecclesia

274 947 443 985 fungimur.
473 945 499 975 si
522 955 579 985 pro
605 943 732 974 Christo
764 946 874 974 contra
903 944 1105 974 insolentiam
1138 943 1316 984 principum
1348 953 1411 974 non
1441 943 1608 981 luctamur,
1639 943 1828 983 praesertim
1859 952 1931 973 cum

277 996 450 1027 secundum
477 996 658 1037 apostolum
682 1006 743 1026 non
769 996 809 1026 sit
833 995 935 1026 “nobis
959 995 1143 1026 colluctatio
1168 994 1322 1026 adversus
1346 1005 1473 1026 carnem
1503 998 1535 1025 ct
1558 995 1757 1035 sanguinem,
1788 993 1845 1025 sed
1874 993 1931 1025 ad-

272 1059 381 1080 versus
406 1049 564 1089 principes
589 1051 621 1078 ct
643 1049 849 1088 potestates'?
880 1047 944 1078 Ubi
969 1051 1018 1078 est
1041 1047 1127 1089 quod
1161 1047 1303 1088 episcopi
1329 1046 1472 1081 dicimur,
1498 1048 1522 1077 si
1547 1046 1587 1078 de
1612 1046 1799 1078 sublimibus
1828 1046 1931 1076 eccle-

276 1101 422 1131 siasticae
449 1099 648 1130 discretionis
672 1099 810 1139 speculis
834 1099 979 1141 gladium
1004 1099 1185 1129 venientem
1210 1109 1271 1129 non
1301 1099 1468 1138 ceruimus,
1500 1102 1675 1137 cernentes,
1706 1102 1741 1128 ut
1763 1098 1932 1138 devitetur,

274 1152 461 1183 annuntiare
479 1151 682 1192 diffugimus?
706 1150 879 1182 Enimvero
904 1150 1089 1181 sacerdotes
1112 1161 1175 1181 nou
1199 1150 1240 1180 ad
1264 1151 1412 1189 gratiam,
1436 1150 1492 1181 sed
1523 1149 1564 1180 ad
1588 1160 1740 1191 pompam
1773 1149 1932 1180 immerito

275 1205 335 1235 dici
367 1204 604 1244 cognoscimur,
635 1204 661 1233 si
703 1214 782 1244 quos
820 1203 937 1233 docere
969 1202 1151 1241 debuimus,
1185 1203 1275 1243 sequi
1308 1201 1559 1237 contendimus&
1597 1203 1621 1232 si
1658 1211 1737 1242 quos
1770 1201 1930 1241 corrigere

275 1256 452 1291 debuimus,
477 1255 591 1286 saltem
616 1255 722 1285 verbis
747 1254 961 1294 pastoralibus
985 1266 1046 1285 non
1073 1258 1239 1286 terremus,
1275 1259 1362 1284 Hinc²
1390 1258 1522 1284 Dominus
1547 1267 1596 1292 per
1613 1252 1742 1284 Esaiam
1760 1257 1930 1291 prophetam

275 1308 477 1338 sacerdotum
503 1306 736 1337 taciturnitates
760 1310 888 1344 increpat
904 1310 1012 1336 dicens:
1031 1308 1130 1336 ‘Canes
1147 1310 1227 1342 muti,
1248 1319 1305 1336 non
1323 1310 1450 1337 valentes
1471 1307 1596 1341 latrare’;
1617 1309 1682 1336 hinc
1704 1315 1761 1346 per
1779 1304 1932 1335 Ezechie-

276 1360 341 1390 lem
371 1358 573 1389 sacerdotum
605 1357 820 1399 negligentias
851 1358 957 1398 arguit
988 1362 1096 1389 dicens:
1127 1360 1199 1389 ‘Non
1230 1362 1397 1388 ascendistis
1428 1371 1461 1389 ex
1492 1362 1610 1388 adverso
1639 1369 1730 1394 neque
1761 1360 1933 1395 opposuistis

274 1423 382 1440 murum
402 1422 450 1447 pro
469 1414 550 1439 domo
569 1413 662 1444 Israel,
682 1414 714 1438 ut
732 1413 845 1439 staretis
864 1413 893 1438 iu
912 1413 1020 1446 praelio
1039 1413 1068 1439 in
1087 1413 1133 1439 die
1152 1412 1281 1439 Domini?
1320 1412 1359 1438 Ex
1379 1412 1494 1439 adverso
1513 1412 1618 1446 quippe
1642 1412 1790 1439 ascendere
1814 1413 1857 1438 est
1884 1419 1934 1445 pro

275 1465 432 1492 defensione
451 1464 546 1499 gregis
564 1463 653 1490 libera
666 1472 732 1491 voce
751 1463 833 1490 huius
852 1464 948 1490 muudi
967 1465 1158 1498 potestatibus
1177 1463 1324 1496 contraire,
1345 1466 1373 1491 et
1391 1464 1420 1490 in
1439 1464 1485 1491 die
1497 1463 1609 1490 Domini
1629 1463 1656 1490 iu
1671 1463 1775 1498 praelio
1794 1465 1868 1490 stare
1887 1464 1930 1489 est

275 1517 370 1553 pravis
386 1517 597 1544 decertantibus
614 1525 647 1543 ex
664 1516 792 1543 iustitiae
806 1525 901 1543 amore
918 1516 1057 1548 resistere,
1084 1512 1169 1553 quod
1194 1522 1318 1543 rursum
1342 1522 1399 1553 por
1423 1511 1562 1543 eundem
1578 1511 1773 1553 prophetam
1790 1511 1933 1543 deterret

276 1566 438 1608 inquiens:
470 1563 514 1595 ‘Si
544 1574 607 1595 non
636 1564 875 1595 adnuntiaveris
898 1564 1008 1605 iniquo
1032 1565 1237 1605 iniquitatem
1261 1574 1362 1604 suam,
1387 1564 1576 1604 sanguinem
1601 1564 1669 1594 eius
1694 1563 1734 1594 de
1758 1573 1854 1594 manu
1877 1565 1932 1592 tua

276 1617 459 1659 requiram’.
497 1615 581 1651 Quid
605 1615 647 1647 ad
670 1616 751 1646 haec
775 1615 927 1655 dicemus,
951 1615 1085 1646 fratres?
1118 1615 1264 1646 Forsitan
1289 1614 1362 1646 ideo
1387 1626 1442 1645 vos
1467 1614 1669 1646 excusabiles
1693 1613 1832 1652 creditis,
1857 1613 1932 1655 quia

277 1680 387 1710 regem
422 1679 484 1699 non
517 1668 716 1709 arguendum
749 1667 861 1706 dicitis,
895 1667 951 1697 sed
983 1667 1197 1698 monendum?
1232 1667 1285 1697 Ad
1316 1666 1397 1698 haec
1425 1667 1603 1707 apostolica
1634 1667 1711 1698 tuba
1742 1665 1929 1707 respondet:

277 1721 431 1752 'Obedire
456 1722 583 1761 oportet
598 1719 670 1750 Deo
690 1719 792 1760 magis
816 1729 911 1759 quam
936 1718 1138 1757 hominibus',
1163 1722 1195 1749 et
1216 1718 1336 1749 Paulus
1353 1718 1540 1749 Timotheo:
1559 1719 1692 1759 ‘Argue,
1718 1718 1861 1757 obsecra,
1886 1718 1930 1748 in-

277 1783 373 1814 crepa
397 1773 428 1803 in
452 1772 538 1802 omni
562 1772 716 1812 patientia
741 1774 773 1801 et
797 1770 964 1806 doctriua}
995 1770 1071 1801 item
1097 1769 1186 1801 Tito:
1212 1769 1382 1801 ‘Divitibus
1412 1770 1506 1800 huius
1535 1770 1653 1801 saeculi
1686 1770 1838 1811 praecipe
1870 1780 1933 1801 non

277 1824 416 1866 superbe
441 1834 555 1865 sapere
579 1833 683 1864 neque
708 1832 837 1863 sperare
861 1823 893 1852 in
916 1822 1037 1853 incerto
1061 1822 1242 1853 divitiarum
1266 1822 1415 1853 suarum?
1452 1821 1517 1852 Aut
1540 1822 1801 1862 persecutionem
1819 1832 1932 1863 quam-

277 1877 357 1908 libet
388 1875 614 1917 praecavistis?
650 1874 713 1905 Sed
747 1884 765 1904 a
796 1873 933 1905 Domino
963 1874 1080 1904 iussum
1112 1877 1159 1904 est
1186 1874 1245 1904 ita:
1277 1873 1369 1904 ‘Cum
1395 1884 1450 1904 vos
1474 1874 1635 1914 persecuti
1665 1873 1783 1904 fuerint
1810 1874 1842 1904 in
1869 1883 1934 1904 una

277 1929 417 1968 civitate,
441 1928 542 1968 fugite
567 1928 597 1957 in
622 1927 739 1957 aliam?
778 1927 843 1956 Aut
865 1929 1016 1964 mortem,
1042 1936 1124 1966 quae
1150 1926 1270 1956 cunctis
1292 1925 1405 1956 ultima
1435 1935 1541 1966 poena
1565 1929 1627 1963 est,
1661 1925 1831 1956 timuistis?
1868 1923 1934 1956 Sed

277 1981 364 2012 idem
387 1979 574 2019 redemptor
602 1982 710 2008 noster
738 1978 768 2008 in
802 1978 968 2018 evangelio
1000 1988 1057 2008 nos
1080 1977 1225 2008 hortatus
1255 1980 1304 2007 est
1333 1976 1455 2007 dicens:
1486 1976 1606 2008 'Nolite
1640 1977 1753 2008 timere
1782 1987 1847 2016 eos,
1879 1977 1933 2018 qui

277 2032 425 2064 occidunt
441 2041 566 2072 corpus,
583 2030 722 2062 animam
739 2032 847 2060 autem
864 2040 924 2060 non
938 2027 1073 2070 *possunt
1097 2029 1266 2060 occidere?
1296 2029 1418 2059 Verum
1436 2029 1511 2070 quia
1534 2028 1612 2059 nihil
1636 2028 1761 2069 horum,
1779 2030 1854 2070 quia
1873 2039 1932 2060 nec

276 2083 478 2115 inferendum
494 2082 585 2113 vobis
609 2081 649 2112 ab
673 2082 780 2122 aliquo
804 2080 919 2119 fuerat,
945 2081 1103 2121 timuistis,
1127 2085 1228 2112 restat
1251 2081 1362 2122 procul
1388 2080 1495 2119 dubio,
1518 2081 1593 2122 quia
1617 2090 1679 2111 non
1698 2080 1801 2111 solum
1818 2090 1930 2112 secun-

278 2136 353 2166 dum
382 2134 629 2176 prohibitionem
663 2132 749 2163 sedis
781 2133 976 2173 apostolicae
1008 2134 1236 2173 compatriotas
1259 2136 1382 2163 vestros
1414 2133 1454 2163 ab
1486 2133 1649 2163 invasione
1679 2132 1770 2173 regni
1800 2132 1932 2164 alterius

277 2186 520 2218 sacerdotaliter
542 2196 604 2216 non
627 2184 781 2223 vetuistis,
806 2184 904 2215 immo
928 2184 1095 2225 cupiditati
1121 2195 1230 2215 eorum
1248 2185 1344 2215 vestri
1368 2184 1486 2215 favoris
1511 2184 1746 2215 conniventiam
1773 2184 1932 2216 sociantes

278 2239 367 2280 quasi
399 2237 546 2278 pulvillos
576 2236 634 2267 sub
665 2235 771 2266 cubito
803 2245 914 2266 eorum
947 2247 1098 2267 manuum
1131 2237 1298 2267 consuistis
1331 2242 1363 2268 et
1395 2236 1472 2267 illud
1501 2246 1560 2267 vae
1584 2236 1675 2267 vobis
1706 2235 1931 2277 propheticum

277 2290 471 2328 maturastis,
503 2299 565 2329 quo
599 2288 726 2319 dicitur:
757 2289 826 2318 ‘Vae
849 2291 901 2323 his,
933 2292 981 2325 qui
1008 2294 1149 2319 consuunt
1176 2292 1310 2327 pulvillos
1340 2292 1391 2319 sub
1421 2293 1497 2320 omni
1526 2292 1621 2320 cubito
1645 2300 1745 2319 manus
1769 2294 1798 2319 et
1822 2291 1933 2320 faciunt

278 2344 427 2372 cervicalia
446 2344 494 2370 sub
515 2343 609 2377 capite
627 2342 772 2369 universae
791 2342 893 2369 aetatis
913 2343 948 2368 ad
968 2342 1118 2376 capiendas
1138 2342 1261 2369 animas.³
1300 2342 1385 2373 Quasi
1412 2343 1485 2369 enim
1505 2343 1624 2377 pulvillo
1650 2342 1761 2369 cubitus
1780 2343 1825 2369 vel
1844 2343 1931 2370 eervi-

278 2397 386 2423 calibus
406 2397 491 2429 caput
510 2394 629 2421 iacentis
648 2393 795 2427 excipitur,
816 2393 899 2419 dume
919 2393 1097 2420 correctionis
1111 2393 1217 2420 duritia
1236 2394 1365 2428 peccanti
1385 2394 1561 2421 subtrahitur
1574 2393 1655 2427 eique
1674 2394 1808 2420 mollities
1826 2394 1931 2421 favoris

280 2448 437 2478 adhibetur,
456 2448 488 2473 ut
506 2446 535 2472 in
554 2454 644 2472 errore
657 2445 779 2471 molliter
797 2444 897 2477 iaceat,
918 2453 999 2477 quem
1019 2444 1096 2471 nulla
1115 2445 1347 2472 contradictionis
1365 2445 1503 2480 asperitas
1517 2446 1619 2480 pulsat.
1646 2445 1700 2472 Sed
1718 2445 1789 2472 haec
1801 2447 1931 2477 rectores,

280 2501 328 2534 qui
352 2501 441 2527 semet
464 2499 540 2533 ipsos
560 2498 691 2532 diligunt,
715 2498 758 2524 his
779 2498 875 2531 procul
900 2497 994 2529 dubio,
1018 2493 1108 2524 iuxta
1125 2492 1211 2534 quod
1228 2493 1342 2524 beatus
1361 2493 1592 2535 praedeeessor
1608 2496 1716 2525 noster
1733 2493 1930 2535 Gregorius*

385 2625 407 2649 T.
434 2624 457 2655 Β)
477 2634 522 2649 con
543 2624 765 2649 condescensionis
786 2623 862 2647 Sirm.
951 2621 976 2650 b)
995 2624 1076 2647 vicem
1098 2624 1175 2648 Sirm.
1266 2624 1287 2655 c)
1306 2632 1363 2648 cuiu
1385 2624 1489 2656 Greyor.
1504 2625 1537 2656 cs.
1551 2633 1611 2649 ann.
1626 2627 1650 2649 4.

386 2710 410 2742 1)
431 2709 556 2735 Phormio
575 2717 594 2735 ι’,
607 2712 663 2735 374.
734 2708 761 2739 2)
784 2707 824 2740 Cf.
837 2715 919 2740 snpra
937 2716 964 2740 p,
979 2711 1030 2733 319
1049 2716 1115 2734 aim.
1130 2713 1150 2734 1.
1218 2708 1244 2741 3)
1259 2706 1300 2742 Cf.
1316 2709 1437 2742 (r'reyori-z'
1451 2709 1474 2736 I.
1489 2708 1620 2741 Reyalam
1638 2707 1799 2741 pastoralem
1814 2707 1858 2740 II,
1871 2712 1886 2734 4
1901 2719 1929 2729 =

284 2752 395 2784 h'eflistr.
410 2752 431 2784 I,
447 2755 478 2777 24
497 2751 534 2778 erl.
549 2751 616 2778 ΜΘ.
632 2751 718 2784 Epist.
737 2751 758 2782 I,
773 2754 814 2776 32.
919 2750 945 2780 4)
967 2750 1007 2782 Cf.
1024 2751 1147 2784 (r're-qorii
1160 2751 1183 2777 1.
1216 2751 1344 2785 Βεςμιῖαιη
1361 2752 1526 2785 pastoralem
1548 2751 1587 2784 II,
1600 2755 1623 2778 8.

1958 695 1983 714 10

1959 954 1983 972 15

1960 1212 1985 1231 20

1958 1470 1982 1489 2⁵

1959 1727 1984 1746 ³⁰

1960 1987 1984 2006 35

1958 2244 1985 2264 40

1958 2503 1986 2521 ⁴5
