2189 3042
251 166 306 196 102
674 154 852 182 IOHANNIS
871 153 946 179 VIII.
965 152 1084 179 PAPAE
1106 150 1305 177 EPISTOLAE
1327 149 1386 176 213.
1405 149 1464 176 214.

69 259 228 283 errantem
245 250 305 280 Dei
330 257 424 289 pace,
450 256 510 287 que
535 246 664 285 superat
687 252 814 273 omnem
839 251 980 280 sensum,
1010 240 1042 270 in
1071 238 1212 269 fraterna
1236 237 1408 268 dilectione
1439 239 1471 267 et
1500 237 1531 266 in
1562 235 1695 277 pristina
1723 235 1893 266 devotione

246 310 356 330 omnes
385 297 559 329 concordes
589 299 621 326 et
647 294 815 325 unanimes
842 301 974 323 manere
997 291 1145 322 valeatis:
1177 292 1210 321 et
1237 293 1311 320 tunc
1342 289 1408 319 sive
1439 287 1479 318 de
1510 286 1670 317 Landulfo
1699 286 1895 317 venerabilia

247 350 446 392 presbytch
478 358 572 389 quem
602 347 742 377 omnium
766 344 828 375 Dei
857 343 1061 374 sacerdotum
1089 346 1121 373 et
1148 340 1289 372 iudicum
1314 350 1371 371 seu
1395 340 1491 371 totius
1516 338 1668 379 Capuane
1693 337 1797 379 plebis
1820 340 1894 368 voto

246 403 378 443 parique
410 410 566 431 consensu
596 399 735 429 electum
762 395 904 435 habetis⁷
936 395 1003 425 sive
1035 393 1074 424 de
1102 393 1173 424 aliis
1202 392 1392 423 necessariis
1420 391 1524 421 causis
1551 392 1690 421 vestram
1720 388 1895 420 secundum

247 462 353 482 sacros
383 461 520 482 canones
549 447 816 490 adimplebimusb
844 446 1052 477 voluntatem.
1102 444 1145 475 Et
1174 444 1292 475 idcirco
1323 453 1422 484 grave
1452 453 1515 473 non
1544 441 1692 472 videatur
1721 440 1897 472 nobilitatie
1928 449 1939 468 ⁵

247 507 350 544 vestre
374 505 527 542 nostrum,
550 506 585 532 ut
609 500 728 531 (lictum
753 502 810 536 est,
835 497 1008 539 specialem
1033 494 1224 538 prestolarid
1248 494 1430 526 adventum.

1028 653 1100 681 214.

357 725 515 757 Iohannes
535 723 628 754 VIII.
649 732 736 762 papa
756 720 926 759 Guaiferio
944 719 1089 759 principi
1105 717 1339 759 (Salernitana)
1363 717 1400 748 cle
1415 717 1521 748 eadem
1543 727 1577 747 re
1600 726 1637 747 ac
1659 726 1758 755 supra
1782 726 1812 746 n.
1826 716 1900 752 213,

249 778 285 808 de
308 777 408 808 armis
431 778 540 807 contra
559 775 728 815 Capuauos
749 773 892 811 sumptis,
917 771 953 802 de
968 771 1130 802 mancusos
1152 770 1191 801 ab
1208 769 1418 808 Amalfitamsss
1433 768 1567 800 Romam
1583 768 1761 806 deferendis
1782 767 1899 798 scribit.

1611 820 1674 850 879
1698 819 1815 859 (Sept.)

365 869 440 895 Cod.:
471 869 497 895 R
515 871 534 902 f.
548 872 580 894 86
598 876 624 893 η.
639 870 691 893 215.
1923 869 1946 888 ιο

354 922 439 948 Εᾱ(ῖ..·
467 921 560 948 Editio
575 920 701 946 Romana
714 920 801 952 (1591)
817 918 874 949 HI,
889 921 939 943 442
956 925 983 942 oz.
995 920 1051 943 206.
1080 916 1175 942 stlansz'
1195 915 1269 941 Cone.
1282 914 1339 940 coll.
1355 914 1455 946 XVII,
1470 917 1514 940 156
1526 921 1553 940 n.
1563 916 1620 939 206.
1650 913 1745 947 Illi-qne
1766 913 1842 938 Patr.
1856 913 1902 939 lat.

252 966 389 998 CXXVI,
410 968 459 991 sm
477 973 503 990 n.
518 967 574 990 250.
594 978 627 982 —
646 962 716 994 Jaffe'
736 962 803 995 Ray.
816 963 883 987 3273
902 960 1001 994 (2498).

647 1049 794 1074 DILECTO
817 1048 909 1073 FILIO
932 1047 1119 1072 UUAIFERIO
1145 1046 1313 1071 GLORIOSO
1334 1044 1508 1069 PR1N01P11.

361 1112 449 1143 Sicut
472 1111 563 1142 nobis
579 1109 694 1140 litteris
710 1108 846 1139 vestris2
863 1106 1048 1146 mandastis,
1073 1105 1159 1146 quod
1183 1105 1335 1136 devotam
1360 1105 1444 1135 circa
1466 1114 1524 1134 nos
1548 1104 1719 1135 amicitiam
1746 1106 1779 1134 et
1801 1104 1904 1134 sinee-

254 1175 321 1195 ram
345 1163 539 1195 conservetis
557 1162 772 1200 dilectionem,
795 1160 857 1190 hoc
873 1159 981 1189 multis
1004 1159 1068 1188 iam
1088 1157 1290 1188 evidentibus
1307 1156 1507 1187 documentis
1523 1155 1594 1186 luce
1619 1155 1734 1186 clarius
1758 1156 1903 1196 agnosci·
1925 1167 1948 1185 ιε,

255 1227 325 1247 mus
358 1218 390 1246 et
422 1218 574 1245 tenemus.
622 1212 715 1244 Unde
740 1215 772 1243 et
799 1214 907 1241 noster
931 1210 1127 1251 apostolicus
1151 1210 1275 1240 animus
1299 1209 1384 1239 circa
1406 1208 1608 1239 nobilitatem
1631 1210 1770 1238 vestram
1794 1210 1906 1248 utpote

257 1268 339 1298 circa
369 1266 566 1297 carissimum
594 1263 691 1294 filium
721 1263 877 1303 benignus
907 1262 1015 1292 existit
1047 1261 1177 1301 cupiens
1206 1260 1360 1291 honorem
1392 1262 1424 1290 et
1453 1259 1589 1300 gloriam
1612 1261 1750 1289 vestram
1779 1268 1907 1299 semper

256 1318 482 1349 immutilatam
499 1316 683 1356 conspicere
709 1317 740 1344 et
757 1314 878 1344 audire.
914 1313 963 1344 De
981 1313 1084 1343 electo
1102 1315 1220 1350 autem‚
1238 1311 1398 1342 Landulfo
1414 1311 1566 1342 videlicet
1580 1310 1757 1342 venerabili
1772 1310 1907 1351 presby-

258 1374 326 1400 tero
352 1368 503 1409 Capuam}
534 1367 684 1406 ecclesiet
716 1376 773 1406 pro
802 1376 863 1405 quo
892 1365 954 1395 iam
984 1365 1102 1394 totiens
1130 1366 1237 1394 nostro
1266 1362 1429 1403 pontificio
1458 1362 1675 1403 suggessistis,
1705 1372 1768 1393 non
1799 1361 1906 1402 aliquo

257 1421 341 1460 male
359 1420 530 1450 voluntatis
554 1418 671 1448 affectu
692 1428 748 1447 vos
771 1427 852 1447 nunc
876 1426 976 1457 usque
1001 1415 1111 1445 audire
1130 1415 1411 1455 pretermisimus³‚
1437 1414 1494 1445 sed
1517 1413 1585 1444 sola
1608 1414 1697 1455 pacis
1713 1423 1787 1453 vere
1812 1423 1908 1444 causa
1927 1424 1952 1442 20

259 1476 291 1503 et
313 1473 396 1502 inter
419 1471 582 1512 proximos
605 1469 730 1510 agende
755 1468 943 1499 dilectionis.
983 1467 1065 1498 Nam
1076 1467 1097 1505 ³,
1119 1466 1199 1497 sieut
1222 1465 1312 1497 vobis
1336 1476 1418 1496 nunc
1442 1465 1556 1496 litteris
1579 1466 1694 1496 nostris
1718 1475 1776 1506 per
1795 1465 1908 1496 Domi-

259 1525 363 1554 nicum
382 1522 591 1563 episcopun14
608 1520 648 1551 ad
665 1531 721 1551 vos
739 1520 852 1550 delatis
873 1519 1102 1556 mandavinnm,
1128 1518 1272 1558 cupimus
1288 1517 1359 1548 Deo
1377 1518 1516 1558 propitio
1533 1527 1590 1558 pro
1608 1520 1750 1547 vestrum
1767 1517 1908 1547 omnium

260 1576 362 1606 salute
391 1573 561 1604 concordia
589 1576 622 1603 et
644 1572 853 1602 unanimitate
881 1570 1028 1601 kalendis
1053 1569 1246 1600 Octubribus
1271 1568 1455 1599 Traiectum
1480 1569 1588 1599 venire
1613 1568 1720 1609 ibique
1744 1567 1908 1598 vobiscum

260 1630 292 1658 et
322 1637 393 1657 cum
418 1625 577 1666 Capuanis
606 1624 784 1664 ceterisque
813 1622 1005 1653 vestratibus
1033 1621 1120 1662 loqui
1151 1623 1182 1651 et
1211 1619 1358 1650 ordinare
1390 1620 1527 1660 primum
1559 1629 1612 1657 ea5
1646 1619 1727 1660 queb
1755 1619 1847 1649 nobis
1877 1621 1909 1649 et

259 1678 350 1709 vobis
374 1680 446 1707 sunt
469 1676 666 1707 necessaria⁰
684 1678 716 1705 ct
733 1677 836 1713 vestre
854 1673 923 1714 paci
948 1673 1142 1712 utilitatique
1165 1671 1321 1712 proficua;
1347 1674 1379 1702 et
1402 1674 1476 1701 tunc
1500 1670 1566 1701 sive
1591 1670 1630 1701 de
1647 1670 1772 1711 prefato
1794 1665 1907 1707 electo,
1927 1679 1952 1698 25

261 1731 327 1761 sive
356 1729 395 1759 de
424 1729 494 1759 aliis
522 1727 710 1758 necessariis
739 1725 842 1756 causis
872 1728 1010 1755 vestram
1042 1722 1288 1763 adimplebimus
1318 1723 1530 1762 voluntatem,
1562 1722 1636 1763 quia
1666 1724 1771 1752 vestro
1801 1721 1910 1762 sagaci

261 1781 392 1812 consilio
424 1780 647 1819 communique
679 1787 847 1816 consensu,
879 1786 938 1816 que
970 1786 1027 1816 pro
1058 1784 1138 1815 pace
1170 1774 1311 1804 fraterna
1342 1777 1373 1804 et
1404 1784 1461 1814 pro
1493 1778 1576 1813 terre
1607 1775 1713 1813 nostre
1744 1783 1781 1803 ac
1804 1776 1909 1812 vestre

262 1832 448 1863 defensione
481 1831 547 1861 sive
577 1830 823 1860 Sarracenorum
854 1826 1035 1868 perditione
1067 1825 1299 1856 consideranda
1335 1828 1367 1855 et
1400 1824 1596 1866 perficienda
1631 1827 1717 1865 sunt,
1751 1834 1909 1865 peragere

263 1885 416 1925 cupimus.
464 1883 677 1922 Quapropter,
707 1881 786 1910 sicut
810 1889 867 1909 nos
890 1881 1030 1909 vestrum
1054 1878 1199 1908 volumus
1223 1876 1417 1907 desiderium
1442 1879 1473 1907 et
1502 1876 1656 1906 honorem
1681 1876 1779 1906 alacri
1802 1878 1910 1906 mente

262 1935 408 1976 implere,
432 1934 476 1964 ita
493 1943 620 1974 quoque
638 1936 669 1963 et
685 1942 740 1962 vos
756 1932 821 1972 ina,
839 1942 899 1972 que
921 1933 1028 1961 nostro
1053 1929 1229 1970 apostolico
1247 1929 1376 1959 culmini
1399 1931 1470 1958 sunt
1488 1927 1645 1967 decentia,
1670 1927 1786 1958 devota
1803 1930 1910 1958 mente
1931 1937 1956 1956 30

264 1987 389 2017 debetis
418 1995 589 2026 peragere,
621 1984 765 2025 quamvis
796 1984 826 2013 in
855 1983 915 2013 hoc
947 1981 1196 2022 reprehensione
1226 1990 1287 2010 non
1316 1979 1463 2010 modicad
1489 1979 1575 2019 digni
1606 1978 1793 2018 videamini,
1827 1978 1912 2019 quod

264 2038 397 2078 sumptis
432 2037 527 2067 armis
556 2040 665 2066 contra
696 2034 866 2076 Capuanos
897 2035 979 2064 inter
1008 2033 1170 2064 assiduase
1199 2042 1398 2073 paganorum
1432 2031 1671 2072 persecutiones
1702 2031 1912 2061 consistentes

264 2090 414 2130 persequi
440 2092 471 2119 et
494 2089 670 2128 inpugnare
694 2086 966 2128 presumpseritisy
995 2088 1166 2125 antequam
1192 2094 1302 2114 eorum
1327 2083 1436 2124 culpas
1459 2082 1551 2113 nobis
1574 2081 1732 2112 veraciter
1755 2080 1915 2122 eognitass

265 2141 448 2171 fecissetisg.
492 2140 593 2170 Porro
618 2139 657 2169 de
681 2138 848 2177 mancosis,
874 2147 952 2178 quos
977 2147 1033 2177 pro
1058 2136 1244 2166 defensione
1270 2138 1353 2174 terre
1378 2135 1477 2164 sancti
1501 2134 1591 2164 Petri
1615 2132 1761 2164 dedimus
1783 2135 1816 2163 te
1840 2143 1912 2173 pre-

265 2194 355 2223 sente
374 2191 576 2222 Amalfitanis
586 2192 606 2229 5,
624 2190 779 2229 volumus,
803 2192 837 2219 ut
854 2188 986 2219 eosdem
1009 2197 1177 2218 mancosos
1201 2187 1261 2227 ipsi
1278 2186 1464 2216 Amalfitani
1482 2184 1630 2216 deferant
1653 2194 1761 2215 secum
1784 2184 1912 2224 navigio
1932 2194 1957 2213 35

265 2253 366 2284 usque
390 2243 420 2273 in
445 2245 573 2283 portum
596 2241 683 2271 urbis
707 2241 862 2280 Romane,
887 2239 1036 2280 quoniam
1061 2239 1140 2269 salvi
1165 2241 1197 2268 et
1219 2238 1323 2268 securi
1346 2237 1391 2267 ibi
1414 2236 1599 2277 manebunt⁷
1628 2239 1661 2266 et
1684 2239 1757 2266 tunc
1781 2238 1915 2276 accepta

267 2306 285 2325 a
311 2294 402 2325 nobis
430 2294 516 2335 prius
545 2293 723 2324 securitatis
750 2292 920 2333 sponsione
950 2291 1037 2331 ipsos
1064 2290 1156 2320 nobis
1179 2300 1347 2320 mancosos
1375 2288 1512 2320 reddere
1540 2290 1727 2328 procurent,
1757 2289 1915 2328 quatenus

267 2349 375 2377 nostra
398 2344 626 2386 recipientibus
651 2344 741 2374 nobis
764 2343 882 2374 nullam
908 2353 964 2382 pro
988 2342 1036 2372 his
1061 2341 1099 2372 de
1124 2344 1232 2372 cetero
1256 2341 1418 2381 patiantur
1442 2339 1643 2371 calumniam.

372 2546 394 2574 a)
414 2553 480 2569 corr.
495 2552 524 2568 ez
542 2543 685 2568 benerauili
704 2542 736 2566 R.
825 2540 849 2572 b)
869 2542 884 2565 b
903 2550 968 2565 corr.
984 2549 1013 2565 ex
1032 2549 1048 2565 u
1069 2541 1099 2565 R.
1189 2540 1210 2570 c)
1230 2540 1246 2563 b
1266 2548 1332 2564 corr.
1347 2547 1377 2563 ecc
1395 2547 1412 2563 u
1432 2538 1464 2562 R.
1553 2535 1577 2568 d)
1596 2536 1699 2561 -stolari
1718 2535 1745 2560 in
1763 2543 1816 2559 rae.
1837 2534 1868 2559 R.

372 2603 430 2628 214.
459 2602 482 2635 a)
507 2602 718 2635 pretermissimus
742 2600 773 2624 R.
878 2599 902 2632 ¹1)
927 2609 993 2625 corr.
1013 2608 1043 2624 cxc
1066 2608 1123 2632 e:1q;
1144 2599 1176 2624 R.
1282 2599 1304 2630 ὓ)
1327 2599 1460 2624 necesaria
1484 2597 1516 2622 R.
1621 2595 1646 2627 d)
1671 2605 1685 2620 o
1711 2604 1776 2620 corr.
1796 2603 1826 2619 ex
1851 2603 1864 2619 e
1883 2593 1914 2618 R.
1934 2598 1961 2618 40

270 2648 292 2679 θ’)
307 2647 422 2679 primum
440 2655 455 2671 a
474 2647 500 2670 ἰη
518 2654 570 2670 ras.
590 2645 621 2669 B.
710 2643 728 2675 ί)
748 2644 876 2675 cognitam
896 2643 928 2668 H.
1017 2642 1041 2674 Β)
1060 2643 1186 2667 facissetis
1205 2642 1237 2666 R.

374 2731 400 2763 1)
420 2730 600 2761 Sale-miano,
622 2728 657 2760 cf.
676 2735 762 2761 supra
780 2736 827 2754 am.
842 2730 865 2759 3,
885 2731 926 2759 29,
946 2730 985 2759 53,
1003 2731 1044 2753 86.
1136 2728 1162 2760 2)
1184 2727 1258 2759 Quae
1276 2734 1331 2752 non
1350 2727 1461 2752 cassiani.
1555 2724 1581 2756 3)
1603 2723 1644 2755 (Υ,
1663 2722 1796 2755 efflstozam
1814 2730 1840 2747 n.
1856 2724 1915 2754 213,

271 2774 424 2800 verbotenus
442 2774 499 2807 fere
517 2773 712 2798 consonmztem.
799 2771 827 2802 4)
849 2770 1038 2796 Trirentz'nzmz.
1127 2770 1153 2802 5)
1175 2769 1215 2800 Cf.
1236 2777 1260 2794 n.
1277 2773 1311 2795 79.

2167 1291 2179 1326 ἔ
