2189 3042
169 1243 196 1262 ef.
208 1242 347 1267 2.P0t1·.1‚3.

186 1293 263 1314 Manli.
276 1295 306 1318 16,
318 1294 348 1314 18.

241 1449 288 1471 Gal.
299 1451 317 1474 3,
329 1452 347 1470 1.

175 1552 202 1572 cf.
214 1552 263 1572 Act.
275 1554 306 1577 17,
317 1553 348 1572 21.

189 1758 218 1777 cf.
232 1756 290 1776 Phil.
302 1759 320 1781 1,
331 1758 349 1777 8.

221 1960 276 1982 1.Io.
288 1962 306 1986 3,
318 1963 349 1982 16.

158 2114 187 2134 cf.
194 2113 270 2134 matth.
278 2116 310 2139 16,
319 2116 349 2135 19.

365 206 423 234 1443
791 195 967 223 IOHANNIS
986 195 1060 222 VIII.
1079 195 1198 222 PAPAE
1221 195 1418 222 EPISTOLAE
1441 195 1498 222 181.
1517 195 1577 222 182.

361 293 409 319 est
432 287 516 318 male
541 287 675 327 agentes
699 284 890 315 auctoritate
915 282 1021 313 divina
1045 283 1206 323 corrigere
1230 282 1400 323 verbisque
1423 281 1604 313 salubribus
1627 281 1789 321 cohibere,
1812 292 1853 314 ne
1869 282 2007 314 tacendo

362 339 456 377 tales,
487 348 543 378 pro
571 336 675 367 dolor!
706 336 842 366 imitaria
870 335 976 375 potius
1006 344 1103 375 quam
1131 333 1303 374 prohibere
1331 333 1480 364 videaris.
1526 333 1584 364 Est
1612 334 1697 365 enim
1721 344 1762 365 ex
1784 333 1845 364 hoc
1868 334 2009 375 pessima

361 392 447 421 fama
470 389 651 420 universum
676 387 855 417 discurrens
879 396 937 426 per
953 384 1073 425 orbem,
1098 385 1183 426 quod
1200 384 1360 416 dominam
1378 385 1539 426 quondam
1557 388 1589 416 et
1605 385 1841 426 imperatricem
1858 388 2009 425 vestram,

360 442 430 473 cui¹’
454 444 593 471 vestram
620 438 716 469 fidem
741 448 799 478 per
822 436 1039 467 iusiurandum
1064 436 1225 476 dedistis0,
1253 436 1338 467 male
1366 437 1560 476 tractaretis,
1589 437 1640 467 cui
1662 437 1829 477 pristinum
1853 436 2009 467 honorem

361 494 554 534 dignamque
584 490 797 521 reverentiam
830 498 958 529 semper
987 487 1141 519 exhibere
1173 488 1367 520 debueratis,
1420 487 1512 519 Nunc
1542 488 1650 529 itaque
1679 498 1736 529 pro
1767 497 1877 518 amore
1908 487 2009 518 sancti
2042 498 2052 515 ει
2086 504 2092 505 ⁷

360 545 459 583 Petri,
485 543 542 573 sub
567 543 655 573 cuius
679 540 811 582 speciali
835 539 1023 571 defensione
1047 540 1199 579 consistit,
1224 550 1295 570 eam
1320 539 1490 571 adiuvared
1506 550 1569 570 non
1593 540 1819 580 pretermittas,
1842 548 2007 580 quousque

360 606 417 626 sua
442 595 557 634 omnia,
582 604 642 634 que
666 593 780 623 iniuste
805 591 972 632 perdidit0,
997 591 1104 631 possit.

463 659 557 684 DATA
576 658 621 683 UT
641 658 757 682 SUPRA.

1152 776 1220 806 182.

468 838 624 870 Iohannes
647 836 743 867 HJJ.
764 845 850 876 papa
868 834 1054 866 michaelem
1078 833 1409 874 11998111Βτιῖφανογτιυι
1434 833 1589 872 hortatur,
1612 836 1647 865 ut
1669 834 1713 865 ad
1731 834 1895 865 Romanae
1918 832 2009 864 eccle-

359 891 426 921 siae
449 889 671 921 oboedientiam
694 888 809 918 redeat.
1720 887 1783 917 879
1807 885 1922 926 (Mai.)
2030 895 2054 915 ιο

474 948 549 975 Ood..·
578 948 604 974 R
622 950 642 981 f.
659 951 685 973 71
704 956 730 973 τι..
746 950 798 973 183.

464 1000 549 1026 Εά(1.;
577 999 672 1026 Editio
688 999 813 1025 Romam
826 998 911 1031 (1591)
926 997 982 1029 ΙΙΙ,
996 1002 1045 1023 414
1064 1001 1156 1024 11174.
1185 996 1280 1023 Mansi
1301 996 1380 1023 Cone.
1393 996 1449 1023 coll.
1465 997 1562 1029 XVII,
1578 999 1625 1023 118
1643 1001 1736 1023 11174.
1765 996 1859 1029 Miqne
1875 996 1951 1022 Patr.
1964 995 2010 1022 lat.

362 1043 499 1076 CXXVI,
521 1047 570 1069 832
588 1046 681 1069 11217.
701 1056 734 1060 —
752 1041 828 1073 Jaffe
848 1041 994 1074 11198246
1012 1040 1110 1073 (2466).

751 1120 899 1144 DILECTO
922 1119 1012 1143 FILIO
1035 1119 1231 1143 MICHAHELI
1255 1119 1335 1143 REGI
1358 1118 1622 1143 UULGARORUM².

469 1177 552 1213 Quia
575 1187 631 1207 vos
660 1176 861 1216 omnipotens
882 1175 971 1205 Deus
995 1174 1078 1205 dono
1104 1175 1241 1215 gratuite
1265 1173 1483 1214 misericordie
1508 1183 1562 1213 sue
1586 1177 1780 1214 gentemque
1804 1176 1945 1204 vestram
1969 1172 2010 1203 ad
2030 1183 2054 1201 15

364 1230 579 1271 cognitionem
606 1229 653 1259 sui
682 1228 817 1258 nominis
845 1238 959 1258 vocare
988 1226 1136 1267 dignatus
1168 1229 1230 1265 est,
1261 1226 1444 1256 meminisse
1469 1225 1594 1257 debetis
1617 1225 1708 1264 hoca,
1737 1224 1822 1266 quod
1852 1223 2010 1256 Dominus

363 1282 459 1312 beato
484 1281 582 1311 Petro
611 1279 756 1320 apostolo
780 1279 873 1309 dixit:
898 1278 963 1309 ‘Tu
994 1289 1027 1309 es
1051 1278 1167 1309 Petrus
1195 1280 1228 1309 et
1257 1287 1353 1318 super
1382 1277 1464 1308 hanc
1494 1281 1620 1318 petram
1649 1276 1806 1308 edificabo
1827 1276 2010 1307 ecclesiam

363 1331 491 1364 meam?
536 1331 595 1362 Cui
619 1342 675 1361 vos
701 1331 733 1361 in
756 1330 929 1371 primordio
954 1329 1203 1361 Christianitatis
1230 1332 1335 1369 vestre
1363 1328 1424 1359 adb
1447 1328 1626 1370 regendum
1651 1328 1854 1359 commisistis
1878 1328 2010 1368 eiusque

363 1383 597 1415 successoribus
629 1382 671 1413 ad
706 1381 935 1415 obediendum:
971 1381 1028 1412 sed
1060 1381 1167 1411 nescio
1202 1391 1264 1421 qua
1295 1381 1418 1411 ratione
1447 1380 1487 1411 ab
1516 1381 1584 1411 eius
1612 1381 1798 1420 magisterio
1834 1379 2010 1410 calliditate

364 1435 563 1477 quorundam
588 1435 663 1465 estis
687 1428 847 1472 abducti2',
878 1433 923 1463 ita
950 1435 985 1463 ut
1013 1443 1084 1463 cum
1113 1432 1260 1473 apostolo
1291 1431 1447 1463 dicamus:
1477 1431 1568 1467 ‘Quis
1597 1442 1653 1462 vos
1682 1431 1850 1462 fascinavit
1877 1431 1925 1462 eic
1947 1441 2012 1461 non
2029 1439 2054 1458 2⁰

364 1486 518 1527 obedire²,
543 1486 593 1517 cui
617 1485 736 1516 dudum
760 1484 842 1515 eolla
859 1484 1077 1514 summisistis?
1116 1484 1182 1514 Aut
1197 1483 1259 1514 illis
1276 1483 1467 1523 credidistis,
1491 1486 1526 1514 ut
1542 1494 1621 1524 paee
1639 1483 1815 1514 Greeorum
1831 1483 2011 1524 loquamur,

365 1540 419 1580 qui
443 1538 559 1569 cotidie
583 1536 693 1568 novisd
717 1539 749 1567 ct
772 1536 867 1566 variis
892 1535 1066 1576 disciplinis
1090 1538 1186 1576 atque
1211 1535 1417 1576 dogmatibus
1440 1534 1694 1566 confunduntur?
1741 1534 1806 1566 Sed
1830 1544 1943 1575 queso,
1967 1533 2012 1564 fili

365 1590 541 1628 carissime,
571 1589 613 1619 ad
643 1591 751 1627 sancte
779 1588 890 1618 matris
919 1590 1023 1627 vestre
1047 1586 1194 1627 Romane
1227 1587 1362 1626 ecclesie
1387 1587 1504 1627 sinum,
1533 1597 1594 1627 que
1624 1590 1720 1627 caput
1748 1589 1796 1617 est
1824 1587 2010 1617 instituente

363 1641 435 1672 Deo
460 1641 599 1672 omnium
625 1640 832 1670 ecclesiarum
856 1639 886 1669 in
908 1641 975 1669 toto
1001 1638 1078 1668 orbe
1096 1637 1294 1678 diffusarum,
1315 1638 1434 1669 relictis
1450 1638 1725 1678 superfluitatibus
1742 1640 1774 1668 et
1789 1637 2010 1669 seductionum

364 1692 523 1724 scandalis
552 1702 608 1722 vos
637 1693 831 1732 gentemque
860 1692 1017 1720 vestrame
1047 1699 1157 1720 amore
1185 1690 1300 1720 mentis
1330 1690 1397 1720 sine
1421 1700 1511 1720 mora
1538 1689 1696 1729 reducite,
1726 1690 1800 1730 quia
1829 1690 1862 1720 in
1887 1691 2011 1719 tantum
2030 1697 2054 1716 25

364 1755 421 1775 vos
449 1744 620 1775 affectione
648 1746 783 1784 paterna
808 1741 983 1781 diligimus,
1007 1744 1042 1771 ut
1065 1742 1096 1771 in
1120 1741 1293 1772 visceribus
1317 1741 1435 1772 Christi
1458 1741 1532 1772 Iesu
1557 1751 1627 1772 esse
1651 1742 1826 1782 cupiamus.
1871 1740 1913 1771 Et
1936 1750 2010 1771 ecce

364 1796 468 1837 parati
491 1805 608 1833 sumus,
632 1797 667 1824 ut
690 1805 746 1824 vos
769 1793 1006 1823 lucrifaciamus
1030 1795 1071 1831 et,
1096 1792 1247 1833 quicquid
1270 1793 1451 1833 legatorum
1475 1795 1655 1823 nostrorum
1680 1792 1889 1823 offuscatione
1910 1802 2013 1832 nuper

364 1847 521 1878 offensum
546 1846 624 1886 est3,
655 1845 696 1876 ad
719 1855 834 1886 purum
864 1845 1024 1885 corrigere
1054 1847 1086 1875 et
1115 1845 1221 1875 omnia
1248 1844 1462 1875 maturissime
1490 1844 1739 1885 redintegrando
1770 1854 1881 1874 curare
1910 1846 1956 1884 et,
1985 1843 2011 1873 si

365 1899 548 1939 contigerit⁷
579 1907 641 1928 non
665 1896 767 1927 solum
792 1896 933 1936 compati
957 1898 988 1925 et
1012 1895 1184 1926 condolere
1208 1895 1383 1935 vobiscum,
1407 1895 1463 1926 sed
1489 1895 1604 1926 etiams
1625 1905 1682 1935 pro
1707 1895 1808 1926 salute
1833 1895 2011 1926 animarum

365 1953 542 1980 vestrarum
566 1949 647 1979 mori
670 1958 732 1978 non
756 1947 989 1987 recusabimus,
1020 1946 1145 1977 dicente
1170 1946 1314 1977 Iohanne
1339 1947 1500 1987 apostolo:
1530 1945 1702 1982 ‘Quoniam
1724 1946 1814 1977 Deus
1837 1957 1895 1987 pro
1919 1946 2011 1977 nobis
2029 1954 2055 1973 ³⁰

365 2001 505 2031 animam
535 2010 624 2031 suam
652 1999 773 2040 posuit,
807 2002 839 2029 et
866 2009 923 2029 nos
954 1998 1109 2029 debemus
1139 2009 1196 2039 pro
1229 1998 1379 2029 fratribus
1409 1998 1547 2029 animam
1576 1997 1719 2039 ponere.³
1763 1998 1879 2038 Vestre
1903 2001 2012 2028 tamen

365 2053 529 2083 dilectioni
553 2051 699 2082 convenit
723 2051 870 2081 monitisg
893 2051 1035 2091 paternis
1058 2050 1197 2091 benigno
1215 2061 1323 2081 amore
1341 2060 1469 2091 semper
1483 2049 1641 2091 prebereh
1657 2059 1821 2080 assensum
1840 2052 1872 2080 et
1889 2059 2012 2080 ammo-

366 2103 537 2135 nitionibus
566 2103 682 2134 nostris
706 2101 950 2133 accommodare
975 2101 1134 2142 auditum,
1159 2102 1233 2143 quia
1256 2102 1325 2142 ille,
1350 2103 1400 2132 eui
1423 2112 1442 2132 a
1465 2101 1604 2132 Domino
1628 2101 1733 2132 claves
1756 2102 1847 2141 regni
1871 2101 2013 2142 celorum

363 2155 484 2197 ligandi
522 2158 619 2196 atque
654 2154 799 2185 solvendi
834 2153 949 2184 collate
981 2156 1066 2192 sunt⁷
1099 2153 1217 2184 cotidie
1248 2156 1280 2184 et
1307 2153 1525 2184 indesinenter
1553 2152 1708 2193 expandit
1737 2153 1869 2184 brachia
1897 2155 1930 2183 et
1956 2162 2012 2183 vos

363 2210 562 2238 revertentes
589 2206 631 2237 ad
662 2216 696 2236 se
727 2205 926 2247 gratulanter
954 2204 1129 2245 expectati,
1161 2205 1309 2245 quatinus
1336 2215 1392 2235 vos
1420 2207 1530 2236 eterno
1558 2205 1679 2245 pastori
1707 2204 1823 2235 reddat
1845 2206 2011 2245 compotes
2031 2212 2054 2231 3⁵

365 2261 474 2299 eterne
505 2257 726 2297 beatitudinis,
760 2268 778 2287 a
806 2267 868 2297 quo
903 2257 1030 2297 accepit
1057 2256 1234 2287 ministerio
1258 2257 1305 2287 sui
1328 2256 1527 2297 apostolatus
1550 2256 1673 2286 animas
1696 2258 1818 2287 vestras
1841 2255 2011 2287 redimere.

467 2323 562 2347 DATA
580 2323 626 2347 UT
644 2323 760 2346 SUPRA.

468 2467 492 2498 ³)
511 2476 578 2492 corr.
591 2475 621 2491 ex
639 2467 723 2491 mirati
742 2467 776 2490 αἶ.
791 2474 859 2490 man.
878 2465 910 2491 B.
998 2464 1023 2497 b)
1043 2466 1127 2490 801-
1138 2466 1183 2490 de<
1201 2466 1228 2490 in
1246 2474 1299 2491 ras,
1318 2465 1349 2491 R.
1439 2465 1461 2497 c)
1481 2475 1547 2491 corr.
1560 2474 1591 2491 ex
1609 2466 1715 2490 dcdictis
1733 2469 1759 2490 et
1776 2465 1808 2490 R.
1897 2464 1921 2497 d)
1940 2465 2012 2490 adiu-

366 2511 427 2536 bare
447 2510 478 2535 R.
567 2509 589 2541 ⁹)
608 2510 697 2534 caecidit
716 2517 875 2541 recuperare,
894 2509 956 2533 sicut
970 2509 1074 2540 priores
1092 2508 1212 2533 editiones
1231 2509 1418 2540 suppleverunt,
1436 2513 1482 2533 aut
1499 2509 1580 2534 simile
1597 2509 1660 2541 quid
1677 2508 1710 2534 R.

470 2560 528 2586 182.
556 2561 580 2591 ²²)
604 2569 617 2585 8
640 2560 701 2585 add.
721 2568 801 2592 supra
819 2560 913 2584 lineam
934 2559 964 2584 R.
1057 2558 1081 2592 b)
1101 2560 1133 2584 ad
1157 2560 1244 2584 iterum
1268 2560 1353 2591 script.
1373 2564 1394 2585 et
1414 2560 1463 2585 del.
1482 2560 1513 2585 R.
1606 2559 1629 2592 0)
1648 2569 1714 2584 corr.
1734 2568 1764 2585 ecc
1787 2563 1812 2584 et
1837 2560 1871 2584 al.
1890 2567 1959 2584 man.
1978 2558 2010 2584 R.
2029 2563 2055 2582 40

367 2604 391 2636 d)
410 2614 477 2630 corr.
494 2613 525 2629 ea:
547 2604 597 2628 nob
617 2604 657 2628 uis
676 2603 707 2628 R.
804 2604 826 2634 Ε)
845 2604 891 2627 01-11
910 2602 940 2626 R.
1038 2601 1057 2633 s)
1077 2603 1124 2627 -ti-
1143 2603 1170 2626 in
1188 2611 1241 2627 ras.
1261 2603 1292 2627 R.
1389 2602 1413 2633 8)
1432 2612 1498 2628 corr,
1517 2612 1547 2628 ex
1571 2603 1663 2628 montis
1681 2602 1713 2628 R.
1809 2601 1834 2633 h)
1853 2602 1959 2635 prober-e
1978 2601 2011 2627 R.

366 2648 384 2680 i)
404 2657 471 2673 corr.
485 2656 515 2672 ea:
533 2650 670 2679 expectant
687 2646 722 2670 al.
738 2654 806 2670 man.
826 2645 858 2670 R.

472 2724 496 2755 1)
518 2722 560 2755 Cf.
573 2730 656 2754 supra
674 2724 752 2748 1066.
773 2736 804 2740 —
824 2721 866 2747 De
878 2721 928 2746 hac
946 2721 1055 2754 epistola
1075 2723 1097 2746 et
1116 2721 1280 2753 sequentibus
1298 2730 1344 2747 nn.
1359 2724 1413 2753 183,
1432 2724 1483 2748 184
1501 2722 1537 2754 cf.
1552 2720 1744 2755 Hevyenrother
1755 2719 1888 2746 ‘Photius'
1899 2719 1942 2752 II,
1954 2722 2011 2746 608.

367 2767 393 2798 2)
414 2766 454 2798 Cf.
463 2774 491 2798 p.
502 2770 533 2792 59
550 2767 641 2790 amzot.
656 2769 676 2796 1,
691 2768 714 2790 2.
784 2764 810 2792 3)
832 2764 936 2789 Paulus
950 2764 1139 2789 Anconitanus
1157 2767 1179 2790 et
1192 2764 1336 2797 Enyem'us
1353 2764 1480 2790 Ostiensis
1497 2764 1612 2797 episcopi
1630 2771 1687 2790 vere
1705 2772 1728 2790 a.
1743 2766 1793 2789 878
1805 2762 1835 2788 in
1849 2762 2012 2796 Bulqma'am

367 2809 440 2834 missi
459 2808 506 2841 (ef.
525 2816 552 2836 n,
567 2811 599 2834 66
607 2808 657 2840 sq.)
676 2807 744 2833 nihil
763 2807 893 2840 asqnehac
910 2807 939 2832 in
958 2807 1087 2840 Ieyaliooze
1105 2816 1155 2833 sua
1172 2807 1313 2840 profecisse
1330 2807 1458 2834 videntur.
2031 2811 2056 2830 45
