2189 3042
100 748 126 767 10

104 1005 126 1023 25

99 1262 124 1281 2⁰

99 1519 124 1538 25

99 1777 123 1796 30

101 2118 125 2137 35

101 2386 126 2403 -10

101 2600 126 2619 45

102 2815 128 2833 50

395 190 587 216 ANASTASH
607 190 904 218 BIBLIOTHECARII
924 189 1122 216 EPISTOLAE
1140 189 1221 216 SIVE
1240 189 1517 216 PRAEFATIONES
1536 190 1560 216 9.
1740 192 1801 221 425

154 281 284 306 munione
299 283 327 306 ct
344 280 462 306 veritate
483 280 621 306 catholica
638 283 667 306 ot
686 281 848 314 apostolica,
873 289 923 314 pro
947 289 1002 313 qua
1026 280 1096 305 hanc
1120 279 1179 305 fieri
1202 280 1279 305 sedes
1303 280 1457 313 apostolica
1480 279 1619 313 delegavit
1642 280 1804 313 factamque

153 331 286 357 firmavit.
324 328 444 359 Verum
474 329 500 358 si
528 330 635 359 omnia
666 338 864 369 exaggerare
895 328 1050 367 volumus,
1083 338 1165 369 quae
1196 329 1226 358 in
1256 328 1392 359 Honorii
1423 339 1526 369 papae
1559 329 1803 359 excusationem

154 379 306 420 colligere
323 390 500 420 possumus,
518 380 641 411 facilius
658 381 768 412 charta
784 381 875 411 nobis
892 391 987 421 quam
1005 391 1109 411 sermo
1128 380 1255 412 deficiet
1265 382 1284 421 ¹,
1302 383 1334 411 et
1350 380 1582 421 interpretandi
1603 380 1803 421 propositum

154 430 197 461 ad
220 430 400 462 dictationis
424 431 568 471 profecto
587 434 746 463 vertemus
771 432 944 472 eloquium.
983 431 1089 462 Unum
1115 434 1221 462 tamen
1247 432 1399 470 dicemus,
1425 431 1509 472 quod
1533 431 1668 462 reticere
1692 431 1804 472 procul

153 481 249 513 dubio
274 493 336 512 non
360 482 524 520 debemus,
550 484 624 524 quia
647 483 719 513 talis
749 485 797 513 est
821 482 923 513 dictus
948 482 1118 521 Honorius,
1150 483 1252 523 qualis
1281 486 1330 513 est
1359 486 1391 513 ct
1420 483 1656 523 p1·onuntiatus;
1689 482 1803 523 quodsi

152 534 225 564 talis
248 544 311 564 non
336 525 412 569 fuit,'
428 534 478 564 cui
502 534 542 564 sit
563 534 705 575 praefixa
729 534 897 572 sententia,
922 533 1065 574 profecto
1091 544 1152 564 non
1177 535 1246 573 erit,
1272 535 1432 575 quoniam,
1461 535 1542 564 sicut
1565 534 1717 575 scriptum
1743 536 1801 574 est,

152 585 248 616 homo
274 585 361 615 videt
384 586 415 615 in
439 585 530 625 facie,
554 585 643 616 Deus
667 588 775 616 autem
799 586 829 615 in
854 585 981 616 corde2.

260 635 325 667 Sed
356 646 430 667 ecce
460 636 534 667 dum
566 637 718 677 prolixius
748 635 906 677 praefatio
938 635 979 666 ad
1009 638 1040 666 te
1064 639 1172 666 nostra
1196 636 1351 676 dirigitur,
1376 636 1415 666 ab
1440 636 1671 677 interpretandi
1696 636 1799 667 studio

153 688 263 728 procul
292 688 503 718 abscessimus
531 687 700 719 ostendere
730 688 915 728 gestientes,
948 686 1032 727 quod
1064 687 1094 717 in
1125 688 1322 727 apostolicae
1348 687 1432 718 sedis
1456 692 1558 728 petra,
1584 691 1737 729 quantum
1762 688 1803 719 ad

152 739 249 770 fidem
272 739 419 780 pertinet,
446 750 502 770 nec
527 739 622 770 etiam
647 750 703 780 per
719 738 898 769 Honor-ium
922 739 1085 769 inventum
1107 739 1147 768 sit
1162 749 1303 779 unquam
1327 739 1493 779 serpentis,
1511 739 1542 769 id
1560 742 1608 769 est
1627 740 1802 770 virulentae

153 795 272 829 sectae,
296 791 473 831 vestigium.
510 790 606 822 Sume
630 791 726 831 igitur
748 791 812 821 iam
836 792 1047 821 memoratam
1064 790 1215 820 Iohannis
1239 800 1343 830 papae
1368 801 1425 830 pro
1443 790 1586 821 Honorio
1611 792 1804 831 apologiam,

154 852 243 873 sume
268 842 364 873 ctiam
390 846 421 873 et
445 853 501 883 pro
527 842 641 872 eodem
665 842 735 882 ipso
760 842 943 882 apologiam
960 852 1000 872 cx
1018 841 1154 882 epistola
1171 841 1327 871 Maximi³
1344 842 1489 872 monachi
1509 845 1540 872 et
1558 852 1590 873 re
1607 853 1683 873 vera
1700 842 1804 882 philo-

153 893 244 934 sophi
269 893 451 934 Christique
475 893 537 924 Dei
559 893 657 924 nostri
679 893 827 934 martyris
852 893 946 923 missa
970 892 1094 923 Marino
1118 892 1319 933 presbitero⁴
1344 893 1547 924 diffloratam.
1586 894 1660 934 Ipse
1686 895 1804 935 quippe

153 944 355 975 beatissimus
378 944 537 975 Maximus
567 955 628 975 non
657 945 759 975 solum
787 945 818 974 in
847 945 911 975 iam
936 944 1029 984 dicta,
1054 943 1110 974 sed
1135 946 1167 974 et
1189 944 1220 974 in
1245 954 1284 974 ca
1308 954 1403 984 quam
1427 945 1552 985 scripsit
1581 945 1621 975 ad
1653 945 1805 976 abbatem

156 995 341 1026 Thalasium
373 996 541 1036 epistola5,
572 996 635 1026 iam
664 996 860 1026 nominatum
885 995 1030 1026 defendit
1054 995 1243 1035 Honorium,
1269 1006 1378 1026 verum
1407 996 1504 1026 etiam
1532 996 1561 1026 in
1587 996 1723 1037 epistola
1747 1006 1805 1026 sua

153 1046 345 1088 dogmatica,
370 1057 465 1088 quam
492 1047 531 1078 ad
549 1048 681 1078 Petrum
705 1047 829 1088 scripsit
852 1047 1019 1086 illustrem,
1043 1057 1194 1087 magnum
1219 1047 1302 1077 hunc
1325 1050 1358 1077 et
1381 1047 1521 1078 divinum
1547 1047 1720 1088 appellatfi.
1755 1047 1805 1078 Ex

152 1108 215 1138 qua
242 1098 364 1129 scilicet
393 1099 528 1139 epistola
559 1099 598 1130 de
630 1098 745 1130 eodem
776 1109 861 1139 papa
884 1098 1028 1129 Honorio
1060 1101 1092 1129 et
1116 1098 1398 1129 Hierosolimitano
1428 1098 1607 1139 Sophronio
1619 1099 1641 1137 ⁷,
1672 1099 1710 1130 de
1742 1109 1804 1140 quo

151 1150 183 1180 in
213 1149 373 1180 translatis
403 1161 421 1181 a
451 1150 542 1180 nobis
573 1151 697 1191 scriptis
721 1160 819 1191 saepe
843 1151 1031 1181 memoriam
1057 1150 1188 1181 fecimus
1199 1150 1220 1187 Β,
1245 1152 1342 1191 atque
1367 1150 1406 1181 de
1431 1150 1554 1191 Pyrrho
1580 1150 1806 1181 Constantino-

151 1200 294 1242 politano
318 1201 460 1232 heretico
485 1201 687 1242 patriarcha⁰
713 1201 872 1233 difflorata
895 1202 1053 1242 quaedam
1077 1205 1173 1242 atque
1196 1202 1351 1232 translata
1372 1212 1411 1232 en
1427 1201 1484 1232 tibi
1502 1201 1673 1233 afferimus.
1706 1202 1805 1233 Prae-

152 1256 243 1284 terea
258 1253 459 1294 interpretati
476 1264 583 1284 sumus
600 1264 641 1284 ex
658 1254 794 1294 epistola
811 1253 955 1284 eiusdem
972 1254 1071 1284 sancti
1086 1252 1219 1284 Maximi
1231 1253 1273 1284 ad
1286 1253 1444 1284 Marinum
1458 1254 1575 1293 scripta
1589 1253 1804 1295 presbiterum

151 1304 423 1336 circumstantiam
439 1304 478 1335 de
492 1304 628 1346 Spiritus
641 1306 741 1336 sancti
754 1305 1000 1346 processione¹⁰,
1014 1305 1069 1335 ubi
1082 1305 1197 1335 frustra
1210 1305 1335 1335 causari
1351 1307 1461 1336 contra
1476 1315 1533 1335 nos
1552 1305 1654 1336 innuit
1673 1304 1805 1345 Grecos,

151 1366 223 1386 cum
253 1366 310 1386 nos
340 1366 402 1386 non
433 1366 562 1387 causam
585 1357 635 1387 vel
666 1357 855 1397 principium
879 1356 997 1386 Filium
1021 1356 1162 1387 dicamus
1186 1355 1322 1397 Spiritus
1347 1356 1456 1396 sancti,
1486 1359 1521 1386 ut
1544 1359 1722 1397 autumant,
1748 1356 1805 1387 sed

150 1408 307 1438 unitatem
330 1408 527 1439 substantiae
543 1408 650 1438 Patris
666 1418 703 1439 ac
719 1408 792 1438 Filii
809 1419 872 1439 non
888 1408 1077 1448 nescientes,
1096 1408 1177 1438 sicut
1193 1407 1340 1448 procedit
1355 1418 1395 1438 ex
1411 1407 1520 1447 Patre,
1538 1408 1583 1438 ita
1602 1418 1675 1438 eum
1692 1418 1805 1448 proce-

151 1459 227 1490 dere
251 1459 410 1490 fateamur
434 1470 474 1490 ex
496 1459 588 1499 Filio,
613 1460 798 1490 missionem
821 1460 969 1490 nimirum
994 1460 1230 1500 processionem
1254 1459 1481 1500 intelligenteS,
1499 1459 1552 1500 pie
1569 1459 1805 1500 interpretansgb

152 1511 315 1552 utriusque
343 1511 472 1552 linguae
500 1522 616 1552 gnaros
647 1510 688 1541 ad
717 1521 831 1552 pacem
859 1510 1038 1549 erudiensb,
1070 1509 1146 1541 dum
1177 1510 1298 1540 scilicet
1329 1512 1361 1540 et
1390 1520 1446 1540 nos
1477 1513 1509 1541 et
1541 1509 1662 1541 Grecos
1694 1510 1807 1542 edocet

152 1562 328 1593 secundum
352 1562 505 1603 quiddam
528 1562 704 1602 procedere
729 1565 761 1593 et
784 1561 958 1592 secundum
983 1561 1136 1602 quiddam
1159 1571 1222 1591 non
1238 1560 1415 1602 procedere
1432 1560 1584 1602 Spiritum
1602 1564 1745 1592 sanctum
1764 1572 1804 1592 ex

151 1613 245 1651 Filio,
271 1612 493 1643 difficultatem
518 1612 719 1653 exprimendi
736 1611 776 1642 de
794 1612 926 1642 alterius
944 1612 975 1642 in
991 1612 1122 1643 alterius
1138 1612 1267 1653 linguae
1284 1613 1516 1653 proprietatem
1533 1612 1723 1654 significans.
1755 1612 1805 1643 Si-

152 1663 282 1705 quidem
300 1666 332 1695 et
347 1664 529 1695 huiusmodi
545 1665 598 1705 pia
613 1664 878 1705 interpretatione
893 1666 1020 1695 sanctus
1034 1663 1109 1695 olim
1119 1664 1315 1695 Athanasius
1332 1663 1514 1695 Orientalcs
1531 1667 1564 1695 et
1580 1664 1807 1695 Occidentales

151 1726 248 1757 super
269 1715 493 1746 subsistentiae
516 1715 568 1746 vel
592 1726 748 1756 personae
773 1716 900 1746 nomine
922 1715 1112 1746 dissidentes
1134 1716 1283 1755 univitss,
1309 1715 1384 1746 dum
1407 1726 1505 1746 unum
1528 1715 1679 1756 idemque
1704 1719 1806 1747 utros-

153 1777 214 1808 que
237 1766 333 1798 corde
357 1767 488 1798 credere
512 1777 671 1808 sensuque
695 1767 834 1798 retinere
858 1766 1035 1807 perdocuit,
1059 1767 1134 1798 licet
1159 1767 1199 1798 ob
1223 1767 1353 1808 linguae
1371 1767 1582 1798 varietatem0
1599 1768 1693 1798 aliter
1709 1771 1806 1808 atque

151 1818 244 1850 aliter
273 1829 328 1850 ore
359 1819 585 1850 confiterentur
615 1822 648 1850 et
680 1818 870 1860 importunis
901 1818 1158 1849 contentionibus
1189 1818 1396 1849 deservirent.
1443 1818 1677 1849 Transtulimus
1707 1820 1804 1850 etiam

152 1870 309 1911 quasdam
333 1871 485 1911 epistolas
509 1870 672 1902 Theodori
694 1880 798 1911 papae
816 1870 1008 1901 successoris
1022 1869 1178 1910 praedicti
1195 1879 1299 1910 papae
1316 1869 1478 1910 Iohannis,
1496 1870 1586 1900 iuxta
1603 1869 1689 1910 quod
1705 1869 1806 1901 ordod

152 1921 316 1962 poscebat,
343 1922 477 1962 scriptas
506 1921 547 1952 ad
570 1921 716 1960 Paulum,
746 1931 961 1952 successorem
977 1920 1150 1961 Pyrrhiffl,
1185 1924 1218 1952 et
1245 1924 1484 1952 consecratores
1509 1921 1576 1951 eius
1588 1921 1626 1961 ¹³,
1659 1932 1805 1962 quorum,

260 2067 284 2099 ³)
303 2076 334 2092 m.
349 2072 439 2092 recent.
453 2077 518 2092 corr.
533 2076 562 2091 ea·
582 2069 774 2100 interpretantes
794 2068 824 2092 P.
953 2066 977 2096 b)
997 2076 1030 2092 m.
1043 2072 1134 2092 recent.
1148 2076 1213 2092 corr.
1227 2076 1257 2092 ea·
1276 2068 1422 2092 erudientes
1443 2067 1472 2091 P.
1598 2068 1619 2098 c)
1640 2068 1763 2092 unrietem
1778 2068 1807 2092 P.

154 2110 178 2141 d)
199 2111 233 2135 al.
244 2119 276 2135 m.
291 2110 398 2142 antiqua
416 2118 542 2141 sapei-scr.
555 2110 586 2136 P.

259 2204 283 2237 l)
310 2203 351 2237 Cf.
369 2202 554 2236 Hieronymus,
572 2203 750 2236 Epitaphium
771 2203 880 2236 Paulae,
902 2203 1006 2237 Corpus
1030 2204 1122 2237 script.
1141 2204 1198 2230 cccl.
1220 2204 1266 2229 lut.
1280 2204 1341 2236 LV,
1357 2208 1405 2230 323
1429 2213 1456 2229 rt.
1479 2208 1546 2231 108.-
1572 2204 1637 2231 Dies
1663 2213 1705 2230 me
1732 2204 1807 2237 prius

152 2255 236 2279 quam
261 2254 349 2272 sermo
378 2245 488 2272 deficiet
512 2247 545 2278 (υ.
565 2245 679 2271 Levison
704 2247 734 2271 in
752 2246 850 2272 ‘Neues
869 2245 977 2272 Archiv’
990 2246 1191 2280 XL111,4⁶7);
1217 2247 1323 2273 Nicolai
1342 2247 1364 2273 Ι.
1383 2247 1457 2280 epist.
1474 2247 1536 2281 Regy.
1548 2248 1624 2279 Jaffe'
1641 2251 1715 2279 2886,
1735 2250 1810 2279 2822,

154 2292 232 2322 2623,
245 2289 284 2315 ed.
296 2288 365 2315 MG.
376 2288 519 2321 Epist.VI‚
529 2292 584 2320 345,
595 2293 649 2321 415,
660 2292 709 2315 423
721 2290 754 2321 (v.
767 2289 855 2315 Perels
868 2289 884 2316 l.
896 2290 912 2316 l.
922 2298 948 2323 p.
960 2291 1069 2323 25lsq.).
1134 2290 1160 2322 2)
1174 2289 1297 2316 Eundem
1308 2291 1394 2316 locum
1407 2290 1485 2322 affert
1496 2291 1662 2316 Anastasius
1676 2291 1715 2317 II.
1727 2299 1810 2323 papa,

152 2332 190 2358 cd.
208 2333 298 2365 Miqne
316 2332 392 2357 Patr.
407 2332 451 2357 lut.
466 2331 594 2364 LXVII,
607 2335 654 2358 312
663 2332 696 2358 B.
805 2332 832 2365 3)
853 2332 893 2364 Cf.
916 2340 999 2365 supra
1026 2341 1053 2366 p.
1067 2336 1118 2358 422
1136 2341 1201 2358 ann.
1216 2337 1240 2359 4.
1288 2333 1329 2359 De
1349 2333 1466 2358 Maoezssmt'
1489 2333 1596 2367 scriptis
1626 2335 1661 2367 cf.
1682 2334 1811 2359 Elzrhnrd

155 2375 234 2408 (ιμιιιῑ
253 2375 439 2400 Krumbather
455 2374 618 2401 ‘Gescloichte
638 2375 683 2400 der
704 2375 918 2409 byrantinischerc
936 2375 1086 2401 Lviteratnr’
1099 2377 1109 2392 ²
1120 2384 1146 2409 p.
1160 2380 1200 2404 61,
1263 2376 1290 2407 4)
1308 2375 1347 2409 Cf.
1357 2384 1443 2408 supra
1453 2380 1503 2401 424
1522 2384 1587 2402 aun.
1598 2380 1621 2402 2.
1686 2377 1712 2409 5)
1728 2376 1813 2402 Haud

152 2419 205 2443 scio
225 2426 262 2443 an
281 2418 445 2443 Anastasius
461 2418 502 2443 hic
519 2417 627 2443 eandem
644 2418 782 2450 epistolam
800 2418 909 2451 innuat,
929 2426 961 2444 ea:
979 2426 1034 2451 qua
1053 2419 1107 2451 ipse
1126 2419 1400 2450 commefflorationem,
1419 2419 1485 2451 qnid
1507 2419 1587 2452 lcyati
1606 2419 1724 2445 Romani
1745 2419 1810 2445 Con-

151 2460 330 2493 stantinopoli
344 2460 476 2494 gesserint,
496 2460 594 2486 Latine
619 2461 701 2493 vertit,
727 2461 763 2492 cf.
778 2462 856 2493 infra
873 2470 898 2494 p.
914 2465 963 2488 426
980 2469 1045 2488 [ann.
1060 2466 1085 2488 3.
1190 2462 1216 2493 6)
1238 2462 1334 2496 Mtyrtc
1354 2462 1429 2488 Patr.
1444 2462 1490 2488 lat.
1506 2461 1609 2488 CXXI
1611 2462 1646 2494 X,
1660 2466 1706 2489 575
1728 2463 1759 2487 A.
1774 2462 1808 2490 B.

157 2505 182 2535 ἶ)
215 2507 374 2533 ⁶34-638;
402 2504 439 2536 cf.
461 2503 491 2529 (Ie
519 2511 548 2529 co
576 2503 708 2529 Ehrhard
733 2504 808 2536 apud
837 2504 1024 2530 Krumbacher
1049 2504 1216 2531 ‘Geschicltte
1243 2505 1289 2531 der
1319 2505 1424 2539 bymnt.
1449 2504 1600 2530 Liternum-³
1617 2506 1627 2520 ²
1652 2514 1681 2538 p.
1706 2509 1752 2531 188
1759 2513 1809 2538 sq.;

154 2547 260 2572 Zztrettt
277 2546 414 2580 ‘Sofronio
436 2546 578 2578 patriarca
597 2546 626 2572 cli
649 2546 847 2572 Gerztsalemme'
866 2547 896 2573 in
913 2547 1127 2573 ‘Didaskaleiou’
1147 2547 1203 2574 NS.
1217 2547 1237 2573 Ι
1243 2548 1289 2580 V(
1291 2549 1364 2580 1926)
1384 2549 1450 2581 fasc.
1465 2551 1478 2573 1
1495 2556 1522 2580 p.
1538 2551 1630 2580 losqq.
1719 2548 1745 2580 8)
1767 2548 1808 2581 Cf.

155 2590 226 2615 Acta
254 2589 312 2615 VII.
340 2589 435 2622 synode·
462 2589 495 2615 ab
514 2590 659 2615 Anastasio
685 2598 766 2622 versa,
794 2590 887 2623 Miyne
911 2592 928 2617 l.
942 2591 957 2616 Z.
971 2591 1017 2617 col.
1032 2594 1090 2617 300.
1205 2591 1232 2624 9)
1251 2594 1393 2622 638—641‚
1409 2594 1465 2616 655.
1584 2591 1625 2621 10)
1650 2590 1742 2622 Missae
1759 2591 1777 2616 I.
1792 2590 1808 2616 l.

154 2631 269 2658 c1›l.577.
307 2632 389 2658 Hanc
412 2633 548 2665 epistolam
572 2632 608 2658 ad
626 2633 718 2659 Photit'
742 2634 925 2659 accusationes
948 2633 1107 2668 refellendas
1132 2634 1165 2659 ab
1190 2634 1335 2659 Anastasio
1362 2641 1461 2659 versam
1485 2641 1537 2659 esse
1564 2633 1736 2666 manifestum
1761 2635 1805 2664 est,

154 2684 213 2701 cnm
231 2676 273 2702 ille
290 2675 320 2702 (lc
336 2677 501 2708 processione
519 2676 638 2709 Spiritus
655 2677 743 2703 saneti
760 2676 848 2702 denuo
867 2677 1043 2710 quaestionem
1061 2678 1182 2709 moverit,·
1202 2678 1236 2707 cf.
1250 2678 1329 2703 etiam
1347 2676 1436 2702 Parcis
1455 2676 1470 2702 I.
1484 2677 1500 2703 l.
1512 2685 1540 2709 p.
1555 2680 1611 2702 258.
1702 2675 1742 2706 11)
1767 2674 1807 2708 Cf.

155 2719 266 2744 Librum
277 2718 307 2744 (Ie
317 2719 517 2751 definitionibus
529 2720 740 2752 R<.-Atl2anasii,
752 2720 792 2746 erl.
804 2720 898 2753 Migyne
912 2720 984 2746 Patr.
995 2728 1093 2754 qv‘aeca
1109 2721 1168 2746 XX
1176 2719 1257 2752 VIII,
1268 2724 1326 2746 537:
1346 2719 1373 2744 τὸ
1384 2719 1412 2744 δὲ
1421 2719 1564 2751 πρόσωπον
1574 2718 1619 2743 καὶ
1638 2718 1653 2742 ὁ
1670 2717 1808 2751 χαρακτὴρ

154 2761 200 2787 καὶ
220 2761 235 2795 ἢ
256 2762 396 2791 ὑπόστασις
417 2762 461 2788 καὶ
481 2762 508 2788 τὸ
527 2762 624 2795 ἄτομον
643 2763 688 2788 καὶ
707 2762 734 2788 τὸ
753 2762 838 2789 ι’ὂικὸν
856 2763 883 2788 ἕν
901 2763 975 2790 ἐστιν.
1066 2765 1108 2797 12)
1127 2763 1179 2797 IL,
1192 2767 1331 2790 641—654.
1415 2763 1456 2795 13)
1477 2761 1571 2795 Miyne
1589 2762 1605 2786 I.
1620 2761 1635 2787 ῖ,
1649 2762 1694 2786 col.
1709 2765 1808 2794 577sq.‚

156 2804 225 2838 Κεφ
239 2805 316 2836 ,ΙαῙΙὲ
334 2808 510 2832 2049—2052.

261 2856 410 2884 Eris‘romn
426 2856 484 2887 Vll,
494 2857 517 2882 2.
1567 2856 1601 2882 54

1818 595 1847 616 cf.
1858 597 1877 616 1.
1886 594 1941 619 aeg.
1950 597 1982 617 16,
1990 596 2010 615 ¹1.
