2189 3042
140 899 164 918 10

139 1174 162 1192 15

138 1428 163 1448 20

139 1687 163 1706 25

138 1948 163 1967 3⁰

139 2209 162 2228 35

137 2495 164 2515 40

140 2744 165 2762 45

627 164 804 192 IOHANNIS
823 165 897 192 VIII.
917 165 1034 191 PAPAE
1057 165 1255 191 EPISTOLAE
1279 165 1318 192 63.
1339 166 1379 192 64.
1786 170 1824 199 57

180 252 313 284 redierit
342 255 375 284 et
405 252 468 282 litis
497 251 665 293 figmenta,
700 262 761 293 que
790 256 942 293 tanquam
973 252 1037 283 tela
1071 262 1260 283 aranearum
1295 255 1445 293 putamus
1480 255 1589 284 contra
1625 253 1827 294 augustalem

181 304 384 334 maiestatem
407 303 529 343 oborta,
554 303 658 343 sopita
682 304 856 343 extiterint,
881 314 938 334 nos
963 307 995 334 et
1017 303 1218 335 nobilitatem
1242 307 1330 334 tuam
1354 304 1546 345 recipiemus
1570 307 1603 335 et
1626 315 1675 344 ea,
1700 315 1760 346 que
1785 305 1826 336 ad

182 365 386 386 communem
408 355 579 386 utilitatem
602 356 763 395 pertinere
787 356 1043 397 cognoverimus,
1075 359 1180 387 tecum
1209 359 1241 387 et
1271 359 1408 386 tractare
1438 359 1470 386 et
1498 359 1610 396 utpote
1639 367 1710 387 cum
1740 360 1826 396 tante

182 407 350 448 prudentie
379 407 446 437 viro
476 416 632 447 peragere
663 417 787 437 summa
818 407 990 438 dilectione
1020 407 1227 438 curabimus&
1278 407 1385 438 Antea
1415 410 1523 438 autem
1553 407 1639 438 nullo
1668 407 1763 439 modo
1794 411 1826 439 te

183 459 292 489 venire
317 460 453 499 oportet,
478 458 551 498 quia
575 457 661 488 nullo
686 458 781 488 modo
807 461 848 498 te,
873 459 953 489 sicut
976 458 1123 499 diximus,
1147 459 1301 500 recipere,
1325 459 1368 489 fili
1393 459 1570 498 karissime,
1594 470 1770 499 possumus

285 524 379 548 DATA
399 524 456 547 XII.
475 523 658 547 KALENDAS
681 524 888 553 NOVEMBRIS,
911 524 1110 548 INDICTIONE
1129 525 1173 548 XI.

979 678 1028 708 64.

289 736 446 768 Iohannes
473 735 570 766 VIII.
595 746 682 775 papa
710 736 949 767 Karolomauno
972 737 1067 776 (reyi)
1093 735 1293 776 matularum
1324 736 1437 775 chatos
1464 747 1496 767 se
1525 736 1737 776 cleleyaturmn
1764 748 1827 768 csse

180 788 311 819 nuntiat
326 787 418 826 pacti
433 798 504 818 cum
519 787 646 818 eeclesia
663 787 810 818 Romana
831 788 1004 818 renovandi
1025 798 1138 825 caasa,·
1156 787 1293 826 pallium
1309 798 1372 826 pro
1390 787 1574 819 Tlieotmaro
1597 788 1826 828 archiepiscopo

182 838 459 879 (Salisburyensi),
483 839 539 878 qui·
562 849 599 869 ex
620 838 780 870 Baioaria
804 839 925 870 reditas
947 838 1110 870 Romanae
1132 838 1276 869 eeclesiae
1300 839 1513 870 transmittere
1535 840 1654 877 debeat,
1679 841 1825 871 concedit.

1576 892 1639 922 877
1662 892 1740 923 Nov.

297 931 370 958 Coit:
398 931 424 957 R
441 934 462 965 f.
475 934 510 957 30
527 940 554 957 n.
567 934 605 958 63.

285 983 373 1009 Edd:
401 982 496 1009 Editio
511 983 636 1009 Romana
654 985 739 1017 (1591)
758 984 814 1016 111,
831 987 880 1010 339
898 992 923 1010 n.
937 986 976 1010 63.
1013 983 1109 1009 Mansa
1128 983 1206 1009 (Jonc.
1220 984 1276 1010 coll.
1298 983 1328 1009 X
1334 984 1396 1015 VH,
1416 986 1447 1010 53
1465 992 1492 1010 n.
1505 988 1542 1010 63.
1578 985 1670 1018 Miqne
1690 985 1767 1012 Patr.
1782 986 1827 1012 lat.

185 1025 319 1058 CXXVI,
342 1030 390 1052 744
408 1035 435 1052 n.
452 1030 490 1053 93.
510 1042 541 1045 —
560 1026 633 1058 Jaffe'
652 1027 714 1060 Rey.
728 1030 791 1053 3114
810 1027 909 1060 (2342).
949 1026 989 1058 Cf.
1010 1026 1184 1052 Mnhlbacher
1204 1026 1479 1060 Re9.15-2·2(1430)b.

862 1114 1119 1138 KARLEMANNOa
1130 1113 1146 1138 ¹.

288 1164 444 1205 Apicibus
460 1164 566 1205 igitur,
583 1164 722 1205 gloriose
738 1164 792 1203 fili,
809 1167 912 1204 vestre
931 1163 1109 1194 dilectionis
1125 1164 1300 1204 susceptis2
1318 1174 1389 1194 cum
1407 1168 1497 1205 parte
1514 1165 1686 1206 gratulatib
1702 1166 1828 1196 sumusb

182 1218 287 1246 vestra
318 1215 536 1246 incolomitate
565 1216 850 1257 prosperitatisque
879 1225 1040 1253 successu,
1070 1214 1181 1245 Karoli
1209 1215 1412 1256 imperatoris
1440 1217 1561 1247 morte³
1592 1217 1701 1248 audita
1732 1218 1829 1248 nimio

182 1267 319 1307 tristitie,
343 1268 456 1307 fateor,
481 1277 607 1298 merore
632 1277 672 1298 ex
689 1269 800 1308 partec
816 1277 923 1297 sumus
947 1267 1056 1306 attriti,
1081 1266 1138 1297 sed
1162 1266 1267 1297 subito
1292 1267 1411 1298 undam
1435 1269 1550 1298 mentis
1574 1271 1680 1308 nostre
1706 1270 1828 1310 cogita-

181 1319 267 1350 tione
291 1318 333 1349 ad
354 1318 494 1349 divinum
518 1318 669 1349 iudicium
693 1318 893 1359 aliquatenus
916 1317 1121 1348 sustollentes
1144 1318 1177 1348 in
1200 1318 1279 1349 illud
1300 1319 1438 1359 apostoli
1456 1320 1669 1361 obstupefacti
1687 1322 1831 1362 cogimur

1842 260 1870 282 cf.
1885 260 1922 280 Iol>
1937 262 1999 285 8,14.

181 1380 260 1401 voce
293 1380 461 1411 erumpere
493 1370 648 1401 dicentes:
681 1369 721 1401 ‘O
750 1370 942 1411 profundum
975 1370 1157 1401 divitiarum
1187 1370 1344 1411 sapientie
1375 1374 1407 1402 ct
1434 1373 1565 1412 scientie
1594 1372 1669 1404 Dei!
1723 1373 1827 1409 Quam
1842 1384 2033 1409 nom.11,33-34.

182 1422 400 1453 inscrutabilia
427 1425 499 1453 sunt
526 1422 643 1453 iudicia
672 1423 739 1453 eius
770 1425 803 1453 et
830 1421 1070 1463 investigabiles
1093 1423 1142 1462 vie
1173 1422 1253 1453 eius!
1302 1422 1379 1458 Quis
1408 1424 1491 1454 enim
1523 1424 1672 1465 cognovit
1702 1436 1830 1456 sensum

182 1473 312 1504 Domini
339 1476 394 1504 aut
418 1475 486 1514 quis
510 1473 706 1504 consiliarius
730 1473 818 1504 eius‘l
842 1473 938 1504 fuit‘ff
984 1473 1077 1510 Quod
1101 1474 1219 1505 idcirco
1244 1474 1392 1515 dicimus,
1419 1477 1566 1516 quatinus
1590 1476 1703 1507 sedula
1727 1477 1830 1507 cordis

182 1524 348 1556 meditatio
380 1525 518 1566 humane
549 1525 731 1566 fragilitatis
761 1525 791 1555 in
823 1525 882 1556 hoc
914 1526 1011 1556 marie
1040 1535 1156 1566 magno
1187 1536 1313 1556 cursum
1341 1526 1404 1566 vite
1435 1527 1590 1558 instabilis
1621 1529 1736 1559 intueri
1767 1539 1827 1558 non

183 1576 309 1607 desinat
331 1579 427 1617 atque
451 1576 492 1607 ad
509 1586 548 1607 ea
570 1576 697 1617 gaudia,
715 1586 777 1617 que
801 1580 873 1607 sunt
896 1576 960 1607 fixa
985 1579 1018 1607 et
1040 1576 1227 1616 immobilia,
1253 1580 1361 1608 nostra
1385 1578 1468 1609 actio
1493 1580 1596 1619 gratia
1614 1578 1731 1610 Christi
1748 1579 1829 1610 duce

182 1628 333 1659 anhelare
364 1632 513 1660 contenta
544 1629 635 1660 bonis
666 1629 816 1670 operibus
846 1639 1019 1670 numquam
1051 1629 1192 1660 desistat.
1248 1628 1298 1660 De
1330 1639 1426 1660 causa
1461 1640 1537 1660 sane
1568 1631 1663 1661 vestri
1698 1631 1738 1662 ad
1773 1642 1830 1662 nos

182 1679 337 1710 adventus
353 1684 522 1721 vestraque
546 1680 787 1712 sublimissimas
802 1681 1011 1722 promissione
1029 1680 1174 1721 Romane
1196 1681 1341 1720 ecclesie,
1367 1692 1462 1722 supra
1487 1692 1606 1721 omnes,
1625 1683 1678 1723 qui
1702 1683 1830 1713 fuerunt

180 1734 254 1762 ante
271 1742 337 1771 VOS,
362 1732 505 1763 eiusdem
529 1733 736 1771 exaltatione,
760 1743 832 1763 cum
853 1733 914 1763 hoc
938 1743 1035 1773 opere
1060 1732 1305 1773 compleveritIS,
1330 1732 1434 1763 aderit
1457 1733 1510 1764 illc
1528 1735 1623 1764 vestri
1647 1733 1828 1770 retributor,

181 1783 233 1823 qui
257 1793 315 1823 per
337 1784 584 1814 controversiam
608 1784 778 1815 iuramenti
802 1784 991 1815 confirmans
1018 1783 1164 1814 modulos
1191 1783 1329 1824 humane
1358 1784 1527 1814 locutionis
1555 1785 1613 1814 ait:
1645 1785 1726 1815 Vivo
1757 1795 1828 1825 ego,

181 1834 257 1865 dicit
280 1834 450 1874 Dominus,
481 1836 556 1876 quia
583 1835 797 1877 glorificantes
821 1846 873 1866 me
898 1835 1094 1876 glorificabo.
1139 1835 1226 1865 Dum
1249 1846 1267 1865 a
1291 1835 1466 1876 colloquio,
1491 1839 1525 1866 ut
1549 1835 1666 1876 dicitis,
1696 1836 1829 1866 fratrum

182 1886 380 1916 vestrorum4
397 1886 521 1917 fueritis
537 1888 666 1927 reversi,
690 1888 815 1928 legatos
840 1898 880 1918 ex
905 1887 1004 1918 latere
1022 1890 1129 1917 nostro
1154 1886 1195 1917 ad
1212 1897 1267 1917 vos
1284 1887 1484 1918 sollemniter
1501 1887 1676 1929 dirigemus
1693 1898 1828 1928 cunique

182 1938 299 1977 pagina
329 1938 548 1978 capitulariter
572 1938 752 1969 continente
778 1944 846 1978 eass,
875 1943 958 1979 queg
982 1948 1037 1968 vos
1064 1938 1158 1968 matri
1188 1941 1291 1977 vestre
1316 1938 1461 1978 Romane
1494 1939 1629 1979 ecclesie
1657 1943 1828 1980 vestroque

182 1989 357 2029 protectori
393 1989 487 2020 beato
522 1990 619 2021 Petro
654 1990 801 2031 apostolo
836 1989 1067 2031 perpetualiter
1107 1989 1232 2021 debetis
1265 1990 1473 2021 concedereh.
1537 1990 1658 2026 Quibus
1692 1992 1829 2033 peractis

183 2039 311 2071 demum
336 2051 442 2072 rursus
465 2041 687 2073 ordinabiliter
716 2044 749 2072 et
771 2041 945 2072 honorifice
969 2041 1148 2080 mittemus,
1181 2042 1233 2082 qui
1257 2052 1313 2072 vos
1342 2052 1413 2072 cum
1439 2045 1505 2073 tota
1530 2042 1689 2083 decentia,
1717 2047 1828 2084 utpote

182 2094 305 2123 tantum
329 2102 454 2133 regem,
484 2093 524 2124 ad
551 2093 660 2124 limina
684 2093 902 2134 apostolorum
928 2093 1058 2124 ductare
1088 2092 1239 2123 studeant
1268 2103 1395 2134 imaque
1421 2094 1646 2125 convenientes
1675 2095 1715 2125 de
1744 2098 1828 2126 statu

182 2144 227 2174 rei
251 2143 376 2185 publice
401 2145 561 2185 totiusque
587 2144 757 2176 Christiani
781 2145 892 2186 populi
919 2144 1094 2175 salvatione
1122 2144 1292 2175 salubriter
1319 2147 1457 2175 tractare
1481 2144 1552 2176 Deo
1584 2146 1762 2186 opitulante
1792 2157 1828 2177 ac

182 2194 330 2226 ordinare
346 2196 519 2226 valeamus.
558 2196 646 2228 Inter
669 2206 740 2237 que,
766 2207 874 2237 queso,
899 2196 942 2226 fili
966 2196 1143 2236 karissime,
1168 2199 1326 2237 quotquot
1342 2196 1488 2227 infideles
1505 2200 1628 2228 nostros
1645 2198 1828 2238 nostrequei

182 2246 246 2286 vite
277 2246 463 2278 insidiantes
495 2247 721 2289 quoquomodo
746 2248 797 2279 vel
821 2247 1052 2288 significatione
1085 2247 1231 2288 poteritis
1255 2258 1465 2288 cognoscere,
1496 2248 1617 2279 nullum
1652 2249 1738 2289 apud
1772 2260 1828 2280 vos

182 2298 389 2339 vestrosquek
412 2298 523 2330 fideles
547 2300 675 2331 valeant
701 2299 904 2341 aliquatenus
931 2299 1036 2330 locum
1060 2299 1110 2330 vel
1134 2299 1268 2330 adituml
1291 2300 1448 2340 invenire,
1478 2310 1517 2330 ne
1541 2300 1693 2331 inmunda
1717 2312 1827 2332 eorum

284 2396 307 2430 θ’)
326 2398 343 2422 b
361 2406 427 2422 corr.
441 2406 471 2422 ex
489 2406 506 2422 u
524 2397 556 2423 B.

284 2448 325 2474 64.
354 2450 377 2481 ³)
397 2457 604 2475 KARLEMANNAE
614 2450 645 2475 R.
734 2449 758 2481 b)
777 2450 956 2482 gratulationis
970 2449 1000 2474 R.
1091 2449 1113 2481 ⁰)
1132 2450 1210 2474 latere
1220 2449 1251 2475 R.
1341 2448 1365 2481 d)
1385 2458 1465 2481 supra
1477 2451 1571 2476 lineam
1581 2451 1643 2475 adel.
1659 2451 1693 2476 al.
1710 2460 1778 2476 man.
1794 2451 1826 2477 B.

182 2490 205 2522 e)
223 2500 293 2517 mare
312 2491 344 2516 R.
421 2490 440 2523 f)
459 2501 488 2517 -a
505 2501 573 2518 corr.
587 2501 618 2517 ex
635 2501 665 2517 -o
684 2493 719 2517 al.
738 2501 807 2518 man.
827 2492 859 2517 R.
941 2491 966 2524 8)
985 2500 1045 2524 eaq:
1066 2492 1097 2516 R.
1179 2491 1205 2522 h)
1225 2501 1291 2517 corr.
1305 2501 1335 2517 ea:
1353 2500 1459 2518 concere
1479 2494 1513 2519 al.
1528 2502 1596 2518 man.
1616 2494 1648 2519 12*
1726 2494 1743 2526 i)
1762 2503 1827 2526 -que

181 2534 242 2559 add.
256 2543 336 2566 supra
355 2535 448 2560 lineam
466 2536 501 2560 al.
520 2544 589 2561 man.
608 2535 640 2560 R.
727 2534 753 2567 k)
772 2543 836 2567 -que
855 2535 916 2560 adel.
936 2535 971 2560 al.
989 2544 1058 2560 man.
1078 2535 1108 2560 R.
1199 2534 1216 2566 ¹)
1235 2536 1325 2560 alitum
1344 2535 1376 2560 R.

287 2610 310 2642 1)
330 2610 402 2636 Filio
421 2611 552 2637 Imdovici
568 2610 726 2644 Germanici,
744 2611 800 2645 rcyi
817 2611 972 2643 Baioariae,
991 2611 1039 2643 qui
1056 2611 1201 2644 incipiente
1219 2620 1252 2637 m.
1265 2610 1336 2645 Sept.
1350 2612 1459 2637 Italiam
1478 2615 1660 2645 occupaverat,
1680 2612 1714 2643 ef.
1734 2612 1825 2637 Midil-

181 2652 276 2678 bacher
290 2652 355 2686 Rey.
367 2656 430 2679 1522
439 2653 531 2687 (1480)
541 2663 566 2680 a.
586 2669 618 2674 —-
636 2654 677 2680 De
694 2654 742 2680 hac
760 2654 869 2687 epistola
887 2655 920 2687 cf.
934 2654 1051 2687 Lapotre
1067 2653 1223 2687 ‘L’Europe
1241 2657 1266 2680 et
1284 2654 1305 2680 Ze
1317 2654 1500 2688 Saint-Sieye’
1518 2655 1541 2687 I,
1555 2658 1649 2687 337311.
1720 2655 1746 2687 2)
1765 2654 1826 2680 Hae

182 2695 285 2721 litterae
302 2703 356 2721 non
373 2699 528 2728 smnrszmt,
547 2697 594 2722 sed
611 2705 678 2730 quae
696 2697 877 2729 continebant,
902 2705 934 2723 ecc
948 2705 1037 2730 papae
1054 2705 1179 2730 responso
1197 2697 1300 2730 liquido
1313 2700 1414 2730 patent.
1502 2697 1528 2730 3)
1550 2698 1591 2729 Cf.
1606 2705 1634 2730 p.
1649 2702 1678 2723 56
1697 2699 1788 2722 annot.
1803 2702 1824 2722 9.

182 2738 210 2770 4)
229 2737 274 2763 Ad
291 2737 463 2764 dividendum
480 2746 539 2764 cum
558 2740 606 2772 eis,
624 2739 680 2766 scil.
695 2739 832 2766 Ladon-ico
851 2739 934 2773 (III.)
954 2743 978 2766 et
997 2739 1102 2766 Karolo
1120 2740 1214 2773 (HL),
1237 2748 1349 2773 requam
1369 2740 1574 2774 Lotharinyiae;
1598 2741 1632 2771 cf'.
1653 2739 1825 2765 Midilbncher

184 2780 250 2814 Rey.
270 2784 331 2807 1530
340 2780 428 2814 (1488)
438 2790 463 2807 a.

286 2831 437 2858 Ems‘rorAE
454 2833 515 2859 VII.
1604 2834 1619 2858 S

1844 1781 1871 1800 cf.
1886 1780 1962 1801 Ezech.
1980 1782 2012 1805 14,
2027 1782 2059 1801 16.

1844 1810 1875 1828 18.
1883 1806 1994 1831 2031.Reg.
2002 1808 2058 1831 2,30.
