2189 3042
139 891 165 909 10

140 1145 163 1164 15

140 1431 165 1451 20

140 1688 164 1708 25

140 1946 166 1966 30

138 2485 167 2504 40

138 2715 166 2734 45

613 178 790 206 IOHANNIS
810 179 885 207 VIII.
904 179 1022 207 PAPAE
1046 180 1243 208 EPISTOLAE
1268 181 1325 208 108.
1346 181 1403 208 109.
1773 188 1829 216 101

183 275 292 296 sumus
316 274 440 304 omnes,
469 264 501 295 id
526 267 574 295 est
601 267 752 306 utrosque
775 265 1025 307 Hludouuicos2,
1057 267 1331 298 Karolomannum
1359 270 1392 299 et
1414 268 1600 309 Karolum¹‚
1631 273 1830 312 acceptoque

183 317 343 348 communi
367 316 508 356 consilio,
532 316 578 346 uti
594 316 680 347 Boso
704 317 861 357 gloriosus
878 318 1026 359 princeps
1050 329 1156 349 comes
1180 322 1265 350 esset
1286 319 1407 350 itineris
1431 321 1529 350 nostri
1538 320 1560 357 2,
1586 320 1687 352 donec
1704 321 1830 353 Christo

184 377 279 408 opem
303 367 425 398 ferente
450 369 647 398 revertemur
671 368 711 398 ad
736 368 867 400 Urbem.
913 369 955 400 Et
978 370 1052 410 quia
1079 370 1119 401 de
1144 373 1229 401 statu
1252 374 1360 411 sancte
1389 371 1523 412 ecclesie
1548 375 1632 412 sunt,
1657 383 1718 414 que
1743 384 1830 404 com-

183 420 322 451 muniter
347 422 484 450 tractare
508 419 677 459 debemus,
706 423 758 460 tue
792 422 951 453 sanctitati
979 423 1155 463 apostolica
1183 424 1373 454 auctoritate
1398 423 1586 455 mandamus
1615 434 1686 455 cum
1710 426 1831 455 cunctis

183 470 392 512 suffraganeis
421 471 482 501 tuis
510 473 543 501 et
569 472 766 512 coepiscopis
794 472 885 503 nobis
908 473 1044 514 Papiam
1072 474 1212 505 secunda
1235 474 1286 505 die
1315 478 1387 516 post
1410 475 1527 506 festum
1556 476 1657 506 sancti
1680 476 1830 516 Andrffl2³

184 531 360 552 occurrere.
406 521 448 552 Et
470 522 619 563 quoniam
644 523 780 563 probata
802 523 882 555 fides
910 525 1050 555 omnium
1074 525 1338 566 predecessorum
1366 529 1491 557 tuorum
1520 537 1648 568 semper
1671 527 1730 558 fuit
1754 537 1831 568 erga

182 572 363 604 Romanum
377 573 571 614 pontificem,
588 575 643 604 tua
660 573 842 606 fraternitas
859 576 1049 607 omnimodis
1065 576 1192 607 studeat
1209 586 1318 607 eorum
1335 577 1366 607 in
1383 577 1530 608 omnibus
1545 579 1672 620 assequi
1685 578 1829 619 vestigia,

183 625 266 664 quia,
284 623 369 665 quod
386 624 478 664 absit,
503 625 528 655 si
552 625 645 657 aliter
661 625 766 663 fucrit,
784 627 874 667 vigor
890 627 1060 658 canonicus
1083 638 1178 669 super
1194 628 1417 668 inobedientes
1440 639 1605 661 remanere
1622 640 1684 660 non
1703 631 1830 671 poterit.

286 685 379 709 DATA
402 685 447 709 UT
471 685 588 710 SUPRA.

976 826 1042 854 109.

290 879 448 911 Iohannes
471 880 564 912 VIII.
583 891 672 920 papa
689 882 882 921 Beronum-io
905 882 1010 913 comiti
1025 882 1270 922 (Foroiuliensi)
1294 893 1331 914 (cc
1355 883 1497 914 ommibus
1520 884 1722 922 optimatibus
1746 885 1833 924 rcyon'

185 930 467 971 Lanyobardormn
490 932 620 963 nuntiat
644 933 681 964 de
697 933 808 964 itinere
828 943 885 964 suo
901 933 936 964 in
951 933 1127 964 Frmzciam
1145 936 1274 973 peracto
1296 936 1325 965 ct
1348 934 1384 965 dc
1406 935 1543 965 adventu
1559 935 1696 974 Papiam·
1719 936 1832 967 iterum

183 982 358 1022 iterumque
381 983 537 1021 hortatur,
561 986 596 1014 ut
618 984 662 1014 ad
683 985 836 1024 synodum
860 985 995 1016 veniant.
1374 985 1527 1025 (Papiae)
1552 987 1616 1017 878
1639 986 1745 1025 (Dec.)

297 1050 374 1077 Cod.:
403 1051 430 1077 R
447 1053 467 1085 f.
484 1053 528 1077 52¹
547 1059 574 1078 n.
589 1054 647 1078 108.

286 1101 371 1128 Edds
398 1102 492 1129 Editio
506 1103 632 1129 Romame
648 1104 731 1136 (1591)
751 1103 808 1135 III,
827 1106 879 1129 390
897 1106 987 1129 rz.128.
1020 1103 1115 1129 Mans-i
1134 1103 1211 1129 (lonc.
1224 1104 1278 1130 coll.
1294 1103 1324 1129 X
1331 1103 1393 1138 VII,
1414 1107 1447 1129 97
1463 1112 1491 1129 u.
1503 1107 1556 1130 128.
1587 1104 1679 1137 Miyvc
1698 1104 1772 1131 Patr.
1787 1105 1832 1131 lat.

184 1144 319 1177 CXXVI,
340 1148 392 1171 809
410 1154 437 1171 n.
453 1149 505 1172 172.
527 1161 557 1164 —
577 1145 649 1177 Jaffe'
668 1145 729 1179 Rey.
747 1148 812 1172 3210
830 1146 927 1180 (2421).

317 1224 465 1248 DILECTO
489 1223 580 1248 FILIO
604 1223 822 1248 BERENGARIO
845 1223 1012 1248 GLORIOSO
1037 1223 1193 1248 (ὈΜΙΤΙ34
1212 1224 1274 1248 SEU
1297 1224 1450 1248 OMNIBUS
1472 1224 1704 1250 OPTIMATIBUS

459 1266 766 1291 LANGOBARDORUM
791 1267 907 1296 REGNI,
928 1267 1059 1301 SANCTIJJ
1082 1267 1140 1291 DEI
1164 1267 1347 1291 ECCLESIAE
1371 1267 1558 1292 FIDELIBUS.

291 1319 418 1355 Quanta
443 1323 474 1351 et
496 1320 603 1361 qualia
619 1320 785 1352 Romanab
802 1321 948 1361 ecclesia,
972 1324 1079 1352 vestra
1095 1321 1245 1353 videlicet
1269 1324 1381 1360 mater,
1405 1321 1558 1353 hactenus
1582 1322 1622 1353 ab
1639 1323 1834 1364 impiissimis

185 1369 374 1402 Christianis
402 1381 497 1412 passa
527 1375 589 1411 est,
621 1375 653 1402 et
680 1372 795 1403 nostris
824 1373 938 1403 litteris
966 1372 1216 1413 significantibus
1245 1376 1277 1404 et
1306 1384 1433 1404 rumore
1464 1373 1573 1414 populi
1596 1378 1745 1405 narrante
1770 1375 1833 1406 iam

184 1422 317 1453 audistis
340 1425 382 1463 et,
406 1426 440 1454 ut
464 1423 582 1453 certius
605 1423 722 1462 sciatis,
747 1424 864 1454 iterum
888 1424 1113 1465 significamus
1148 1423 1234 1455 Ecce
1252 1425 1335 1455 enim
1353 1435 1410 1465 pro
1428 1425 1543 1466 quibus
1563 1428 1595 1456 et
1618 1436 1675 1466 pro
1694 1427 1833 1457 onmium

183 1476 323 1504 vestrum
351 1473 454 1505 salute
482 1474 586 1514 anime
617 1478 723 1514 nostre
753 1486 814 1505 non
848 1479 1017 1516 parcentes
1044 1476 1123 1515 iam,
1147 1477 1222 1517 quia
1251 1486 1308 1517 per
1335 1478 1472 1507 terramc
1496 1487 1552 1517 pro
1577 1477 1730 1517 predictis
1759 1488 1831 1518 per-

183 1525 383 1556 secutoribus
398 1524 440 1556 ad
456 1536 512 1556 vos
529 1525 707 1566 viciniores,
729 1529 763 1557 ut
781 1536 833 1557 res
849 1527 1041 1568 expetierat,
1058 1528 1166 1559 venire
1183 1528 1362 1568 nequimUS,
1383 1527 1560 1558 marinumd
1576 1529 1637 1560 iter
1653 1530 1834 1570 accepimus

184 1579 216 1607 et
239 1576 271 1607 in
286 1576 455 1607 Franciam
475 1577 607 1608 ivimuse
631 1580 804 1619 querentes
827 1579 1090 1620 tranquillitatem
1114 1582 1211 1620 atque
1231 1579 1396 1619 auxilium,
1419 1579 1474 1610 ubi
1495 1581 1593 1610 nostri
1614 1583 1834 1611 antecessores

184 1628 331 1668 quesiere
355 1627 533 1669 pontifices.
571 1628 716 1660 Misimus
741 1630 824 1660 enim
850 1629 996 1661 omnibus
1019 1630 1158 1671 regibus,
1183 1630 1215 1661 id
1240 1633 1289 1661 est
1304 1630 1552 1670 Hludouuicoff’,
1578 1631 1706 1662 domnig
1723 1631 1834 1662 Karoli

185 1679 408 1720 imperatoris6
432 1679 507 1719 filio,
533 1683 565 1711 ct
588 1680 828 1712 Karolomanno
854 1685 886 1712 et
909 1681 1114 1713 Hludouuico
1139 1685 1171 1712 et
1194 1681 1326 1721 Kar010,
1349 1682 1566 1714 Hludouui0i⁷
1588 1684 1673 1724 regis
1696 1683 1777 1723 filiis,
1802 1686 1836 1714 ut

184 1741 256 1761 cum
273 1731 337 1761 suis
354 1731 514 1772 episcopis
530 1731 571 1762 ad
588 1742 644 1762 nos
661 1733 806 1764 venirent
830 1736 862 1764 et
885 1743 948 1764 una
964 1733 1128 1764 nobiscum
1152 1744 1248 1774 super
1265 1733 1312 1764 his
1329 1737 1512 1765 tractarent.
1552 1734 1601 1765 Ex
1618 1734 1732 1775 quibus
1749 1735 1836 1765 venit

182 1781 406 1813 Hludouuicus
430 1793 486 1813 rex
510 1786 543 1814 et
569 1784 664 1814 tantis
687 1784 779 1814 malis
803 1784 990 1825 perdolens,
1019 1785 1078 1815 nisi
1102 1785 1243 1816 infirmus
1267 1786 1382 1825 esseth,
1412 1785 1576 1816 nobiscum
1601 1787 1740 1822 veniret;
1771 1787 1834 1817 iam

184 1834 259 1874 quia
282 1844 339 1875 pro
364 1834 546 1866 infirmitate
570 1845 632 1866 non
656 1836 770 1876 potuit,
795 1835 884 1876 dedit
907 1836 998 1867 nobis
1021 1836 1104 1867 hunc
1121 1837 1282 1868 Bosonem
1307 1837 1482 1877 principem
1507 1836 1566 1867 sibi
1584 1847 1625 1868 ex
1642 1838 1726 1868 omni
1744 1842 1834 1878 parte

184 1885 417 1923 coniunctumss,
446 1886 500 1927 qui
531 1896 584 1917 me
614 1897 672 1927 per
699 1886 856 1918 inimicosi
886 1891 995 1927 sancte
1025 1887 1107 1919 Deik
1136 1888 1271 1928 ecclesie
1300 1888 1422 1919 salvum
1447 1888 1588 1919 duceret.
1634 1888 1719 1920 Ecce
1751 1890 1834 1919 enim

185 1936 360 1968 auxiliante
382 1936 453 1968 Deo
470 1938 605 1978 Papiam
630 1938 805 1969 venimus9.
843 1938 1048 1980 Quapropter
1071 1943 1238 1971 monentes
1261 1940 1416 1970 mittimus
1441 1942 1473 1970 et
1496 1940 1673 1981 apostolica
1696 1941 1834 1971 auctori-

184 1991 249 2019 tate
274 1988 451 2020 hortantes¹
468 1989 560 2020 iamm
577 1989 708 2020 tortio¹⁰
725 1989 928 2029 mandamus,
952 1994 988 2021 ut
1010 1991 1234 2032 presentaliter
1257 1991 1298 2022 ad
1321 2002 1388 2031 nos,
1413 1991 1582 2031 karissimi,
1607 1994 1770 2033 tamquam
1795 1991 1835 2022 ad

182 2043 307 2080 patrem
323 2041 432 2071 venire
457 2040 604 2072 debeatis
629 2044 671 2079 et,
695 2044 730 2072 ut
753 2042 807 2072 alii
824 2042 1012 2082 veniantm*,
1037 2042 1119 2073 alter
1142 2043 1279 2073 alterum
1302 2043 1414 2074 incitet
1438 2046 1469 2073 et
1493 2042 1551 2074 has
1573 2043 1715 2074 litterasn
1732 2044 1834 2084 primo

182 2091 294 2131 legens
322 2092 485 2123 remittere
515 2093 586 2123 aliis
615 2096 778 2133 procuret,
808 2094 955 2134 quatinus
978 2093 1179 2125 venientibus
1206 2104 1268 2125 una
1292 2094 1456 2125 nobiscum
1482 2094 1521 2125 de
1546 2098 1630 2125 statu
1654 2097 1833 2125 sanctarum

287 2185 313 2217 ²³)
334 2185 382 2210 Ἠ,
401 2185 432 2210 in
450 2193 534 2219 τηατ-9.
548 2185 610 2212 add.
623 2194 696 2213 wncm.
710 2187 864 2213 correctoris
883 2187 916 2220 R,
937 2190 971 2221 cf.
991 2191 1082 2214 annot.
1095 2192 1116 2222 f,
1136 2198 1168 2215 m.

287 2255 310 2286 a)
330 2255 511 2280 Hluduuuicus
529 2264 596 2281 corr.
612 2257 638 2281 in
656 2265 728 2281 -cum
748 2257 779 2282 R.

288 2305 345 2331 109.
373 2306 396 2338 a)
414 2314 517 2337 OOMITE,
537 2315 552 2332 Ε
572 2308 607 2333 al.
620 2317 688 2334 man.
701 2313 724 2334 et
740 2310 815 2342 ‘121‘er
835 2314 978 2335 atramento
998 2318 1065 2335 corr.
1078 2310 1105 2334 in
1125 2317 1134 2334 1
1153 2310 1184 2335 In'.
1256 2309 1281 2342 b)
1300 2318 1367 2335 corr.
1377 2319 1407 2335 ex
1420 2312 1561 2335 Romanam
1577 2310 1609 2335 B.
1680 2309 1703 2341 0)
1723 2314 1788 2334 terra
1802 2309 1832 2333 Ιί.

183 2348 207 2381 d)
227 2350 289 2375 add.
307 2350 335 2374 in
358 2359 439 2383 mary.
460 2351 495 2376 al.
514 2359 583 2377 man.
602 2351 633 2376 R.
732 2352 753 2383 θ)
773 2361 789 2377 v
812 2361 878 2377 corr.
896 2361 927 2377 ex
949 2353 965 2377 b
985 2353 1017 2378 R.
1106 2351 1124 2381 f)
1144 2353 1193 2377 iam
1213 2353 1286 2378 tertio
1306 2353 1463 2384 mandamus,
1488 2357 1516 2378 ut
1534 2353 1711 2385 presentaliter
1729 2353 1760 2377 ad
1779 2361 1833 2381 nos,

182 2393 319 2425 karissimi,
339 2397 469 2425 tamquam
488 2394 521 2418 ad
540 2398 638 2426 patrem
651 2394 738 2419 venire
757 2395 870 2420 debeatis
889 2400 921 2426 et,
945 2399 974 2420 ut
991 2395 1036 2420 alii
1056 2396 1169 2426 veniant,
1189 2396 1250 2421 add.
1264 2396 1296 2424 R.
1310 2404 1449 2428 perperam
1467 2396 1514 2426 Ιιῐο,
1533 2404 1597 2427 quoe
1616 2395 1689 2428 infra
1708 2396 1724 2420 l.
1737 2397 1834 2420 31—32

183 2443 228 2460 suo
247 2436 301 2460 loco
322 2436 459 2461 inserenda
477 2441 547 2467 suut,
566 2440 594 2461 ut
610 2436 663 2461 iam
677 2437 781 2468 priores
799 2442 865 2463 recte
882 2438 1032 2463 iudicarunt
1051 2438 1167 2464 editores,
1247 2437 1272 2470 8)
1292 2439 1384 2463 domno
1404 2438 1435 2463 R.
1516 2436 1541 2468 h)
1560 2446 1626 2462 corr.
1646 2446 1676 2462 erc
1699 2442 1783 2463 essent
1802 2437 1832 2462 H.

185 2475 203 2508 i)
222 2486 267 2510 pro
286 2478 396 2503 inimicis
415 2478 447 2503 R.
534 2477 559 2510 k)
577 2479 639 2504 add.
658 2487 740 2511 supra
758 2480 852 2505 lineam
872 2480 904 2505 R.
992 2479 1010 2511 1)
1029 2481 1113 2506 hortes
1133 2481 1164 2506 R.
1253 2481 1285 2512 m)
1305 2482 1355 2506 iam
1367 2481 1510 2505 —veuiant
1529 2489 1576 2505 om.
1595 2480 1635 2504 hic
1653 2479 1691 2509 R,
1712 2489 1733 2505 r.
1753 2488 1832 2510 supra

184 2524 270 2545 annot.
289 2521 310 2552 s.
398 2520 423 2551 ¹²)
442 2521 526 2546 littera
544 2521 576 2547 R.

288 2579 312 2611 1)
332 2578 410 2605 Solus
422 2579 575 2606 Ludovicus
587 2580 692 2606 Balbus
706 2589 796 2614 papae
813 2581 903 2607 Trccis
921 2582 1042 2613 occurrit,
1061 2582 1203 2608 orientales
1220 2590 1300 2616 reyes,
1318 2581 1548 2612 Karolomcmmzs,
1567 2580 1718 2606 Ludovicns
1735 2581 1831 2611 iunior,

185 2621 314 2653 Karolus,
332 2622 418 2648 vocati
436 2623 522 2649 venire
540 2626 696 2650 renuerunt.
776 2625 802 2657 2)
825 2624 863 2656 Cf.
878 2625 952 2651 Arm.
968 2625 1070 2651 Vedast.
1084 2625 1122 2650 acl
1140 2628 1230 2652 (1.878
1248 2624 1298 2658 (ed.
1312 2633 1333 2653 v.
1347 2625 1453 2651 Simson
1468 2632 1496 2657 p.
1507 2624 1560 2656 43).
1594 2623 1634 2654 Cf.
1647 2623 1724 2654 'infra
1742 2631 1768 2647 11.
1780 2627 1832 2649 110.

184 2664 211 2696 3)
231 2664 252 2690 Ῑ.
267 2672 287 2691 e.
307 2664 348 2690 (lie
366 2668 388 2691 2.
400 2665 559 2692 Decembris.
638 2667 664 2697 4)
683 2667 724 2692 De
741 2675 793 2700 quo
810 2668 844 2699 cf.
863 2676 890 2693 n.
907 2672 942 2694 74.
1023 2669 1049 2700 5)
1069 2668 1163 2694 Balbo.
1243 2669 1269 2700 6)
1290 2667 1369 2694 Calvi.
1451 2668 1476 2700 7)
1498 2666 1661 2693 Germanici.
1743 2666 1769 2695 S)
1792 2665 1831 2696 (Ὶῖ

184 2714 232 2733 nn.
246 2710 310 2738 108,
328 2710 383 2734 110.
471 2708 497 2740 9)
519 2708 602 2734 Initio
620 2708 783 2741 Decembris,
804 2710 839 2742 cf.
857 2718 904 2736 rm.
918 2714 974 2742 10-2,
995 2714 1049 2737 150.
1140 2711 1182 2743 10)
1204 2710 1243 2742 Cf.
1263 2718 1290 2736 n.
1304 2714 1352 2736 103
1371 2709 1486 2736 eiusdem
1505 2710 1571 2741 fere,
1591 2711 1621 2734 ut
1639 2707 1751 2738 ridetur,
1769 2707 1831 2738 dici,

185 2749 230 2775 ubi
242 2750 393 2783 Anspertus
411 2758 511 2783 qnoque
530 2751 740 2778 Mediolanensis
758 2752 968 2785 archiczn'scopus
988 2753 1062 2779 tertio
1081 2753 1254 2779 connnom'tns
1272 2752 1309 2778 ml
1327 2752 1454 2785 synodica
1474 2752 1577 2778 citalma
1611 2751 1716 2776 Priores
1735 2750 1831 2775 Beren-

180 2792 254 2825 yarii
272 2793 409 2819 citationes
427 2802 484 2819 non
503 2796 617 2820 eoestant.

1847 1486 2041 1507 <⁴1⁴1.Macc.13v5.
