2189 3042
157 870 181 888 10

156 1119 180 1138 15

156 1410 181 1429 20

155 1669 180 1687 25

154 1927 179 1946 30

154 2446 180 2465 40

154 2746 180 2764 45

647 162 823 188 IOHANNIS
842 162 916 189 VIII.
937 162 1055 188 PAPAE
1080 162 1277 190 EPISTOLAE
1300 163 1341 191 30.
1361 165 1402 191 31.
1810 167 1848 193 ’Ν

200 249 360 287 dolemus,
390 253 425 280 ut
449 249 510 280 dici
539 259 601 279 non
625 248 737 289 possit,
767 249 792 279 si
816 259 926 280 omnes
950 253 1036 280 artus
1059 249 1158 279 nostri
1181 253 1345 281 vertantur
1368 252 1400 281 in
1423 251 1564 293 linguam
1578 252 1598 282 1.
1645 251 1849 292 Quapropter

200 301 355 331 vellemus
379 300 522 332 adhibito
547 300 724 331 sanctitatis
747 303 799 341 tue
825 301 971 331 consultu
994 302 1174 332 necessaria
1198 301 1240 331 acl
1263 311 1464 333 communem
1489 304 1694 334 securitatem
1718 303 1849 343 negotia

200 352 376 393 previdere.
424 352 545 383 Tamen
575 355 683 392 preter
710 352 757 391 id,
787 352 872 393 quod
900 352 941 383 ad
969 363 1100 393 presens
1125 352 1254 383 difficile
1283 364 1377 394 posse
1408 354 1491 395 fieri,
1523 358 1558 385 ut
1589 355 1633 386 ita
1662 355 1846 394 dixerimus,

200 404 352 443 cernitur,
383 414 455 434 cum
478 404 614 444 primum
639 414 672 434 se
698 403 788 434 nobis
812 414 905 444 posse
930 403 1108 444 prebuerit,
1141 415 1337 445 quamquam
1363 406 1563 447 imperialem
1589 408 1765 437 exercitum
1790 418 1847 437 nos

201 456 263 486 cito
287 455 453 486 habituros
469 466 644 496 speremus,
668 455 750 485 hano
766 455 868 495 ipsam
885 456 1110 486 necessitatem
1127 456 1262 496 spiritali
1286 457 1350 487 filio
1368 461 1475 488 nostro
1492 458 1695 489 serenissimo
1719 468 1847 498 semper

200 510 336 547 augusto
353 517 476 537 rursum
492 506 759 547 significabimusa
776 509 817 544 et,
834 510 869 537 ut
885 507 1071 547 quantocius
1087 507 1178 537 nobis
1195 509 1317 548 potenti
1334 510 1450 540 virtute
1467 510 1645 549 subveniat,
1662 510 1846 540 humillimis

200 558 348 598 precibus
372 557 644 589 exhortabimur2.
683 558 913 589 Verumtamen
938 557 1049 598 ‘prope
1074 561 1123 588 est
1138 558 1294 589 Dominus
1312 560 1458 591 omnibus
1474 562 1694 592 invocantibus
1719 572 1790 592 eum
1815 562 1846 592 in

200 610 344 640 veritate.
373 609 581 640 Voluntatem
598 609 776 640 timentium
801 620 834 639 se
858 609 963 647 faciet,
989 609 1148 640 orationes
1167 620 1275 640 eorum
1300 611 1453 642 exaudiet
1477 616 1509 643 et
1529 613 1633 643 salvos
1654 613 1750 644 faciet
1770 613 1846 644 eos'.

303 671 396 695 DATA
415 671 497 695 XIIII.
517 670 699 694 KALENDAS
723 670 888 698 IANUARH,
915 670 1112 694 lNDICTIONE
1132 671 1160 695 X.

1000 808 1049 837 31.

307 861 466 893 Iohannes
484 861 580 892 VIII.
593 872 682 900 papa
700 861 855 893 Karolum
873 861 1033 901 (Calvum)
1052 862 1269 900 imperatorem
1286 863 1399 893 iterum
1416 863 1609 901 deprecatur,
1634 867 1669 894 ut
1685 865 1847 896 Romanae

199 913 343 944 ecclesiae
367 913 561 952 promissmn
590 912 749 944 aum'lc'mn
785 916 893 944 contra
930 913 1104 944 Saracenos
1133 913 1272 952 aliosque
1302 914 1444 944 inimicos
1480 915 1544 945 iam
1572 916 1726 946 vleiniora
1755 916 1847 948 Urbis

200 965 398 996 devastantes
420 964 609 1004 quamtocius
631 964 737 995 mittat
759 967 789 996 et
811 964 925 1004 Zeyatos
948 975 1021 995 suos
1044 965 1170 1004 benique
1192 965 1355 1004 suscipiat.
1534 967 1597 996 877
1620 966 1692 997 Feb.
1711 967 1760 998 10.

314 1023 389 1050 Coa„-
418 1024 444 1050 R
462 1025 534 1057 f.14¹
554 1032 581 1050 n.
594 1026 632 1050 31.

302 1071 386 1097 Edd.:
414 1071 508 1097 Editio
522 1071 649 1097 Romana
667 1071 752 1105 (1591)
772 1072 827 1103 III,
846 1074 896 1098 312
914 1074 983 1097 ⁹130
1002 1083 1033 1093 =
1053 1071 1179 1097 Sirmond
1200 1071 1278 1097 Cone.
1291 1074 1347 1097 ant.
1366 1071 1472 1098 Galliae
1491 1072 1551 1103 III,
1572 1077 1619 1098 455
1638 1081 1664 1099 τι.
1678 1078 1716 1099 19.
1754 1074 1847 1099 vasi

201 1114 278 1141 Cone.
292 1115 350 1141 coll.
370 1114 470 1146 XVII,
490 1118 522 1140 27
539 1123 565 1141 u.
581 1118 620 1141 30.
658 1114 753 1148 Miyne
771 1115 846 1141 Patr.
861 1115 905 1141 lat.
922 1114 1058 1146 CXXVI,
1080 1118 1121 1140 711
1139 1123 1166 1140 η.
1181 1119 1220 1141 58.
1241 1130 1273 1133 -
1293 1114 1365 1146 Jaffe'
1384 1115 1450 1149 Ray.
1465 1118 1534 1141 3077
1551 1116 1647 1148 (2306).

834 1193 972 1217 KAROLO
995 1194 1211 1218 IMPERATORI.

308 1244 387 1275 Cum
411 1255 469 1275 nos
495 1245 526 1274 in
551 1243 776 1274 ecclesiasticis
797 1244 879 1274 curis
903 1244 1053 1274 instantia
1070 1243 1230 1274 cotidiana
1248 1245 1482 1285 constringeret
1505 1248 1537 1275 et
1560 1245 1721 1277 hincinde
1739 1247 1847 1287 populi

199 1296 290 1327 nobis
315 1296 476 1327 commissi
500 1296 667 1326 continuus
691 1295 792 1333 dolor,
817 1296 869 1336 qui
894 1299 1006 1326 cuncta
1029 1298 1137 1326 nostra
1161 1297 1313 1326 interiora
1337 1297 1486 1337 perculit,
1515 1297 1734 1337 perturbaret,
1758 1298 1847 1334 illud,

198 1351 233 1379 ut
256 1349 300 1378 ita
324 1347 489 1388 dixerima,
520 1348 603 1379 inter
625 1347 689 1378 alia
712 1347 867 1385 flevimus,
893 1347 978 1388 quod
1002 1357 1084 1378 nunc
1108 1358 1208 1388 usque
1233 1351 1299 1378 tam
1322 1358 1380 1389 per
1404 1352 1521 1379 terram
1545 1359 1640 1389 quam
1666 1352 1698 1379 et
1721 1350 1847 1390 navigio

200 1399 240 1431 ad
264 1410 320 1430 vos
343 1402 486 1430 nostrum
510 1400 641 1429 missum
672 1399 830 1440 dirigereb
855 1409 979 1429 summo
1013 1399 1266 1430 desideravimus
1290 1399 1410 1439 studio,
1438 1404 1473 1430 ut
1496 1400 1587 1431 nobis
1611 1404 1750 1432 vestram
1774 1412 1847 1442 pro-

200 1452 388 1492 speritatem
413 1449 668 1481 desiderantibus
694 1453 726 1480 et
753 1451 847 1481 anxie
872 1449 1052 1481 sitientibus
1076 1451 1311 1482 renuntiaretur
1335 1451 1485 1482 citissime
1513 1452 1649 1482 sanitas⁰
1672 1455 1759 1485 tuac:
1791 1453 1848 1484 sed

200 1504 327 1534 omnino
351 1502 560 1543 nequivimus.
599 1501 684 1532 Hinc
708 1502 820 1539 fateor,
845 1501 889 1532 fili
912 1502 1091 1542 karissime,
1115 1505 1204 1533 tanta
1228 1513 1286 1543 per
1306 1506 1476 1544 utrumque
1500 1503 1580 1534 iterd
1597 1504 1848 1544 impedimentad

199 1554 370 1592 timuimus,
394 1556 548 1595 quantum
565 1556 597 1584 et
619 1564 677 1594 per
693 1564 837 1594 paganos
858 1557 890 1584 et
914 1564 972 1594 per
988 1554 1113 1595 iniquos
1130 1553 1327 1585 Christianos
1351 1555 1418 1585 sine
1436 1558 1584 1596 respectu
1606 1555 1702 1586 divini
1725 1557 1848 1587 timoris

199 1606 348 1647 generari
370 1605 470 1645 mala,
501 1616 561 1646 que
587 1609 654 1646 etas
678 1609 786 1636 nostra
809 1616 870 1636 non
895 1606 1055 1645 meminit,
1086 1606 1300 1646 deploramus.
1347 1607 1451 1637 Tanta
1475 1607 1559 1637 enim
1591 1611 1677 1646 sunt,
1709 1612 1744 1638 ut
1767 1609 1848 1638 intra

198 1658 305 1698 menia
328 1656 424 1687 Urbis
449 1657 582 1698 reliquie
606 1657 716 1698 populi
739 1657 939 1688 innumerata
963 1660 1154 1698 paupertate
1179 1658 1294 1698 affecte
1319 1659 1491 1689 consistant
1520 1662 1552 1689 et
1580 1659 1726 1690 omnibus
1751 1660 1846 1691 forin-

198 1719 289 1740 secus
314 1709 506 1739 devastatise
529 1719 566 1739 ac
590 1709 622 1739 in
645 1709 851 1740 solitudinem
875 1709 1013 1740 redactis
1038 1710 1132 1740 nichil
1157 1710 1220 1740 iam
1245 1714 1353 1747 restet,
1378 1711 1445 1749 nisi,
1477 1710 1560 1751 quod
1585 1711 1673 1742 Deus
1697 1711 1847 1749 avertats,

197 1761 296 1801 ipsius
321 1760 415 1792 Urbis
439 1760 608 1791 excidium.
656 1760 719 1791 Sed
745 1763 777 1791 et
801 1764 953 1802 quantum
984 1771 1042 1791 nos
1065 1761 1132 1791 Leo
1157 1761 1350 1792 venerabilis
1379 1762 1580 1803 episeopus&
1605 1763 1847 1803 apocrisiariusg

198 1815 231 1843 et
254 1812 367 1842 missus
391 1815 498 1852 sancte
522 1812 667 1852 Romane
693 1812 845 1852 ecclesie,
877 1813 1053 1843 communis
1086 1823 1213 1854 quoque
1238 1812 1356 1851 fidelis,
1387 1824 1406 1844 a
1439 1818 1544 1845 vestro
1568 1815 1697 1845 servitio
1721 1815 1848 1846 rediens

199 1863 238 1894 de
262 1863 332 1901 hoc,
358 1863 443 1905 quod
467 1874 485 1894 a
502 1863 590 1894 vobis
614 1864 733 1904 retulit,
757 1863 849 1905 posth
866 1864 920 1895 seh
939 1867 1078 1894 vestrum
1104 1865 1282 1895 exercituin
1306 1868 1416 1896 contra
1434 1866 1601 1906 Agarenos
1625 1876 1694 1896 esse
1719 1867 1847 1897 mitten-

198 1915 288 1955 dum,
320 1916 544 1956 letificaverat,
578 1918 702 1946 tantum
734 1915 898 1956 hucusque
923 1915 1061 1947 eundem
1084 1916 1176 1946 nobis
1201 1916 1458 1957 expectantibus,
1491 1918 1566 1958 quia
1596 1919 1757 1949 consecuti
1786 1929 1846 1948 non

198 1978 320 2003 sumus,
350 1966 486 1997 validior
509 1977 615 1997 meror
639 1970 671 1997 et
694 1967 864 1998 ineffabilis
888 1968 1035 2008 angustia
1066 1968 1278 2006 contristavit,
1311 1969 1386 2009 quia
1414 1971 1481 1999 tota
1506 1968 1683 2010 Campania
1707 1969 1748 1999 ab
1772 1969 1848 2010 ipsis

197 2019 268 2050 Deo
294 2018 466 2049 odibilibus
490 2018 657 2049 Saracenis
681 2018 822 2049 funditus
846 2018 1015 2049 devastata
1038 2020 1101 2049 iam
1125 2020 1270 2059 fluvium,
1296 2021 1350 2060 qui
1374 2030 1393 2050 a
1417 2020 1583 2051 Tiburtina
1607 2020 1685 2051 urbe
1710 2021 1847 2051 Romam

199 2070 338 2101 decurrit
347 2070 368 2109 4,
393 2069 501 2100 furtim
519 2073 683 2101 transeunt
708 2074 740 2101 et
756 2073 822 2101 tam
840 2069 986 2101 Sabinosi
1012 2081 1107 2112 quam
1132 2071 1191 2101 sibi
1212 2071 1393 2102 adiacentia
1408 2072 1480 2102 loca
1496 2072 1678 2112 predantur.
1715 2072 1846 2103 Sancto—

198 2132 268 2152 rum
292 2132 418 2163 quoque
442 2122 591 2152 basilicas
615 2125 647 2153 et
670 2122 784 2152 altaria
806 2122 1041 2163 destruxerunt,
1065 2123 1250 2154 sacerdotes
1274 2126 1306 2154 et
1322 2123 1591 2163 sanctimoniales,
1615 2124 1695 2154 alios
1719 2124 1848 2165 quidem

169 2189 180 2207 ε,
199 2174 341 2214 captivos
365 2173 550 2213 duxerunt,-
571 2173 650 2204 alios
674 2177 782 2204 autem
805 2175 901 2205 variis
924 2174 1080 2205 mortibus
1104 2179 1298 2206 necaverunt
1322 2178 1355 2206 et
1378 2175 1529 2206 omnemk
1554 2174 1670 2206 Christi
1694 2176 1847 2217 sanguine

198 2225 402 2266 redemptum
418 2225 572 2266 populum
596 2225 627 2255 in
652 2226 783 2256 circuitu
804 2226 1003 2256 deleverunt.
1035 2225 1077 2257 Et
1093 2226 1169 2267 quid
1194 2226 1308 2267 dicam,
1333 2230 1387 2257 aut
1404 2227 1479 2267 quid
1503 2227 1636 2268 loquar?
1671 2227 1750 2258 Cum
1774 2238 1846 2268 per-

198 2278 321 2308 venerit
343 2276 468 2316 gladius
491 2287 591 2318 usque
616 2277 657 2307 ad
681 2277 821 2308 animam
845 2281 877 2308 et
900 2278 1029 2319 sanguis
1054 2279 1193 2308 omnium
1219 2278 1258 2309 de
1283 2281 1369 2309 terra
1393 2279 1511 2310 clamet
1534 2279 1575 2309 ad
1592 2278 1709 2311 Deum.
1748 2277 1845 2319 Ergo,

198 2329 483 2369 precellentissimi}
505 2339 661 2369 cesarum,
685 2330 815 2360 iamiam
836 2333 941 2370 nostre
959 2330 1134 2361 calamitati
1151 2330 1336 2369 succurrite,
1360 2331 1424 2361 iam
1448 2330 1558 2371 populi
1582 2331 1680 2360 nostri
1704 2331 1849 2360 miserias

198 2380 364 2420 relevate1‚
388 2380 453 2411 iam
476 2383 581 2420 vestre
605 2382 748 2421 potentie
772 2391 902 2411 manum
925 2382 1079 2423 porrigite
1104 2384 1135 2412 et
1158 2382 1240 2412 hano
1263 2385 1392 2421 terram,
1418 2382 1506 2412 cuius
1529 2381 1619 2412 vobis
1643 2382 1849 2412 necessitates

199 2431 239 2463 ab
263 2432 332 2473 ipso
354 2435 459 2472 vestre
483 2433 658 2463 vocationis
681 2433 770 2463 initio
794 2436 886 2463 notas
910 2433 1053 2472 fecimus,
1078 2433 1224 2473 liberate,
1248 2443 1298 2473 ne,
1323 2434 1349 2463 si
1373 2432 1498 2473 perdita
1522 2432 1627 2467 fuerit,
1653 2436 1685 2463 et
1708 2435 1846 2463 vestrum

301 2526 324 2557 ³)
349 2526 364 2551 b
388 2535 456 2551 corr.
474 2535 505 2552 ecc
528 2536 545 2552 u
567 2528 603 2553 al.
621 2536 690 2552 man.
709 2527 741 2552 11¹.

300 2577 342 2603 31.
369 2577 393 2610 a)
411 2579 545 2604 direxerim
565 2579 596 2604 R.
674 2578 699 2610 b)
717 2579 745 2604 ‘ln
763 2588 815 2605 ras.
836 2580 867 2605 R.
945 2579 968 2611 c)
986 2580 1108 2605 sanitates
1128 2580 1159 2604 R.
1237 2578 1261 2611 d)
1281 2580 1328 2604 iter
1348 2580 1396 2603 im-
1415 2587 1482 2604 corr.
1496 2588 1526 2604 ex
1544 2580 1657 2604 inierunt
1675 2580 1710 2603 al.
1724 2587 1792 2604 man.
1817 2578 1844 2602 I1'.

198 2619 221 2651 θ)
240 2620 351 2645 (levastis
373 2629 440 2646 corr.
459 2630 489 2646 ex
512 2622 590 2647 devas
613 2623 648 2647 al.
667 2631 735 2647 man.
756 2622 787 2647 R.
887 2622 906 2653 f)
925 2623 1042 2647 advertat
1059 2622 1092 2647 R.
1191 2622 1215 2652 Β)
1236 2631 1280 2646 -us
1303 2631 1369 2647 corr.
1389 2630 1419 2646 ex
1439 2630 1496 2646 -um
1515 2622 1547 2646 R.
1650 2620 1675 2652 h)
1694 2622 1721 2645 in
1740 2629 1791 2645 ras.
1812 2621 1844 2645 12¹.

197 2661 217 2694 i)
236 2663 344 2688 Savinos
363 2663 394 2688 R.
481 2663 506 2695 k)
524 2673 598 2690 omne
616 2665 648 2690 R.
737 2664 754 2697 ¹)
773 2674 790 2690 u
809 2674 876 2690 corr.
894 2666 922 2690 in
940 2666 956 2690 b
978 2670 1001 2690 et
1019 2666 1109 2689 iterum
1128 2665 1154 2689 in
1174 2674 1190 2689 u
1210 2665 1244 2690 al.
1264 2674 1332 2689 man.
1352 2665 1383 2689 Ie.

304 2739 329 2771 1)
351 2739 392 2771 Cf.
411 2738 437 2766 S.
451 2739 613 2774 Hieronymi
631 2741 718 2773 Epist.
732 2745 790 2774 108,
811 2746 824 2767 1
847 2741 950 2774 (Miyne
972 2741 1080 2773 XXII,
1101 2741 1169 2773 8715).
1277 2741 1303 2772 2)
1328 2740 1356 2766 V.
1375 2748 1402 2765 sn.
1415 2742 1459 2770 31;
1481 2738 1516 2770 cf.
1535 2748 1561 2764 η.
1575 2742 1606 2764 211
1620 2748 1648 2771 p.
1662 2743 1694 2765 23
1713 2741 1805 2764 annot.
1822 2743 1844 2764 1.

200 2781 225 2814 3)
251 2781 419 2809 Gabfinensis.
459 2783 499 2814 Cf.
517 2790 603 2816 supra
620 2792 647 2810 η.
661 2788 685 2816 4,
700 2793 728 2817 p.
742 2788 757 2811 3
775 2787 867 2811 annot.
882 2788 906 2810 6.
993 2783 1019 2813 4)
1040 2783 1178 2815 Anienem,
1197 2782 1272 2808 hodic
1289 2782 1451 2808 ‘strcroue’.

1863 571 1896 591 ΡΞ.
1908 573 1953 595 144,
1964 572 2040 592 18-19.

1861 2278 1887 2298 ns.
1903 2277 1941 2299 [er.
1952 2280 1971 2300 4,
1984 2280 2014 2298 10.

1861 2305 1887 2323 cf.
1897 2304 1950 2323 tlon.
1962 2305 1982 2328 4,
1993 2306 2024 2324 10.
