2189 3042
143 720 167 739 10

142 977 166 996 15

142 1232 167 1251 20

142 1489 167 1508 25

142 1748 167 1767 30

141 2005 165 2025 35

142 2263 167 2281 40

142 2571 167 2590 45

146 2786 169 2804 50

672 161 850 188 IOHANNIS
870 161 944 187 VIII.
965 161 1082 187 PAPAE
1106 160 1280 187 EPISTOLA
1299 161 1340 188 66.
1787 166 1827 195 59

184 251 339 287 scentesss,
367 259 421 288 ne,
450 248 476 278 si
503 247 585 278 forte
610 247 731 288 Grecos
761 249 862 279 secuti
889 248 1041 287 fueritis1,
1073 258 1144 278 cum
1168 247 1213 278 illi
1241 249 1272 278 in
1297 247 1440 279 diversas
1463 249 1593 289 hereses
1624 253 1655 280 et
1679 251 1828 281 scismata

184 301 278 331 solito
299 310 389 331 more
406 299 589 339 ceciderint,
613 310 669 330 vos
686 310 813 340 quoque
838 310 909 330 cum
933 301 1009 341 ipsis
1032 300 1063 330 iu
1081 300 1196 330 erroris
1213 299 1371 340 profunda
1395 301 1493 330 ruatis
1517 303 1558 341 et,
1582 300 1674 332 ‘sicut
1697 312 1828 342 serpens

185 351 314 382 seduxit
337 350 439 382 Evam
462 351 580 382 astutia
603 361 675 389 sua,
700 352 745 381 ita
769 361 878 381 sensus
901 351 997 382 vestri
1021 354 1264 391 corrumpantur
1287 354 1319 382 et
1342 351 1501 382 excedant
1525 362 1543 382 a
1567 352 1770 392 simplicitate
1795 356 1828 383 et

1843 314 1861 332 2.
1870 312 1917 332 Cor.
1930 315 1962 337 11,
1973 314 1991 333 3.

185 403 342 442 castitate,
367 412 428 443 que
452 404 501 433 est
523 401 555 432 in
571 400 697 432 Christo
714 401 810 433 Iesu’.
848 401 931 432 Nam
956 405 998 441 te,
1022 402 1076 442 fili,
1100 402 1248 432 Mosaicis
1272 412 1350 443 rogo
1368 402 1487 433 verbis:
1511 401 1678 444 ‘Inter-oga
1703 408 1827 445 patrem
1842 415 1979 439 neumam.

153 466 164 483 5
185 457 273 484 tuum
290 456 323 484 et
338 452 557 484 a1muntiabit¹²
574 452 642 491 tibi,
665 453 807 483 seniores
824 456 893 484 tuos
915 456 947 484 et
964 453 1070 484 dicent
1086 453 1167 492 tibi',
1191 454 1217 484 si
1233 454 1406 495 aliquando
1423 454 1517 495 Greci
1534 456 1602 485 sine
1627 455 1686 486 hac
1703 457 1753 487 vel
1776 457 1830 488 illa

185 505 306 545 heresic
329 504 446 535 fuerint
470 507 511 543 et,
536 514 607 534 cum
630 515 692 535 non
709 505 888 535 inveneris‘¹
914 505 989 535 cosd
1013 505 1052 536 ab
1076 506 1183 546 aliqua
1207 506 1312 536 heresi
1335 506 1507 546 aliquando
1532 506 1650 537 liberos
1674 508 1828 548 extitisse,

185 560 312 597 oportet
327 566 383 586 vos
407 566 518 586 eorum
534 555 664 586 fraudes
681 560 713 587 et
737 557 895 587 consortia
912 556 1035 597 fugere,
1060 567 1109 593 ne,
1134 567 1206 587 cum
1227 557 1272 587 illi
1290 558 1473 597 erraverint,
1491 568 1546 588 vos
1563 559 1674 589 erretis
1692 562 1733 598 et,
1758 570 1829 590 cum

185 607 230 638 illi
253 607 295 638 ad
318 607 550 648 blasphemiam
574 608 658 638 versi
681 607 811 647 fuerint,
836 612 868 639 et
891 619 946 639 vos
971 609 1066 639 etiam
1091 608 1165 639 fidei
1189 611 1275 648 recte
1300 608 1592 649 blasphematorese
1616 610 1829 642 inveniamini.

186 659 254 690 Nec
278 659 337 690 erit
354 659 407 700 qui
424 669 479 689 vos
495 658 700 699 postmodum
725 659 944 700 corrigatfvel
961 659 1001 690 ab
1019 670 1126 690 errore
1150 659 1283 690 reducat
1307 663 1339 690 et
1362 660 1422 690 hoc
1448 664 1505 699 est,
1529 661 1606 691 mihi
1631 662 1761 700 credite,
1786 662 1830 693 fili

186 711 363 750 karissime,
381 710 467 752 quod
483 710 639 747 dolemus,
656 711 716 741 hoc
733 714 791 748 est,
808 711 892 741 unde
910 714 1002 741 nocte
1027 713 1059 742 et
1083 710 1133 741 die
1151 721 1207 751 pro
1224 711 1314 741 vobis
1331 711 1457 742 solliciti
1474 723 1591 748 sumus,
1616 723 1678 743 non
1694 714 1830 754 gloriam

186 772 227 793 ex
243 762 333 793 vobis
349 762 399 793 vel
416 762 571 793 honorem
588 765 644 793 aut
660 772 790 793 censum
807 763 917 803 procul
934 762 1030 793 dubio
1052 765 1270 803 expectantes,
1295 772 1365 793 cum
1383 773 1439 793 vos
1462 764 1568 803 potius
1592 767 1623 795 ct
1646 775 1708 795 non
1725 768 1831 796 vestra

186 824 366 854 queramus.
412 813 495 844 Nam
520 824 582 844 non
606 814 708 855 patrie
737 814 881 855 regimen
908 817 940 844 et
964 814 1010 844 rei
1033 813 1159 854 publice
1189 813 1398 844 moderamen
1422 814 1555 855 adipisci
1580 816 1741 856 cupimus,
1775 816 1831 847 sed

186 864 371 896 dioeceseos
395 864 539 895 eiusdem
564 865 704 906 regionis
728 875 836 895 curam
861 868 893 896 et
917 864 1158 905 dispositionem
1181 874 1271 895 more
1295 866 1399 905 prisco
1424 876 1586 896 resumere
1611 866 1773 907 volumus,
1797 871 1832 898 ut

185 915 445 956 sollicitudinem,
477 927 573 958 quam
600 917 755 947 universis
779 916 934 947 debemus
963 916 1122 956 ecclesiis,
1154 918 1241 946 tanto
1270 926 1328 956 pro
1357 916 1471 947 eadem
1500 916 1640 948 dioecesi
1673 918 1831 949 sollertius

186 977 404 1005 exerceamus,
429 971 547 1008 quanto
571 967 613 998 ad
630 968 863 999 ordinationem
886 967 1056 1008 specialius
1079 970 1242 997 nostramg
1258 967 1339 998 hanc
1363 968 1537 1008 antiquitus
1554 970 1744 1009 pertinuisse
1768 980 1830 1001 non

185 1019 399 1060 ignoramus2,
428 1022 582 1060 tantoque
610 1030 667 1061 pro
691 1022 794 1059 vestre
823 1020 933 1050 salutis
962 1018 1107 1049 custodia
1134 1019 1302 1049 instantius
1332 1019 1465 1060 vigilare
1489 1020 1667 1058 valeamus,
1699 1025 1829 1062 quanto,

185 1073 220 1101 ut
249 1070 416 1102 confirmet
446 1071 505 1102 hoc
530 1071 633 1111 Deus,
662 1071 748 1112 quod
777 1074 927 1112 operatus
951 1074 1000 1101 est
1029 1071 1060 1100 in
1083 1069 1205 1110 vobish,
1239 1071 1363 1101 enixius
1393 1071 1483 1101 nobis
1514 1071 1689 1112 optandum
1721 1075 1769 1102 est
1799 1075 1832 1103 et

186 1121 358 1153 districtius
387 1133 405 1154 a
432 1122 523 1153 nobis
546 1123 695 1153 divinitus
719 1122 912 1164 exigendum
943 1122 1057 1152 clarius
1081 1122 1211 1160 scimus,
1242 1122 1266 1152 si
1297 1122 1381 1152 circa
1405 1123 1645 1153 instructionem
1674 1126 1705 1154 et
1729 1125 1830 1154 muni-

185 1174 306 1204 tionem
329 1177 469 1205 vestram
500 1174 643 1213 desides,
676 1174 762 1215 quod
794 1174 889 1212 absit,
920 1173 1072 1204 fuerimus
1099 1173 1229 1204 inventi.
1284 1173 1494 1204 Revertimini
1524 1184 1601 1215 ergo
1629 1174 1669 1205 ad
1701 1174 1831 1206 beatum

185 1224 319 1255 Petrum
343 1226 561 1266 apostolorum
589 1226 740 1267 primum,
772 1235 867 1264 quem
892 1225 1038 1264 amastis,
1070 1235 1166 1266 quem
1191 1224 1350 1266 elegistis,
1382 1236 1478 1266 quem
1507 1226 1653 1266 quesistis
1678 1227 1831 1267 cuiusque

185 1277 217 1306 in
240 1277 485 1308 necessitatibus
512 1278 724 1318 patrocinium
747 1277 936 1318 percepistis
969 1280 1002 1307 et
1031 1277 1150 1307 fluenta
1180 1276 1322 1317 doctrine
1347 1277 1516 1307 salubriter
1546 1282 1578 1308 et
1605 1278 1833 1309 convenienter

185 1327 335 1358 hausistis
366 1329 518 1369 cuiusque
547 1339 602 1360 vos
630 1327 836 1369 protectionii
859 1338 930 1358 cum
959 1327 1109 1358 subiectis
1134 1328 1280 1358 omnibus
1310 1328 1558 1359 commendastis
1588 1332 1620 1358 et
1648 1329 1831 1359 tradidistis.

185 1380 289 1410 ‘Bene
318 1370 448 1421 quidem
476 1380 676 1419 currebatis³,
707 1391 777 1411 cum
806 1380 952 1421 apostolo
982 1380 1170 1419 clamamus,
1198 1380 1284 1420 ‘quis
1316 1390 1371 1410 vos
1401 1380 1569 1410 fascinavit
1592 1380 1740 1411 veritatik
1769 1391 1831 1411 non

186 1430 353 1471 obedire³?
402 1431 467 1463 Sed
492 1435 524 1462 et
546 1433 614 1472 ipse
639 1442 697 1472 per
720 1442 754 1463 se
778 1431 935 1462 Dominus
959 1431 1050 1462 dicit:
1071 1428 1190 1462 ‘Nemo
1215 1433 1345 1462 mittens
1369 1442 1498 1462 manum
1523 1442 1612 1462 suam
1637 1432 1668 1462 in
1692 1435 1832 1463 aratrum

187 1485 218 1513 et
242 1492 412 1514 conversus
438 1486 613 1514 retrorsum
641 1487 734 1524 aptus
766 1487 814 1514 est
843 1484 874 1513 in
902 1494 1000 1524 regno
1030 1479 1188 1523 celorum?
1242 1483 1314 1514 Non
1346 1486 1455 1514 autem
1480 1483 1628 1521 dicimus,
1661 1483 1746 1524 quod
1770 1494 1832 1514 non

185 1544 248 1564 una
271 1534 311 1564 sit
333 1534 422 1573 fides,
446 1545 542 1565 unum
560 1535 728 1576 baptisma,
753 1545 833 1565 unus
849 1534 938 1566 Deus
962 1539 1070 1566 noster
1087 1536 1205 1575 pariter
1230 1538 1262 1565 et
1282 1535 1419 1574 illorum,
1443 1534 1500 1565 sed
1522 1535 1596 1575 quia
1620 1535 1651 1565 in
1675 1536 1720 1566 eis
1744 1545 1831 1576 sepe,

186 1586 312 1626 presule
330 1585 682 1627 Constantinopolitano
700 1586 751 1617 vel
767 1588 963 1627 imperatore
985 1589 1040 1617 aut
1055 1586 1246 1628 plerumque
1262 1590 1399 1628 utroque
1417 1589 1547 1617 auctore
1569 1586 1653 1617 facto
1671 1587 1831 1627 hereseos,

185 1637 302 1677 plures,
327 1638 380 1679 qui
404 1637 461 1668 sub
485 1638 576 1679 ipsisl
599 1641 681 1677 sunt,
705 1638 888 1669 adolatione
913 1642 968 1669 aut
991 1641 1078 1669 certe
1103 1639 1216 1669 timore
1240 1638 1302 1669 illis
1322 1638 1502 1669 efficiuntur
1518 1638 1713 1671 consimiles:
1739 1642 1772 1669 et
1794 1649 1831 1678 ve

186 1692 258 1720 tunc
287 1690 333 1720 eis
364 1693 427 1729 est,
458 1691 512 1731 qui
536 1690 725 1721 societatem
749 1693 925 1732 sequuntur
956 1701 1075 1721 eorum.
1129 1690 1188 1721 Dic
1213 1691 1337 1731 itaque,
1362 1701 1456 1731 rogo,
1481 1690 1649 1720 karissime
1672 1690 1730 1727 fili,
1756 1690 1833 1731 quid

186 1740 309 1772 faceres
337 1744 371 1772 tu
395 1742 445 1772 vel
468 1742 605 1783 populus
629 1745 715 1781 tuus,
747 1743 773 1772 si
801 1745 946 1783 tempore
978 1742 1260 1783 pneumatomachi
1284 1742 1465 1773 Macedonii
1490 1741 1833 1782 Constantinopolitani

185 1792 334 1824 antistitis
343 1792 365 1832 ³,
390 1793 518 1834 quando
536 1796 569 1824 et
584 1794 699 1834 impius
716 1793 780 1825 illic
797 1793 978 1834 imperabat
994 1793 1228 1832 Constantius4,
1250 1795 1362 1825 essetis
1380 1804 1491 1824 eorum
1508 1794 1663 1824 societate
1681 1794 1832 1832 fruentes,

185 1854 288 1874 nonne
313 1843 432 1884 dogma
455 1845 523 1875 eius
547 1848 658 1875 contra
682 1844 834 1886 Spiritum
858 1848 1003 1876 sanctum
1023 1845 1249 1886 blasphemans
1273 1855 1345 1876 cum
1368 1845 1430 1875 illis
1454 1845 1687 1886 sequeremini?
1726 1844 1832 1880 ‘Quod

185 1895 373 1936 peccatum‘,
404 1898 576 1927 attestante
601 1896 753 1935 Domino,
784 1897 861 1927 ‘non
890 1898 1062 1927 remittitur
1085 1907 1189 1938 neque
1214 1896 1264 1927 hic
1289 1907 1393 1937 neque
1427 1897 1459 1927 in
1487 1896 1620 1927 futuro.³
1664 1896 1778 1927 Nonne
1806 1897 1831 1926 si

185 1947 298 1978 horum
315 1948 471 1988 pollutam
495 1949 683 1979 societatem
699 1948 870 1985 haberetis,
896 1952 928 1979 et
944 1959 1076 1989 pravam
1093 1948 1270 1979 doctrinam
1287 1948 1511 1979 nichilominus
1528 1947 1691 1979 haberetis
1714 1959 1751 1979 ac
1774 1959 1833 1990 per

184 1998 245 2029 hoc
269 2001 301 2029 et
325 2009 381 2029 vos
405 2009 477 2030 cum
500 2000 562 2030 illis
587 2001 677 2040 quasi
701 2000 845 2031 fasciculi
869 2000 1011 2041 colligati
1034 2000 1075 2031 ad
1100 2000 1340 2031 conburendum
1365 2004 1474 2039 eterno
1499 2000 1564 2041 igni
1588 2001 1830 2031 reservaremini

184 2050 215 2080 in
240 2049 292 2080 die
316 2050 424 2081 iudicii
448 2051 630 2082 cruciandi?
669 2051 838 2082 Credimus
862 2055 980 2091 autem,
1006 2051 1090 2093 quod
1114 2052 1178 2082 iam
1195 2062 1252 2082 vos
1276 2062 1339 2081 non
1362 2051 1472 2090 lateat,
1497 2062 1656 2092 nunquam
1666 2057 1686 2069 ¹¹¹
1703 2055 1831 2092 aposto-

184 2101 279 2132 licam
296 2101 383 2133 beati
399 2102 489 2133 Petri
504 2103 615 2134 sedem
639 2103 679 2134 ab
696 2103 766 2134 aliis
784 2103 912 2134 sedibus
928 2103 1187 2144 reprehensamn,
1213 2113 1284 2133 cum
1306 2103 1376 2143 ipsa
1396 2103 1476 2134 alias
1493 2113 1604 2134 omnes
1628 2107 1660 2134 et
1680 2104 1832 2144 precipue

185 2152 572 2194 Constantinopolitanam
596 2155 762 2195 sepissime
780 2155 1019 2196 reprehendens
1043 2158 1098 2185 aut
1121 2154 1161 2186 ab
1186 2165 1294 2185 errore
1311 2154 1505 2195 liberaverit,
1530 2158 1585 2185 aut
1608 2158 1695 2186 certe
1718 2156 1750 2185 in
1773 2155 1832 2194 his,

186 2205 239 2245 qui
256 2205 444 2245 resipiscere
461 2206 641 2246 noluerunt,
665 2207 822 2247 sententie
846 2217 902 2246 suc
926 2206 1043 2237 iudicio
1065 2206 1355 2237 condemnaverit0.
1394 2206 1469 2237 Noli
1493 2217 1569 2247 ergo
1593 2208 1683 2247 sequi
1701 2206 1831 2247 Grecos,

185 2256 230 2286 fili
258 2256 439 2297 karissime,
469 2258 543 2298 quia
572 2259 770 2299 argumentis
802 2268 930 2299 semper
957 2258 1125 2289 fallacibus
1159 2257 1303 2296 student,
1339 2268 1466 2299 semper
1500 2258 1638 2288 dolosisv
1664 2258 1833 2289 intendunt

292 2360 334 2386 66.
362 2360 385 2393 θ’)
405 2362 467 2386 -rti-
485 2362 512 2386 in
524 2371 578 2388 ras.
592 2363 623 2388 B.
712 2362 737 2395 b)
756 2363 771 2388 b
785 2371 852 2388 corr.
866 2371 896 2388 ex
908 2372 925 2388 u
938 2363 971 2388 R.
1060 2362 1082 2393 c)
1096 2370 1162 2387 corr.
1175 2370 1206 2387 ex
1218 2362 1313 2388 habere
1327 2362 1349 2386 si
1362 2362 1394 2387 R.
1481 2360 1506 2393 d)
1519 2370 1585 2386 corr.
1598 2370 1628 2386 eac
1641 2361 1788 2385 inveneritis
1800 2360 1832 2385 B.

186 2402 209 2434 θ)
227 2412 294 2429 corr.
307 2412 337 2429 ex
355 2404 582 2437 blasphemiatores
601 2405 633 2430 R.
724 2405 743 2437 f)
762 2410 773 2431 t
791 2415 856 2431 corr.
871 2414 901 2431 επ
919 2415 930 2431 s
950 2406 982 2431 R.
1076 2405 1101 2436 S)
1122 2406 1194 2431 u—ram
1213 2405 1245 2430 R.
1337 2403 1362 2435 11)
1382 2405 1455 2429 uobis
1474 2404 1505 2429 R.
1593 2403 1609 2435 i)
1628 2408 1698 2436 prot·
1717 2412 1783 2428 corr.
1802 2411 1833 2428 ex

186 2455 259 2479 pros·
279 2446 310 2472 R.
398 2446 423 2478 k)
443 2456 509 2474 corr.
523 2457 553 2473 eo:
571 2449 679 2474 veritate
698 2449 729 2474 R.
817 2448 838 2480 l)
856 2450 912 2482 ipsi,
931 2449 1047 2474 ultimum
1066 2449 1074 2473 i
1092 2449 1120 2473 in
1137 2457 1190 2473 ras.
1209 2448 1241 2474 R.
1330 2448 1361 2479 ιΒ)
1376 2452 1436 2480 post
1453 2456 1522 2472 nun-
1540 2455 1594 2471 mm
1613 2447 1696 2471 littera
1715 2454 1780 2471 eras.
1799 2446 1832 2471 R·

186 2488 211 2520 n)
230 2498 242 2514 s
260 2497 327 2515 corr.
341 2498 370 2514 ecc
388 2490 403 2514 d
422 2490 454 2516 R.
543 2491 566 2522 ⁰)
586 2492 634 2517 -rit
651 2500 717 2517 corr.
732 2500 761 2517 ex
780 2493 845 2517 —rint
864 2492 894 2517 R.
978 2491 1002 2524 Ρ)
1022 2492 1073 2516 -si-
1091 2492 1118 2516 in
1137 2500 1190 2517 ras.
1209 2491 1240 2515 R.

292 2566 316 2597 1)
337 2564 500 2592 Graecorum
527 2567 706 2600 episcoporum
732 2568 943 2594 machinationes
969 2567 1006 2593 ad
1035 2567 1200 2593 snbiciendos
1227 2566 1401 2599 oboedientiae
1429 2564 1722 2597 Constmltinopoh‘tcmi
1745 2564 1831 2596 pairi-

186 2607 283 2634 archae
302 2608 439 2642 Bulyaros
458 2609 575 2643 indicat5
592 2611 624 2642 cf.
643 2619 669 2636 n.
685 2615 723 2637 71.
815 2611 841 2643 2)
864 2611 904 2643 Of.
922 2619 950 2637 n.
965 2614 1008 2643 68,
1028 2614 1102 2643 1262
1121 2611 1226 2643 12654.
1246 2625 1278 2628 —
1298 2609 1390 2635 Etiam
1409 2608 1525 2641 Boyoris
1543 2607 1673 2639 baptisma
1692 2606 1795 2639 quidem
1814 2615 1831 2631 ιι

192 2650 296 2677 Graeco
309 2651 429 2684 episcopo
441 2660 463 2679 c.
473 2661 498 2679 α.
506 2656 559 2679 864
571 2657 716 2687 acceperat,
734 2654 928 2680 ordinationem
941 2661 999 2680 vcro
1010 2662 1093 2679 novae
1111 2653 1232 2679 ecclesiae
1251 2662 1268 2678 a
1281 2652 1393 2678 Nicolao
1407 2652 1428 2678 1.
1438 2660 1514 2684 papa
1531 2660 1556 2676 α.
1567 2654 1621 2677 866.
1651 2650 1692 2681 Cf.
1705 2657 1831 2682 responsa

187 2693 297 2719 Nicolai
311 2702 402 2727 papae
419 2695 504 2728 (Jaffe,⁵
523 2695 588 2730 Rey.
603 2700 669 2723 2812
682 2697 777 2730 (2123),
796 2697 934 2723 Diemmler
952 2697 968 2723 l.
979 2697 995 2723 l.
1009 2697 1068 2729 11²,
1082 2700 1132 2723 188
1143 2696 1199 2729 sq).
1283 2695 1309 2728 3)
1328 2698 1453 2726 340-61,
1471 2694 1549 2720 cuius
1567 2695 1710 2725 sectatores,
1730 2692 1831 2718 ‘Mace-

187 2735 316 2762 doniani’
327 2738 368 2763 vel
384 2737 415 2763 ob
426 2738 561 2772 minorem,
579 2747 658 2772 quam
670 2740 820 2766 tribuebant
833 2739 949 2773 Spiritui
967 2742 1069 2773 sancto,
1088 2739 1245 2772 diynilatem
1257 2736 1515 2764 ‘Pneumatomachi‘
1528 2736 1664 2769 appellati,
1682 2736 1711 2760 in
1729 2734 1831 2768 synodo

189 2778 488 2813 Constantinopolitana
507 2790 531 2807 α.
545 2785 592 2808 381
611 2781 733 2809 damnati
751 2785 822 2815 sunt,
842 2783 876 2814 cf.
891 2782 981 2814 Heselc
998 2781 1240 2815 ‘Concilienyesehff
1258 2781 1317 2814 112,
1340 2786 1396 2813 lsq.
1484 2779 1510 2812 4)
1529 2779 1568 2809 ΙΙ,
1588 2779 1658 2811 (335)
1677 2781 1796 2804 353-61.

1593 2830 1625 2855 8⁴1

1845 773 1872 793 cf.
1882 774 1901 793 ⁴2.
1908 772 1955 793 Cor⁴
1964 774 1995 797 12,
2004 774 2035 794 14.

1846 1084 1872 1103 cf.
1884 1083 1920 1104 Ps.
1932 1085 1964 1108 67,
1976 1085 2008 1105 29.

1846 1377 1893 1397 Gal.
1904 1380 1924 1400 5,
1934 1379 1952 1397 7.

1845 1403 1873 1423 cfi
1885 1402 1932 1423 Gal.
1945 1404 1964 1425 3,
1975 1405 1995 1423 1.

1846 1441 1899 1462 Luc.
1909 1444 1929 1467 9,
1939 1444 1972 1463 62.

1846 1544 1873 1566 cf.
1889 1544 1943 1570 Eph.
1955 1546 1975 1570 4,
1985 1547 2035 1566 5-6.

1848 1902 1923 1923 Matth.
1932 1904 1964 1927 12,
1975 1904 2006 1923 32.

1845 2010 1872 2031 cf·
1882 2008 2037 2034 Matth.13‚30.
