2189 3042
114 470 130 489 1.
139 469 194 490 Tim.
203 469 263 490 esto.

97 887 125 907 tr.
137 886 173 908 Ps.
187 888 220 911 ⁷1.
230 889 260 908 10.

280 123 340 154 388
754 115 929 143 LUDOVICI
947 115 982 142 11.
1001 113 1251 142 IMPERATORIS
1269 113 1455 141 EPISTOLA.

277 210 308 238 et
325 206 480 237 ecclesiae
497 204 614 235 iudicio
628 203 808 243 summique
821 201 978 243 praesulis
994 200 1253 242 impositionem³
1269 204 1301 232 et
1317 201 1501 232 unctionem
1517 211 1630 231 manus
1643 200 1788 242 obtinuit,
1805 202 1886 233 sicut
1897 203 1931 233 111

276 256 438 288 codicibus
474 255 536 286 tuis
572 255 715 285 invenire
739 253 833 284 facile
866 253 996 294 poteris.
1034 252 1157 284 Verum
1186 252 1262 294 quid
1292 253 1419 292 mirum,
1451 253 1476 283 si
1505 262 1621 283 novum
1651 253 1700 292 sit,
1732 263 1802 284 cum
1836 263 1931 285 omne

276 312 366 338 vetus
390 317 409 338 a
431 316 513 337 novo
545 305 758 347 principiumb
789 304 918 345 habeat,
942 314 1005 335 non
1034 314 1152 335 novum
1176 314 1196 335 a
1218 304 1340 335 veteri?
1385 303 1426 335 Et
1456 306 1542 335 certe
1573 314 1644 335 cum
1672 304 1767 345 primi
1793 303 1933 336 Romani

277 358 455 400 principes0
478 358 638 398 imperare
673 359 859 398 coeperunt,
883 366 999 386 novum
1023 355 1092 395 fuit,
1117 358 1166 386 set
1196 355 1236 387 de
1265 355 1316 386 die
1345 356 1377 386 in
1406 355 1492 387 diem
1517 355 1646 386 devenit
1669 356 1701 386 in
1723 358 1933 394 vetustatem;

277 421 339 441 non
357 420 434 450 ergo
451 418 673 450 quaecumque
690 408 815 438 novitas
839 409 869 439 in
895 407 989 449 culpa
1009 411 1068 446 est,
1085 410 1134 439 set
1156 406 1417 448 reprehensibilis
1440 407 1580 444 novitas;
1597 407 1681 438 unde
1706 409 1738 438 et
1761 407 1934 449 apostolus,

278 472 350 493 cum
379 461 497 492 dilecto
528 460 682 502 discipulo
714 459 898 500 scriberetd,
922 470 984 490 non
1008 460 1065 490 ait:
1090 459 1226 490 ‘Vocum
1257 459 1416 490 novitates
1440 458 1559 490 devita'
1588 477 1621 481 —-
1648 461 1710 490 set:
1734 457 1936 500 ‘Prophanas

274 523 389 544 vocum
412 512 572 543 novitates
601 511 730 542 devita.³
754 510 839 542 Sane
863 511 1028 552 antiquam
1054 520 1124 541 esse
1148 510 1275 552 imperii
1297 511 1396 541 nostri
1420 509 1609 552 dignitatem
1634 510 1758 541 111111115Ε
1788 509 1934 551 ambigit,

275 564 328 605 qui
351 563 403 594 vel
426 562 499 594 110ss
527 573 728 594 successores
755 562 960 603 antiquorum
990 562 1222 603 imperatorum
1251 571 1322 592 esse
1352 572 1415 593 non
1443 562 1546 593 nescit
1568 561 1620 593 vel
1650 561 1777 593 divinae
1805 562 1934 603 pietatis

276 616 402 646 divitias
426 625 489 646 non
513 615 648 656 ignorat.
696 613 779 645 Nam
804 613 881 656 quid
910 614 1036 653 mirum,
1065 614 1091 644 si
1120 614 1152 644 in
1176 613 1238 645 fine
1262 613 1417 655 temporis
1447 613 1554 654 palam
1586 613 1718 653 exibuit,
1750 612 1836 655 quod
1859 615 1934 644 ante

275 671 423 708 tempora
445 667 476 697 in
501 666 610 698 abdito
635 666 766 698 consilio
791 676 848 697 suo
873 665 1145 707 praedestinavit?

384 717 441 750 Set
456 728 515 749 nec
531 718 592 749 hoc
609 718 832 749 ammiratione
846 720 944 757 caret,
962 717 1048 758 quod
1064 717 1189 758 asseris,
1206 717 1383 759 principem
1397 716 1540 748 Arabum
1557 716 1843 758 protosimbolum²
1862 715 1935 756 dici,

277 781 348 802 cum
371 771 403 801 in
420 769 634 801 voluminibus
657 769 773 800 nostris
796 769 893 800 nichil
909 769 974 800 tale
997 769 1200 810 repperiatur
1216 771 1249 800 et
1271 768 1368 800 vestri
1392 767 1519 799 codices
1536 768 1631 800 modo
1649 767 1814 800 arehiton2
1838 767 1934 799 modo

277 832 389 864 regem
418 821 470 853 vel
501 821 563 852 alio
593 820 736 862 quolibet
770 820 927 851 vocabulo
955 822 1167 861 nuncupentss.
1206 820 1327 851 Verum
1351 830 1410 851 nos
1444 820 1590 851 omnibus
1613 820 1728 851 litteris
1762 820 1935 861 scripturas

277 884 384 905 sacras
411 872 634 914 praeferimus,
652 883 734 914 quae
758 883 817 914 per
832 872 939 903 David
961 883 1023 903 non
1048 871 1327 913 protosimbulosh‚
1352 874 1401 903 set
1424 882 1518 913 reges
1536 871 1680 903 Arabum
1704 874 1736 902 et
1760 870 1846 902 Saba
1862 881 1934 912 pro-

277 925 374 956 ficere
399 925 598 956 confitentur.
630 924 819 966 Chaganum
842 933 919 955 vero
943 922 1015 954 nosi
1038 923 1218 964 praelatum
1242 923 1385 954 Avarum
1396 923 1418 963 ³,
1442 933 1505 954 non
1521 922 1744 954 Gazanorum4
1768 925 1823 954 aut
1839 922 1933 953 Nort-

276 987 465 1008 mannorum
476 977 488 995 ⁵
500 976 676 1017 nuncupari
689 975 898 1016 repperimus,
912 986 1018 1017 neque
1031 976 1209 1017 principem
1222 975 1410 1016 Vulgarum,
1424 977 1474 1006 set
1485 985 1596 1016 regem
1608 974 1659 1006 vel
1677 975 1840 1006 dominum
1853 974 1934 1005 Vul-

276 1039 390 1070 garum
401 1029 423 1059 θ.
463 1028 553 1064 Quae
571 1028 678 1059 omnia
694 1027 812 1058 idcirco
837 1026 981 1067 dicimus,
1005 1030 1040 1058 ut
1056 1037 1151 1068 quam
1168 1027 1263 1058 aliter
1279 1037 1312 1058 se
1329 1026 1480 1067 habeant,
1498 1037 1580 1068 quae
1597 1027 1760 1068 scripsisti,
1776 1026 1887 1068 legens
1903 1026 1935 1057 in

276 1079 410 1111 Graecis
426 1079 640 1110 voluminibus
656 1079 725 1120 ipse
743 1088 930 1120 cognoscas;
956 1088 1036 1120 quos
1051 1078 1199 1109 nimirum
1216 1078 1280 1109 suis
1296 1078 1538 1120 cognominibus
1556 1078 1761 1120 acquiescere
1781 1077 1934 1119 perhibes

278 1141 337 1163 1100
353 1134 462 1162 tamen
477 1132 607 1172 propria
619 1131 761 1172 ipsorum
778 1130 969 1171 cognomina
984 1130 1108 1160 recolis.
1139 1130 1262 1160 Verum
1278 1130 1396 1161 idcirco
1414 1129 1455 1160 ab
1468 1129 1536 1160 hisk
1553 1129 1700 1161 omnibus
1712 1131 1817 1160 astute
1832 1129 1933 1170 βασυ-

277 1184 359 1218 λεως
381 1183 574 1214 vocabulum
595 1182 720 1220 adimis,
736 1185 771 1212 ut
788 1182 848 1212 hoc
872 1182 931 1212 soli
948 1181 1014 1222 tibi,
1031 1192 1094 1212 non
1117 1184 1184 1212 tam
1208 1183 1337 1223 proprie
1362 1192 1459 1223 quam
1482 1182 1640 1213 violenter
1662 1181 1816 1212 inflectas.
1850 1179 1934 1211 Illud

278 1238 386 1265 autem
416 1234 521 1266 ridere
548 1234 670 1273 libuitT,
695 1233 780 1274 quod
811 1233 851 1264 de
879 1234 1087 1274 imperatorio
1111 1234 1240 1264 nomine
1272 1233 1381 1264 dixisti
1409 1243 1515 1275 neque
1538 1235 1709 1274 paternum
1734 1242 1804 1264 esse
1827 1242 1933 1273 neque

279 1286 367 1327 genti
391 1286 571 1317 convenire.
619 1284 801 1321 Qu0m0d0¹
825 1286 909 1316 enim
934 1288 1103 1326 paternum
1130 1295 1193 1316 non
1217 1288 1275 1325 est,
1300 1285 1386 1326 quod
1409 1285 1472 1316 iam
1503 1285 1534 1315 in
1558 1295 1617 1316 avo
1641 1287 1750 1315 nostro
1765 1286 1933 1325 paternum

279 1338 358 1368 fuit?
393 1337 563 1374 Quomodo
588 1340 697 1368 autem
721 1337 809 1378 genti
832 1347 894 1368 non
919 1337 1077 1376 convenit,
1102 1347 1173 1368 cum
1197 1337 1344 1377 sciamus,
1367 1339 1403 1367 ut
1426 1336 1466 1367 de
1491 1337 1606 1367 ceteris
1625 1336 1791 1367 brevitatis
1812 1339 1935 1367 causam

278 1392 453 1429 taceamus,
476 1399 516 1420 ex
533 1389 776 1431 Hispanorum8
798 1388 1054 1419 Hisaurorum¹²⁹
1078 1390 1111 1419 et
1133 1387 1388 1419 chazarorumffl
1412 1390 1527 1428 801110ο
1542 1388 1754 1429 imperatores
1769 1387 1935 1418 Romanos

280 1440 432 1471 effectos?
469 1440 582 1482 Neque
600 1441 685 1472 enim
701 1441 859 1471 veraciter
875 1439 1074 1470 asseverabis
1097 1440 1243 1471 nationes
1265 1439 1324 1470 has
1348 1442 1465 1480 genteP
1481 1439 1678 1470 Francorum
1702 1442 1757 1470 aut
1779 1438 1935 1479 religione

280 1496 336 1524 aut
364 1492 533 1523 virtutibus
557 1492 719 1529 clariores,
742 1495 774 1522 et
797 1494 904 1522 tamen
929 1501 983 1521 eas
1006 1491 1177 1522 admittere
1201 1501 1264 1522 non
1287 1491 1404 1531 renuis,
1428 1491 1640 1532 imperatores
1671 1501 1712 1522 ex
1734 1490 1783 1521 his
1806 1489 1933 1531 praedi-

280 1555 353 1576 care
366 1556 428 1576 non
444 1545 591 1585 despicis.
622 1543 724 1574 Porro
735 1543 775 1574 de
793 1552 842 1582 eo,
857 1542 942 1583 quod
956 1542 1042 1582 diois,
1062 1552 1125 1573 11011
1141 1543 1173 1572 111
1190 1545 1257 1573 tota
1272 1553 1329 1573 nos
1345 1542 1481 1574 Francia
1497 1543 1667 1583 imperare,
1685 1542 1807 1583 accipe,
1823 1541 1934 1581 frater,

279 1596 378 1628 breve
408 1605 605 1636 responsum.
652 1594 688 1624 In
713 1597 781 1624 tota
803 1604 919 1634 nempe
943 1594 1139 1635 imperamus
1161 1593 1306 1633 Francia,
1324 1594 1398 1634 quia
1422 1604 1479 1624 nos
1502 1594 1613 1634 procul
1637 1593 1732 1624 dubio
1749 1594 1933 1633 retinemus,

386 1742 410 1773 a)
430 1750 474 1775 per
492 1742 678 1774 impositionem
699 1741 789 1769 Pera,-
807 1742 840 1772 cf.
854 1748 918 1772 quae
931 1740 961 1764 de
975 1748 1001 1764 eo
1021 1740 1076 1764 loco
1089 1739 1198 1764 disserui
1215 1739 1242 1763 in
1260 1737 1354 1764 ‘Neues
1368 1738 1472 1764 Arclziv'
1487 1739 1602 1771 XXXV,
1616 1742 1662 1765 675
1670 1748 1706 1772 sq.
1787 1738 1812 1772 b)
1832 1748 1888 1764 -um
1909 1740 1935 1764 in

282 1795 378 1810 rasura
397 1790 424 1809 nt
442 1785 540 1810 videtur
559 1784 620 1809 add.
640 1792 672 1809 m.
686 1785 710 1808 2.
822 1781 844 1813 0)
863 1783 926 1815 -ipes
951 1783 977 1806 in
996 1790 1092 1806 rasura
1116 1782 1177 1806 add.
1197 1790 1230 1807 in.
1250 1784 1278 1813 2,·
1312 1783 1405 1807 habeat
1435 1783 1484 1807 del.
1507 1791 1527 1808 c.
1633 1781 1657 1812 d)
1676 1786 1699 1807 -t
1717 1782 1779 1807 add.
1803 1790 1834 1807 m.
1854 1784 1869 1807 2
1889 1781 1932 1814 (3).

282 1830 304 1860 ἓ)
324 1829 414 1854 dehac
427 1829 481 1853 vita
499 1828 561 1852 add.
574 1832 597 1852 et
610 1827 659 1851 del.
678 1835 698 1851 c.
784 1824 804 1856 s)
823 1834 869 1850 nos
887 1826 914 1850 ivi
926 1833 1023 1850 rasura
1037 1833 1057 1850 c.
1140 1824 1165 1856 Β)
1184 1830 1316 1857 nuncupet
1334 1834 1355 1851 c.
1448 1824 1474 1857 h)
1493 1826 1642 1858 prosiubulo
1661 1834 1682 1850 c.
1775 1824 1794 1857 i)
1812 1825 1848 1849 sic
1868 1825 1936 1854 cod.,·

280 1881 331 1897 11011
350 1872 432 1896 Pertz.
503 1869 528 1902 k)
548 1871 581 1895 ab
594 1870 685 1894 iterum
704 1869 766 1893 add.
780 1873 801 1893 et
821 1868 870 1893 del.
885 1877 904 1893 c.
976 1867 995 1899 l)
1015 1868 1141 1900 quomodo
1154 1868 1181 1892 in
1194 1876 1291 1892 rasura
1310 1876 1330 1893 c.
1392 1867 1424 1899 m)
1444 1869 1526 1900 gratia
1538 1868 1621 1893 Perlz.
1686 1867 1711 1899 u)
1730 1868 1896 1893 hissturorum
1915 1877 1935 1894 c.

281 1916 305 1947 0)
324 1920 421 1948 gentes,
441 1923 465 1939 -s
483 1922 549 1939 eras.
563 1922 583 1939 c.
654 1911 679 1945 p)
698 1916 787 1944 gentes
807 1920 826 1937 (“.

385 2000 410 2031 1)
430 1998 462 2024 de
482 1998 561 2030 Boor,
579 1997 747 2030 Theophanis
763 1997 986 2030 Chrovoyraphia
996 1996 1038 2029 II,
1052 2000 1099 2023 225
1112 1998 1128 2023 l.
1142 2001 1162 2029 7,
1182 2005 1248 2022 aniz.
1263 1996 1368 2030 rgdocet
1392 1997 1422 2022 iri
1443 1997 1562 2030 vzaryine
1581 1998 1605 2023 et
1623 1996 1721 2023 codicis
1741 1996 1893 2022 Oasinensis
1911 1999 1935 2022 et

281 2042 418 2069 Historiae
435 2041 566 2067 miscellae
583 2040 740 2066 adnotatum
758 2048 825 2066 esse:
848 2040 1074 2074 protosymbolus
1098 2048 1197 2074 graece
1217 2040 1322 2074 primus
1341 2039 1517 2067 consiliarius
1535 2039 1752 2073 interpretatum
1777 2039 1844 2073 quia
1862 2040 1934 2067 enim

280 2085 435 2120 principem
456 2084 654 2110 Saracenorum
674 2083 773 2110 Graeci
798 2091 890 2117 regem
916 2091 1015 2109 vocare
1039 2083 1192 2117 refugiunt,
1217 2083 1290 2109 hunc
1315 2083 1554 2117 protosymbolum
1580 2084 1681 2109 vocant
1706 2082 1787 2116 quasi
1813 2083 1934 2117 primum

280 2128 396 2155 consilia
419 2127 540 2154 dantem.
572 2126 695 2152 Eandem
722 2134 775 2152 rem
800 2129 914 2152 testatur
939 2126 1027 2152 Const.
1048 2126 1180 2159 Porphyr.
1200 2126 1243 2152 De
1268 2134 1356 2152 cerem.
1373 2126 1473 2159 11‚4s,·
1497 2134 1562 2152 riam
1586 2126 1760 2159 imperatores
1784 2126 1936 2160 Byeantini

279 2171 441 2197 scribebant:
471 2173 508 2202 τῷ
530 2189 554 2196 ..
569 2189 574 2195 .
599 2168 836 2202 πρωτοσυμβούλῳ
867 2170 913 2194 καὶ
946 2169 1098 2201 διατάκτορι
1128 2171 1181 2194 τῶν
1208 2168 1365 2202 Ἀγαρηνῶν.
1408 2170 1449 2203 Cf.
1475 2169 1573 2195 ‘Neues
1597 2169 1710 2195 Archiv’
1734 2169 1861 2201 XXXV,
1882 2173 1934 2196 671.

280 2215 306 2247 2)
325 2214 381 2240 Voae
399 2213 504 2246 ἅρχιιος
522 2221 578 2238 non
597 2212 715 2238 occurrit
734 2212 808 2245 apud
830 2212 955 2242 Graecos;
974 2211 1087 2244 ἀρχηγός
1107 2214 1173 2238 time
1192 2212 1378 2244 appellabatur
1391 2212 1514 2245 priiiceps
1534 2212 1655 2238 Arabum
1677 2212 1711 2245 cf.
1728 2212 1883 2245 Theophani.
1897 2211 1934 2239 ed.

280 2257 310 2283 de
334 2258 414 2289 Boor,
433 2257 457 2288 I,
470 2260 520 2282 401
538 2256 554 2282 l.
567 2260 591 2282 4.
714 2254 741 2287 3)
767 2254 808 2287 Cf.
825 2254 912 2281 Const.
926 2254 1025 2287 Porph.
1040 2255 1106 2280 Eme.
1126 2254 1157 2281 (ῑο
1182 2255 1258 2288 legyat.
1278 2255 1315 2281 cd.
1334 2255 1366 2281 (Ζο
1384 2255 1463 2287 Boor,
1487 2263 1513 2288 p.
1527 2259 1575 2281 226
1594 2255 1609 2281 l.
1625 2258 1656 2281 8.·
1679 2255 1791 2289 χάγανος
1806 2254 1934 2288 Ἀβάρων.

280 2301 306 2333 4)
324 2300 348 2327 Ι.
360 2308 380 2327 e.
394 2300 585 2332 Chcaearorum,
602 2299 636 2331 cs.
650 2298 737 2324 Consi.
751 2297 881 2332 Porphyr.
895 2298 937 2324 De
956 2298 1024 2324 adm.
1037 2298 1099 2330 imp.
1112 2302 1159 2327 42‚·
1177 2298 1220 2324 De
1238 2306 1325 2325 cerem.
1339 2298 1381 2331 ΙΙ,
1392 2302 1437 2325 48:
1456 2298 1567 2332 χάγανος
1583 2298 1727 2331 Χαζαρίας.
1832 2298 1859 2331 5)
1879 2299 1901 2325 1.
1914 2306 1934 2325 e.

281 2344 438 2376 Russormn,
463 2343 498 2375 cf.
514 2342 600 2368 Const.
616 2341 714 2375 Porph.
733 2341 776 2367 Dc
795 2349 884 2368 cerem.
899 2341 937 2373 ΙΙ1
952 2344 1003 2367 48:
1027 2341 1092 2373 πρὸς
1118 2341 1162 2366 τὸν
1186 2341 1299 2374 ἄρχοντα
1322 2341 1439 2369 Ῥωσίας,
1567 2341 1594 2374 6)
1613 2341 1765 2375 Symeoiwm
1785 2341 1935 2374 principem

281 2386 444 2419 szilyarum,
469 2394 529 2412 cum
548 2386 702 2411 Romanum
720 2384 810 2417 imper.
823 2384 980 2416 conveniret,
1000 2393 1017 2409 a
1035 2385 1093 2410 suis
1111 2384 1218 2417 βασιλέα
1235 2384 1382 2410 salutatum
1400 2392 1452 2411 esse
1470 2388 1500 2418 τῇ
1520 2387 1572 2410 τῶν
1584 2384 1722 2417 Ῥωμαίων
1742 2387 1820 2417 φωνῇ
1837 2386 1935 2409 narrat

284 2430 436 2463 Uieophcm.
447 2432 516 2456 cont.
530 2429 568 2454 ed.
584 2429 672 2454 Romi.
684 2431 778 2461 11407.
792 2442 825 2445 —
839 2428 928 2453 Antea
946 2426 991 2452 τὸν
1005 2426 1034 2452 ἑκ
1054 2427 1119 2452 θεοῦ
1132 2427 1245 2460 ἄρχοντα
1262 2430 1314 2452 τῶν
1326 2427 1496 2460 Βουλγάρων,
1511 2429 1576 2453 tione
1590 2426 1633 2452 τὸν
1651 2426 1744 2459 κύριον
1763 2447 1768 2452 .
1783 2446 1788 2453 .
1803 2446 1808 2453 .
1827 2426 1934 2460 βασιλέα

281 2473 445 2506 Βουλγαριάς
469 2471 617 2505 principem
646 2471 797 2503 Buzyarum
829 2470 859 2495 in
885 2471 1002 2503 epistolis
1029 2470 1190 2503 appellatum
1217 2478 1268 2496 esse
1294 2473 1392 2496 narrat
1421 2470 1508 2497 Consi.
1531 2469 1632 2503 Porph.
1655 2469 1697 2496 De
1724 2477 1813 2496 cerem.
1833 2470 1873 2502 11,
1893 2473 1933 2496 48.

282 2517 307 2548 7>
324 2516 364 2549 Cf.
378 2515 467 2541 Parcis
485 2515 581 2548 ‘Papst
600 2514 734 2540 Nikolaus
747 2513 771 2540 Ι.
784 2513 843 2538 und
861 2513 1028 2539 Anastasius
1047 2512 1268 2539 bibliothecarius'
1282 2522 1309 2546 p.
1320 2516 1368 2539 253
1386 2521 1451 2539 (mn.
1464 2516 1487 2540 3,
1575 2513 1601 2545 8)
1618 2512 1779 2539 Theodosius
1791 2512 1934 2545 imperator

280 2559 385 2592 eiusque
402 2559 453 2591 filii
466 2560 500 2592 ef.
512 2558 586 2591 Epit.
597 2558 665 2583 Aur.
680 2557 743 2583 Vict.
757 2556 787 2582 de
802 2556 907 2582 Caesar.
922 2565 981 2589 cap.
995 2560 1035 2582 48.
1118 2557 1144 2589 9)
1163 2556 1217 2582 Leo
1230 2556 1297 2589 HL,
1313 2557 1347 2590 cf.
1364 2556 1516 2589 Theophan.
1536 2556 1558 2587 Ι,
1571 2558 1618 2581 391
1639 2555 1654 2582 I.
1668 2559 1743 2588 6sqq.
1763 2557 1787 2581 et
1805 2555 1853 2588 qm·
1869 2557 1934 2581 szmt

281 2610 313 2628 ea·
331 2602 387 2628 eius
411 2609 505 2635 yenere
522 2601 598 2628 nati:
624 2600 820 2626 Constantinus
846 2599 883 2631 V„
903 2600 958 2625 Leo
977 2599 1037 2631 IV„
1066 2599 1259 2625 Constantinus
1284 2599 1328 2625 VI.
1425 2599 1467 2631 10)
1491 2598 1565 2625 Umor
1593 2598 1766 2624 Constantini
1790 2598 1828 2631 V„
1853 2600 1934 2624 mater

281 2645 381 2671 Leonis
395 2645 414 2670 Ι
420 2644 456 2676 V„
474 2652 486 2670 e
496 2646 572 2677 gyente
585 2643 740 2676 principilia
755 2642 936 2668 Olmiai-orum
949 2644 1014 2673 crat,
1029 2643 1064 2674 cf.
1082 2642 1233 2674 Theophan.
1249 2642 1274 2674 Ι,
1286 2645 1345 2675 426,
1360 2645 1402 2674 16,·
1415 2650 1448 2667 (ιο
1462 2642 1516 2668 Leo
1529 2642 1583 2674 ipsc
1596 2641 1627 2667 ἐκ
1640 2644 1770 2674 μητρικῆς
1783 2641 1932 2674 ἐπωνυμίας

1961 674 1988 694 10

1964 932 1986 951 15

1962 1190 1987 1210 2⁰

1962 1448 1987 1468 25

1962 1792 1988 1812 ³⁰

1962 2050 1986 2069 3⁵

1962 2263 1988 2283 40

1960 2478 1986 2497 45

282 2688 401 2719 Χάζαρις
412 2687 562 2719 ἐπικληθείς
573 2686 655 2719 (Vita
666 2685 845 2719 Theophanis
856 2686 891 2712 ab
902 2686 999 2719 ignoto
1013 2686 1167 2720 composita
1182 2686 1219 2712 ed.
1233 2686 1265 2712 (Ῐο
1275 2687 1356 2719 Boor,
1372 2686 1538 2719 Theophanis
1549 2685 1770 2719 Chronoyraphz'a
1779 2685 1818 2718 11,
1831 2689 1847 2711 4
1856 2685 1929 2717 L27).
1957 2692 1984 2710 ⁵⁰

281 2731 355 2756 Hinc
373 2739 445 2756 error
464 2733 537 2756 ortus
556 2732 600 2761 est,
621 2737 674 2762 quo
692 2729 807 2755 incidere
824 2737 879 2755 non
895 2730 985 2761 potuit
1003 2729 1043 2755 τῶν
1063 2729 1204 2755 Romanus
1223 2729 1278 2755 wisi
1296 2737 1382 2755 rerum
1402 2730 1618 2763 Byzantinarum
1632 2728 1820 2762 peritissimus.
