2189 3042
213 836 236 854 10

214 1076 236 1093 15

211 1332 237 1351 20

211 1593 236 1611 25

212 1848 237 1867 30

212 2231 237 2250 35

211 2512 237 2530 40

589 179 817 207 FRAGMENTA
838 179 1006 206 REGISTRI
1030 179 1206 206 IOHANNIS
1226 180 1300 207 VIII.
1320 180 1436 207 PAPAE
1460 181 1573 208 37—39.
1843 185 1904 215 295

258 267 301 298 nil
326 269 486 308 temptans
510 277 585 297 vere
609 267 731 297 solutus
756 269 813 307 est,
841 269 905 306 aut,
934 266 960 297 si
984 267 1202 307 temptaverit,
1230 267 1370 308 pristinis
1394 268 1504 308 utique
1529 267 1651 309 laqueis
1674 268 1819 299 inretitus
1844 272 1902 300 est.

258 318 342 349 Hinc
366 321 429 357 est,
462 317 547 359 quod
571 318 665 349 sedes
689 318 866 359 apostolica
890 328 960 357 eOS,
991 318 1045 358 qui
1068 317 1158 349 vobis
1181 329 1199 349 a
1224 317 1336 349 Grecis
1360 318 1472 349 directi
1502 322 1586 359 sunt,
1618 319 1648 349 in
1680 319 1905 360 episcoporum

258 379 390 400 numero
418 369 548 400 minime
572 369 695 410 recipit,
720 369 896 410 quinimmo
920 369 950 399 in
975 369 1207 409 depositionem
1233 369 1359 401 illorum
1384 380 1504 411 eosque
1520 371 1714 401 mittentIum
1731 371 1903 402 anathema

258 420 376 461 dicere,
393 421 452 450 nisi
469 421 670 461 resipuerint,
695 421 757 451 cito
782 420 931 461 disponit,
955 423 999 460 ut,
1024 421 1077 461 qui
1094 420 1273 451 salubribus
1290 421 1497 462 adquiescere
1514 422 1640 452 monitis
1657 421 1817 462 differunt,
1841 433 1904 453 non

258 482 338 511 esse,
363 470 449 512 quod
473 471 630 511 dicuntur,
655 472 797 512 episcopi
821 473 978 502 veraciter
1001 471 1178 502 videantur.

366 524 410 562 (2)
434 522 563 553 Item&⁴
610 522 643 552 Si
660 523 764 553 enim³
788 522 828 553 ab
845 523 903 561 his,
928 533 1006 564 quos
1023 523 1316 554 excommunicatos
1332 523 1516 563 habemusb,
1534 527 1733 555 sacramenta
1750 534 1903 565 quecum-

257 583 319 614 que
349 574 535 614 suscipitis⁰‚
565 576 703 612 constat,
728 574 803 614 quia
826 573 1039 614 ydolatriamd
1062 579 1154 614 none,
1182 577 1217 605 ut
1241 574 1389 606 catholici
1414 575 1549 615 essetisf,
1574 575 1631 607 sed
1655 578 1689 606 ut
1712 576 1903 606 scismaticig

257 624 475 663 efficeremini,
500 624 687 665 reliquisseh
712 625 874 656 videmini.

1056 720 1104 750 38.

362 774 522 806 Iohannes
546 774 643 806 VIII.
662 785 751 814 papa
774 775 917 805 omnibus
938 774 1083 813 fidelibus
1102 775 1152 814 (in
1168 774 1334 806 SIavormn
1350 774 1501 813 partibus
1523 775 1715 815 constitutis)
1731 775 1902 806 Iohannem

256 825 441 866 (Venetam)
458 825 675 866 presbytermn
695 836 715 856 a
735 826 909 857 ministerio
924 829 1056 865 propter
1071 825 1226 865 Domayoz'
1245 825 1335 856 (lucis
1352 825 1522 864 perfidiam
1545 829 1713 857 cessantem
1736 827 1902 858 restituen-

256 877 331 907 dam
353 877 492 908 remittit.
1565 877 1732 916 (374—-75
1759 878 1817 915 in.)

360 932 424 958 Con.
438 940 512 958 carn:
540 933 564 958 A
583 934 603 965 f.
619 933 677 958 1:29¹
696 940 734 965 ep.
749 935 779 958 35

360 978 446 1005 13de
465 979 563 1005 Ewald
581 979 644 1005 NA.
670 979 698 1011 V,
717 982 768 1005 308
786 987 813 1005 n.
828 982 860 1005 35
879 987 910 1005 ex
928 980 961 1005 A.
981 993 1013 997 —
1035 978 1175 1004 Miklosich
1194 980 1216 1003 et
1235 977 1320 1003 Rackz·
1342 977 1373 1003 in
1390 977 1520 1003 ‘Starz'ne’
1541 978 1613 1009 XII,
1633 982 1680 1004 217
1697 987 1724 1005 n.
1738 982 1752 1005 9
1770 987 1800 1005 ex
1818 980 1851 1006 A.
1870 995 1902 999 —

256 1017 329 1049 Jaffe'
348 1017 414 1051 Rey.
428 1021 500 1044 2997.

782 1065 954 1091 IOHANNES
977 1066 1130 1090 OMNIBUS
1152 1063 1351 1097 FIDEL1[BUS]
1362 1064 1377 1089 ¹.

366 1115 498 1159 [S]ciat²
521 1117 618 1158 igitur
640 1119 747 1147 vestra
770 1117 928 1147 unanimis
950 1117 982 1146 in
1000 1115 1126 1147 Christo
1151 1115 1290 1155 dilectio,
1315 1116 1390 1156 quia
1414 1125 1545 1156 presens
1561 1115 1721 1147 Iohannes
1737 1115 1904 1157 religiosus

257 1167 437 1209 presbiter2
462 1167 593 1199 sedemb
617 1168 828 1208 apostolicam
853 1167 964 1198 adiens
988 1167 1097 1198 retulit
1120 1166 1283 1207 pontificio
1311 1170 1433 1205 nostro,
1465 1165 1564 1207 quod,
1598 1166 1672 1196 dum
1702 1166 1832 1207 quidam
1862 1167 1902 1198 de

257 1219 530 1260 conspiratoribus
554 1222 664 1250 eontra
688 1229 779 1250 suum
796 1220 966 1258 seniorem,
983 1218 1167 1259 Domagoi³
1184 1217 1351 1249 videlicetc
1376 1217 1490 1248 ducem
1507 1217 1703 1257 Sclavorum,
1726 1217 1813 1258 apud
1830 1228 1903 1248 eum

256 1274 330 1312 post
354 1271 568 1302 detectionem
593 1271 732 1301 criminis
756 1270 886 1301 fecisset
909 1270 1103 1311 confugium,
1126 1270 1328 1300 innotescens
1351 1268 1492 1300 scilicetd
1516 1269 1581 1309 isti,
1606 1269 1743 1310 qualiter
1766 1269 1903 1300 eundem

257 1322 371 1354 ducem
394 1322 552 1363 perimere
570 1333 640 1353 cum
658 1322 728 1353 aliis
751 1322 925 1353 meditatus
941 1325 1035 1360 esset,
1053 1321 1104 1352 1110
1121 1331 1177 1362 pro
1194 1321 1349 1351 fidelitate
1366 1321 1413 1350 sui
1431 1320 1572 1359 senioris,
1596 1320 1739 1351 iamdicti
1755 1321 1905 1352 videlicet

255 1374 416 1415 Domagoi
443 1374 542 1413 ducis,
567 1376 599 1404 et
622 1379 769 1404 0511511111Β
793 1374 910 1405 seniori
934 1373 1105 1414 propalare
1130 1376 1163 1403 et
1185 1372 1268 1403 hunc
1291 1372 1331 1403 de
1356 1375 1447 1403 reatu
1470 1382 1624 1403 excusare
1648 1375 1727 1413 aput
1751 1383 1823 1403 eum
1846 1383 1902 1413 pro

257 1426 326 1466 ipso
351 1424 581 1456 intercedendo
605 1425 791 1466 speraverit,
816 1424 857 1456 ad
875 1424 1012 1455 eundem
1037 1424 1196 1455 seniorem
1218 1434 1310 1454 suum
1327 1423 1483 1455 accedens
1500 1424 1670 1464 rogaverit,
1694 1426 1730 1454 ut
1747 1424 1775 1454 ei
1792 1423 1905 1454 vitamf

257 1477 434 1508 concedere
460 1476 654 1517 dignaretur.
700 1476 761 1507 Ille
785 1486 871 1516 vero,
896 1476 975 1506 sicut
998 1475 1050 1506 hic
1074 1474 1218 1514 asseruit,
1243 1475 1341 1505 vitam
1365 1475 1395 1505 ei
1419 1475 1584 1515 concessit,
1609 1474 1666 1505 sed
1689 1474 1903 1515 postmodum,

257 1539 328 1559 cum
352 1528 402 1559 hic
426 1529 495 1569 ipse
520 1528 679 1569 presbiter
702 1527 845 1558 iamdicti
869 1528 916 1558 sui
940 1527 1074 1557 senioris
1097 1526 1238 1557 serviciis
1262 1529 1436 1567 occupatus
1461 1529 1558 1567 esset,
1586 1526 1618 1556 in
1642 1526 1731 1556 istius
1755 1526 1903 1557 absencia

256 1579 399 1621 prefatus
423 1579 488 1610 dux
517 1579 634 1610 oblitus
663 1579 882 1620 promissionis
912 1588 988 1609 suae
1018 1579 1123 1619 ipsum
1150 1577 1312 1608 hominem
1343 1578 1457 1618 perimi
1486 1578 1576 1608 iussit
1605 1580 1638 1608 et
1664 1578 1776 1617 vitam,
1807 1588 1903 1618 quam

255 1631 393 1672 primum
417 1634 629 1670 concesserat,
655 1630 795 1661 abstulit.
827 1630 931 1661 Huius
954 1630 1001 1661 rei
1024 1630 1129 1670 gratia
1153 1629 1318 1670 sepedicto
1342 1629 1521 1670 presbitero
1546 1629 1586 1660 ab
1611 1629 1715 1660 officio
1740 1640 1797 1660 5110
1821 1629 1903 1659 ultro

256 1685 410 1723 cessante,
434 1685 606 1723 postquam
631 1681 721 1713 nobis
745 1692 874 1713 causam
898 1681 1120 1712 huiuscemodi
1143 1680 1356 1722 propalavitss,
1381 1681 1581 1711 decrevimus
1604 1680 1706 1721 illum,
1739 1681 1764 1710 si
1787 1681 1831 1711 ita
1856 1684 1904 1711 est

256 1736 289 1765 et
312 1734 509 1765 conscientia
534 1734 601 1764 eius
625 1743 723 1774 super
744 1734 805 1764 hoc
832 1733 962 1764 minime
994 1732 1083 1763 illum
1115 1732 1339 1774 reprehendit,
1372 1733 1506 1773 pristino
1534 1732 1639 1762 officio
1668 1735 1701 1762 et
1727 1731 1902 1762 ministerio

255 1785 386 1816 liberius
415 1786 461 1816 uti
494 1788 527 1816 et
556 1784 688 1816 verbum
719 1784 946 1825 predicationis
981 1785 1012 1815 in
1047 1784 1166 1825 populo
1199 1784 1290 1814 iuxta
1323 1794 1446 1814 morem
1482 1783 1658 1814 sacerdotis
1692 1783 1723 1813 in
1758 1783 1903 1814 omnibus

257 1847 418 1868 exercere.
465 1836 580 1868 Undeh
604 1836 827 1867 communione
855 1838 962 1866 nostra
990 1836 1171 1877 saginatum
1197 1835 1294 1866 fuisse
1318 1835 1436 1866 vestrai
1459 1835 1651 1866 unanimitas
1678 1845 1741 1865 non
1768 1835 1903 1875 ignoret,

256 1899 365 1929 quem,
390 1889 416 1918 si
439 1889 534 1919 aliter
557 1898 591 1918 se
620 1898 671 1918 res
699 1898 761 1918 non
785 1887 947 1927 habuerit,
977 1890 1009 1918 et
1032 1890 1136 1926 vestre
1165 1887 1396 1918 communionis
1428 1886 1548 1917 habere
1576 1887 1695 1917 socium
1727 1889 1759 1917 et
1785 1886 1902 1927 gradus

256 1940 304 1970 sui
327 1939 432 1970 officio
458 1939 633 1979 deditumk,
658 1942 811 1980 quantum
836 1941 995 1980 putamus,
1019 1938 1239 1969 incunctanter
1262 1939 1400 1969 retinere
1424 1938 1568 1979 potestis

1053 2064 1103 2094 39.

365 2118 523 2149 Iohannes
545 2118 642 2149 VIII.
659 2129 749 2159 papa
772 2118 927 2158 Domayoi
953 2119 1077 2158 (ducem
1103 2117 1345 2157 Chr-abatorum)
1372 2120 1486 2155 monet,
1516 2120 1552 2148 ut
1578 2117 1767 2148 insidiantes
1793 2119 1902 2148 contra

257 2171 353 2201 vitam
375 2180 468 2201 snam
491 2169 585 2201 exilio
603 2171 711 2209 potius
736 2180 832 2209 quam
854 2172 950 2201 morte
973 2169 1114 2209 casam,
1147 2172 1176 2200 et
1206 2168 1401 2200 latrunculos
1423 2168 1576 2206 marinos,
1606 2169 1662 2208 qui
1691 2169 1814 2199 nominc
1836 2169 1903 2199 eius

256 2222 440 2259 abutantur,
464 2221 623 2260 reprimat.
1564 2221 1732 2260 (874-*5
1756 2220 1815 2255 in.)

368 2324 393 2357 *)
415 2324 525 2350 Lemma
544 2326 567 2349 et
586 2323 775 2357 superscriptio
793 2324 824 2349 in
841 2324 882 2350 D.-
909 2324 948 2350 Ut
971 2323 1065 2349 nullus
1088 2322 1223 2350 ecclesiae
1246 2324 1421 2349 sacramenta
1444 2322 1480 2348 ab
1503 2322 1747 2349 excommunicatis
1771 2321 1903 2354 accipiat.

410 2367 526 2393 Ioannes
538 2367 611 2392 VIII.
631 2366 762 2393 Michaeli
782 2366 841 2401 regi
855 2366 1047 2400 Bulgarorum.
1079 2366 1188 2391 Lemma
1206 2365 1302 2391 inD1:
1320 2365 1498 2391 Schismatici
1517 2366 1588 2396 sunt,
1602 2364 1650 2398 qui
1669 2365 1705 2391 ab
1720 2363 1902 2391 exeommuni-

411 2409 483 2436 catis
502 2411 676 2435 sacramenta,
694 2409 847 2443 accipiunt.
1006 2434 1009 2438 .

359 2462 382 2494 ³)
403 2471 450 2487 om.
470 2462 504 2493 D,
523 2462 574 2487 D’.
670 2461 694 2492 b)
714 2463 872 2487 habebamus
892 2462 925 2492 D,
944 2462 1082 2487 habeamus
1101 2462 1153 2487 D¹.
1247 2462 1269 2493 ⁰)
1289 2462 1404 2494 accipitis
1423 2460 1474 2486 D1.
1568 2459 1592 2491 d)
1612 2460 1779 2485 idololatriam
1798 2459 1832 2489 D,
1850 2458 1902 2484 D¹.

258 2504 280 2537 Ε)
299 2514 350 2530 non
369 2505 523 2538 ydolatriam
542 2505 575 2529 Α.
662 2503 681 2536 f)
700 2506 792 2530 caeteri
810 2505 860 2530 D¹.
948 2506 972 2535 8)
991 2505 1146 2530 seismathiei
1166 2505 1198 2529 A.
1289 2503 1313 2535 h)
1332 2505 1497 2535 dereliquisse
1517 2503 1565 2528 D¹.

358 2555 399 2581 38.
428 2556 450 2587 ⁸)
470 2557 555 2581 littera
572 2556 681 2580 initialis
699 2556 766 2581 deest
786 2556 819 2581 A.
899 2555 924 2588 b)
943 2557 1035 2581 sedens
1055 2556 1087 2580 A.
1170 2556 1192 2586 c)
1212 2555 1331 2580 videlicet
1351 2555 1384 2580 A.
1466 2553 1490 2586 d)
1509 2554 1597 2579 selicet
1616 2553 1648 2578 A.
1731 2552 1753 2584 θ)
1771 2560 1851 2577 causa
1870 2551 1902 2575 A.

254 2598 273 2630 f)
293 2600 346 2624 vita
365 2599 398 2624 A.
496 2599 521 2630 Β)
540 2608 556 2623 v
575 2608 641 2623 corr.
655 2608 685 2624 eac
704 2600 720 2624 b
740 2600 772 2624 A.
871 2598 896 2631 h)
915 2607 974 2624 eum
993 2599 1077 2631 suppl.
1091 2598 1197 2630 Bislzop.
1290 2597 1308 2629 i)
1328 2601 1413 2623 vestra
1432 2598 1510 2622 fuisse
1530 2597 1561 2621 A.
1656 2594 1680 2626 k)
1700 2595 1832 2627 leyendum
1849 2602 1901 2619 esse

254 2642 353 2667 videtur
371 2642 498 2667 deiectum
517 2646 560 2666 aul
578 2642 736 2667 destitutum.

360 2702 384 2733 1)
400 2700 466 2727 ‘Scit
480 2708 529 2733 per
549 2700 690 2727 slavorum
710 2703 803 2734 partes
826 2701 986 2727 constitutis.
1092 2701 1119 2733 2)
1145 2701 1267 2732 Venetus,
1293 2699 1339 2732 qui
1357 2707 1382 2725 a.
1395 2702 1443 2724 874
1465 2698 1563 2731 legatus
1582 2696 1619 2722 ad
1637 2695 1801 2722 Ludoricmn
1819 2701 1901 2727 regem

213 2750 239 2771 45
255 2751 307 2776 pro
325 2751 393 2776 pace
416 2751 475 2769 cum
493 2743 663 2776 Stentopnlco
685 2743 814 2777 facienda
836 2752 848 2770 e
866 2744 995 2770 Moram'a
1017 2743 1053 2768 ad
1074 2744 1161 2769 villam
1181 2742 1342 2768 Foralcheim
1363 2743 1481 2772 venerat,
1508 2742 1542 2773 cf.
1561 2740 1635 2765 Ann.
1656 2738 1737 2764 Fam.
1757 2736 1793 2762 ad
1815 2740 1901 2763 (1.874

256 2785 306 2819 (ed.
321 2786 412 2812 Kurze
426 2794 454 2819 p.
466 2787 518 2819 83).
557 2786 598 2818 Cf.
616 2787 695 2812 etiam
713 2794 797 2819 supra
816 2795 863 2812 mi.
879 2790 934 2818 190,
955 2790 1012 2812 192.
1100 2786 1126 2817 3)
1146 2785 1188 2811 De
1206 2793 1257 2818 quo
1276 2787 1311 2818 cf.
1330 2792 1356 2810 n.
1371 2788 1393 2815 9,
1409 2791 1436 2816 p.
1451 2786 1502 2808 278
1521 2785 1612 2808 annot.
1626 2785 1648 2807 3.
