2189 3042
273 170 332 199 184

335 252 377 283 Et
411 261 482 283 curn
516 261 579 281 non
618 250 659 280 sit
692 248 953 291 reprehensibilis
991 257 1069 289 erga

272 306 449 335 correctum
483 304 728 343 quantacunque
761 300 940 340 miseratio,
976 300 1068 330 satis-

270 355 391 386 faciens
409 364 514 385 coram
540 352 661 393 synodo
678 351 932 383 misericordiam
955 361 1068 382 secun-

272 407 346 437 dum
393 404 657 436 consuetudinem
703 403 916 444 postulaveris
960 413 998 433 ac
1043 403 1068 433 si

272 457 413 489 evidenti
441 457 640 487 correctione
670 455 789 486 utarisa
813 458 846 486 et
874 455 987 495 peritie
1018 457 1070 495 tue

271 520 333 540 non
358 508 549 539 obliviscens

278 1332 394 1362 nullius
418 1331 534 1362 (lamna
558 1330 713 1371 moliaris,
742 1331 816 1372 quin
844 1331 950 1372 potius
978 1331 1075 1362 exilia

279 1394 400 1423 eorum,
418 1383 471 1424 qui
495 1382 551 1413 tibi
568 1393 630 1413 non
646 1382 750 1413 velleb
768 1383 946 1413 consentire
964 1382 1074 1413 dicun-

279 1438 339 1475 tur,
364 1434 506 1465 studiose
531 1434 713 1465 dissolveris

281 1911 400 1943 eosquc
435 1901 498 1932 suis
533 1901 678 1932 ecclesiis
714 1904 746 1931 et
779 1901 953 1932 honoribus
985 1902 1076 1933 rosti—

280 1954 397 1984 tueris⁰
421 1955 453 1984 et
483 1953 522 1993 si,
554 1953 628 1993 quia
657 1952 830 1993 spiritualis
858 1953 940 1983 filius
970 1956 1077 1984 noster

279 2005 419 2036 Basilius
454 2003 741 2034 Ohristianissimus
778 2004 954 2044 imperator
992 2005 1077 2045 apud

281 2067 338 2087 nos
356 2066 413 2097 pro
431 2058 462 2086 te
479 2055 586 2086 multis
602 2055 751 2096 precibus
767 2056 947 2096 intervenit,
966 2066 1077 2087 omnes

279 2118 342 2138 uno
359 2110 434 2138 voto
451 2117 513 2137 uno
538 2117 694 2137 consensu
718 2110 749 2137 et
772 2117 835 2138 una
852 2107 1022 2138 concordia
1044 2108 1077 2138 in

281 2161 335 2189 tua
370 2159 570 2189 restitutione
606 2158 825 2197 convenerint,
860 2158 986 2189 veniam
1019 2169 1076 2199 pro

280 2220 360 2251 pace
400 2212 508 2249 sancte
547 2209 899 2250 Constantinopolitane
941 2210 1076 2250 ecclesie

281 2260 339 2291 tibi
363 2260 579 2300 concedimus,
610 2260 867 2291 communionem
892 2271 1019 2301 quoque
1045 2265 1077 2292 et

280 2312 415 2353 gradum
439 2322 547 2343 coram
575 2312 696 2353 synodo
720 2311 973 2342 misericordiam
998 2323 1074 2353 que-

280 2363 401 2394 rendotl
416 2363 640 2395 nichilominus
660 2363 840 2394 1·eddimus‘³
858 2366 898 2401 et,
915 2366 950 2393 ut
966 2367 1074 2405 sancte

281 2414 633 2455 Oonstantinopolitane
662 2415 796 2452 ecclesie
821 2414 917 2455 digne
945 2425 1075 2456 preesse

281 2465 412 2505 debeas,
436 2466 660 2505 consentimus,

751 161 931 189 IOHANNIS
949 161 1025 188 VIII.
1045 161 1163 188 PAPAE
1187 161 1363 189 EPISTOLA
1386 163 1445 190 209.

1189 248 1245 280 Διὸ
1277 249 1331 280 καὶ
1365 249 1420 290 τὴν
1451 249 1510 291 σὴν
1545 250 1741 292 ἀδελφότητα
1771 251 1922 292 ἀξιοῦμεν

1123 301 1370 342 χριστομίμητον
1398 301 1687 342 ἀναλαμβάνουσαν
1721 301 1838 342 τρόπον
1869 302 1923 333 καὶ

1122 351 1178 391 τὴν
1206 352 1303 382 αὐτοῦ
1333 353 1528 389 ταπείνωσιν,
1564 354 1604 393 ἣν
1634 353 1751 393 ὑπέστη
1785 353 1836 384 διὰ
1868 353 1923 394 τὴν

1123 403 1282 443 σωτηρίαν
1298 407 1354 435 τοῦ
1378 405 1489 444 γένους
1507 404 1610 444 ἡμῶν,
1633 404 1683 445 μὴ
1708 404 1923 441 ἀπαξιῶσαι

1124 453 1183 484 ἐπὶ
1209 458 1253 495 τῇ
1283 455 1434 495 συνόδῳ
1458 455 1621 495 κηρύξαι
1650 455 1690 486 τὸ
1713 456 1768 490 εἴς
1792 468 1832 487 σε
1854 459 1922 488 τοῦ

1123 505 1217 536 θεοῦ
1247 506 1349 540 ἔλεος
1378 506 1441 537 καὶ
1470 507 1538 547 τὴν
1560 507 1750 547 βοήθειαν
1773 507 1838 538 καὶ
1861 511 1924 548 τῆς

1125 557 1335 598 ἁγιωτάτης
1351 558 1626 599 τῶνῬωμαίων
1641 558 1842 599 ἐκκλησίας
1861 559 1924 590 τὸν

1124 609 1412 649 ὑπερασπισμὸν
1435 609 1497 640 καὶ
1519 609 1583 640 τὸν
1606 610 1738 646 κόπον,
1766 611 1807 641 ὃν
1830 610 1924 651 ὑπὲρ

1124 663 1187 700 τῆς
1207 660 1441 701 ἀγαπητικῆς
1457 661 1667 696 διαθέσεως
1689 662 1751 692 καὶ
1767 662 1923 703 φίλτρου

1125 711 1388 752 κατεβάλλετο,
1407 712 1659 753 <πληροφορῶν
1674 714 1815 748 ἅπαντας
1835 714 1868 744 έν
1889 716 1924 754 τῇ

1126 763 1261 803 ὁμονοίᾳ
1285 766 1321 804 τῇ
1344 763 1426 803 πρὸς
1450 764 1532 804 ὗμᾶς
1555 765 1609 796 καὶ
1631 767 1667 805 τῇ
1692 765 1829 806 ἡμετέρᾳ
1848 777 1923 805 συγ-

1126 815 1303 850 καταθέσει,
1321 815 1375 851 ὅτι,
1398 815 1514 850 καθῶς
1528 816 1637 857 ᾐτήσω
1656 816 1732 856 παρ’
1744 817 1848 857 αὐτῆς,
1871 816 1925 847 καὶ

1127 866 1243 907 ἔλαβες.
1275 866 1338 897 Καὶ
1354 867 1400 901 ὥς
1416 867 1495 898 ἔστιν
1511 868 1587 902 ἔθος
1603 868 1682 908 αὐτῇ
1701 868 1835 908 βοηθεῖν
1850 870 1926 899 πᾶσι

1126 922 1189 953 τοῖς
1205 919 1327 953 ἀδίκως
1343 931 1367 949 τι
1383 919 1569 959 πάσχουσιν,
1583 920 1659 951 οὐδὲ
1675 919 1770 954 αὐτὸς
1783 923 1837 960 τῆς
1848 919 1924 960 παρ’

1127 971 1223 1011 αὐτῆς
1246 970 1400 1011 βοηθείας
1420 971 1607 1011 ἠμοιρήσας,
1632 971 1708 1002 ἀλλὰ
1724 974 1761 1012 τῇ
1778 971 1925 1011 συνεργίᾳ

1126 1025 1182 1053 τοῦ
1204 1023 1284 1053 θεοῦ
1308 1021 1361 1052 καὶ
1387 1025 1432 1062 τῷ
1456 1021 1569 1063 ταύτης
1596 1023 1718 1063 μόχθῳ
1745 1023 1799 1054 καὶ
1827 1023 1927 1063 ἀγῶνι

1126 1074 1169 1108 εἷς
1202 1074 1256 1104 τὸν
1289 1074 1411 1114 θρόνον
1445 1086 1504 1105 σου
1539 1074 1767 1115 ἀποκατέστης,
1802 1078 1858 1116 τῆς
1892 1075 1927 1106 δὲ

1127 1127 1160 1162 ἒξ
1188 1127 1276 1160 ἔτους
1306 1138 1355 1157 σοι
1381 1127 1535 1167 βοηθείας
1562 1126 1615 1157 καὶ
1644 1126 1858 1167 συμπαθείας,
1888 1128 1927 1166 ἣν

1128 1177 1170 1208 δι’
1189 1178 1294 1208 afflabat
1316 1180 1380 1208 τῶν
1409 1179 1514 1218 ἔργων
1541 1178 1617 1209 καθ’
1639 1179 1774 1218 ἑκάστην
1804 1179 1926 1219 ἡμέραν

1127 1229 1384 1270 ἐπιδεικνύμενος
1412 1231 1454 1264 εἷς
1483 1230 1602 1264 πάντας
1636 1230 1688 1261 τὸν
1722 1230 1802 1270 ἦχον
1831 1231 1926 1270 αὐτῆς

1128 1281 1306 1320 ἐκπέμπεις,
1319 1281 1364 1321 μὴ
1383 1281 1605 1317 ἔπιλανθάνου,
1622 1281 1686 1312 ἀλλ’
1701 1282 1776 1322 ἔχου
1794 1282 1926 1322 αῧτῆς>

1127 1332 1181 1362 καὶ
1202 1332 1325 1372 μηδένα
1355 1333 1547 1373 ζημιωθῇςῗ,
1575 1333 1659 1374 μηδὲ
1682 1333 1717 1363 ἐκ
1741 1335 1804 1363 τῶν
1828 1333 1925 1364 σπλά-

1129 1395 1235 1424 γχνων
1251 1387 1306 1414 τοῦ
1323 1384 1429 1418 ἐλέους
1452 1385 1631 1425 ε’ξωθήσιης,
1656 1385 1763 1418 οἵτινες
1786 1385 1849 1419 ἕως
1871 1388 1926 1416 τοῦ

1128 1435 1286 1475 παρόντος
1310 1436 1369 1466 οὐκ
1393 1436 1554 1476 ἠθέλησαν
1569 1436 1624 1476 τὴν
1640 1437 1753 1467 ἕνωσιν
1769 1437 1824 1477 τὴν
1845 1437 1928 1477 πρὸς

1129 1487 1184 1527 τὴν
1200 1487 1259 1527 σὴν
1275 1488 1439 1527 εὐλάβειαν
1463 1488 1538 1519 οῦδὲ
1562 1488 1795 1529 ὁμοφρονῆσαι,
1814 1489 1926 1529 <μᾶλ-

1129 1540 1184 1570 λον
1209 1539 1243 1570 δὲ
1265 1539 1394 1580 μόχθον
1411 1540 1463 1570 καὶ
1487 1540 1596 1579 ἀγῶνα
1620 1540 1812 1581 καταβαλοῧ,
1836 1543 1927 1571 τοῦτο

1129 1591 1188 1631 μὲν
1209 1591 1423 1625 διδασκαλίαις
1446 1591 1499 1622 καὶ
1514 1591 1619 1631 λόγοις
1642 1591 1695 1622 καὶ
1716 1592 1927 1632 μακροθύμῳ

1129 1644 1317 1683 παραινέσει,
1342 1646 1432 1674 τοῦτο
1454 1643 1488 1673 δὲ
1511 1643 1611 1683 ἱλαρῷ
1634 1643 1687 1673 καὶ
1710 1646 1865 1683 προσηνεῖ
1883 1646 1928 1683 τῷ

1131 1695 1261 1734 ὄμματι,
1300 1695 1348 1725 ἵνα
1387 1694 1466 1725 κατὰ
1500 1694 1554 1725 τὸν
1588 1694 1764 1725 ἀπόστολον
1799 1696 1817 1735 ἢ
1856 1693 1929 1729 τοὺς

1129 1746 1247 1780 πάντας
1263 1747 1291 1777 εἷ
1311 1746 1383 1780 τούς
1407 1758 1441 1786 γε
1461 1747 1606 1780 πλείονας
1622 1746 1760 1786 σπεύσῃς
1776 1746 1928 1786 κερδῆσαι

1130 1797 1183 1828 καὶ
1206 1800 1329 1837 σεαυτῷ
1352 1801 1566 1838 προσαγαγεῖν
1582 1797 1634 1828 καὶ
1652 1797 1702 1828 διὰ
1727 1800 1860 1828 σεαυτοῦ
1883 1801 1928 1838 τῷ

1130 1849 1207 1888 θεῷ,
1256 1849 1463 1890 Ἐρχομένων
1494 1849 1528 1880 δὲ
1559 1849 1664 1880 αὐτῶν
1692 1849 1774 1889 πρός
1808 1861 1842 1879 σε
1875 1849 1928 1880 καὶ

1131 1901 1181 1931 διά
1198 1913 1256 1931 σου
1273 1901 1354 1941 πρὸς
1370 1901 1423 1932 τὸν
1440 1900 1550 1936 θεὸν)
1565 1900 1801 1941 ἀπολαμβάνειν
1815 1900 1930 1935 αὐτοὺς

1129 1952 1326 1993 εὐδόκησονὲ
1348 1953 1402 1987 τάς
1426 1965 1455 1983 τε
1485 1951 1640 1992 ἱερατικὰς
1670 1951 1760 1992 τιμὰς
1791 1952 1844 1983 καὶ
1875 1952 1930 1986 τὰς

1130 2004 1296 2044 ἐκκλησίας
1330 2005 1444 2034 αὐτῶν.
1495 2003 1559 2034 Καὶ
1593 2004 1668 2034 καθ’
1693 2004 1730 2034 ὃν
1762 2003 1881 2044 τρόπον
1911 2003 1929 2034 ὁ

1129 2055 1342 2095 πνευματικὸς
1365 2056 1460 2095 ἡμῶν
1476 2054 1545 2089 υἱὸς
1561 2055 1614 2085 καὶ
1637 2055 1930 2095 χριστιανικώτατος

1130 2107 1275 2147 βασιλεὺς
1299 2107 1461 2140 Βασίλειος
1493 2107 1566 2146 περί
1594 2118 1651 2137 σου
1682 2107 1817 2146 ἠξίωσεν
1845 2107 1930 2147 ἡμᾶς

1130 2159 1182 2189 καὶ
1206 2160 1340 2193 εἴκοντες
1368 2161 1403 2199 τῇ
1427 2159 1550 2198 εὐλόγῳ
1573 2158 1626 2189 καὶ
1651 2158 1755 2197 δικαίᾳ
1784 2157 1838 2188 καὶ
1860 2158 1930 2197 θεῷ

1130 2211 1309 2251 ἅρεσκούσῃ
1350 2211 1476 2246 ἀξιώσει
1515 2211 1611 2240 αὐτοῦ
1649 2209 1930 2249 πεποιήκαμεν

1129 2262 1222 2302 μετὰ
1253 2265 1318 2302 τῆς
1348 2262 1548 2302 εὐλαβείας
1576 2273 1656 2292 σου.

1199 2518 1295 2553 <Τὸν
1319 2518 1415 2549 αὐτὸν
1437 2518 1556 2559 τρόπον
1579 2517 1632 2549 καὶ
1655 2517 1690 2548 σὲ
1712 2516 1928 2556 παρεκαλέσα-

1131 2583 1190 2610 μεν
1205 2570 1250 2611 μὴ
1274 2572 1509 2610 μνησικακῆσαι
1533 2570 1575 2604 εἷς
1597 2568 1670 2603 τοὺς
1688 2568 1931 2608 μακρυνθέντας

1132 2621 1196 2652 ἀπό
1219 2633 1292 2656 σου,
1316 2620 1381 2651 ἀλλ’
1401 2621 1659 2662 ὗποστρέφοντας
1682 2619 1855 2660 ὁλοψύχως
1877 2619 1930 2649 καὶ

386 2732 408 2763 a)
429 2734 507 2758 uteris
526 2733 558 2758 Iz‘.

283 2774 305 2805 e)
325 2775 440 2800 -ddimus
459 2776 485 2800 ἱη
503 2784 555 2801 ras.
575 2776 606 2801 B.

655 2732 678 2766 ¹¹)
698 2734 763 2758 belle
782 2733 813 2758 R.

905 2733 928 2763 e)
949 2735 1062 2759 ecelesiis
1077 2736 1256 2760 —restitueris
1275 2736 1301 2760 in
1320 2744 1373 2760 ras.
1393 2735 1425 2760 R.

694 2774 714 2808 s)
733 2785 798 2800 corr.
813 2784 842 2801 επ]
859 2775 942 2808 μηδὲν
959 2775 1117 2809 ἀζημιωθῇς
1138 2778 1225 2803 Hard.

1522 2732 1546 2764 d)
1566 2742 1580 2758 ο
1600 2741 1666 2758 corr.
1680 2740 1710 2757 em
1729 2740 1742 2756 e
1761 2732 1796 2756 al.
1809 2740 1878 2756 man.
1898 2731 1929 2756 R,

1314 2778 1340 2808 g)
1361 2787 1430 2803 corr.
1444 2786 1474 2803 erc
1492 2775 1638 2808 εὐδόκησας
1657 2775 1744 2800 Hard.

1945 725 1969 745 10

1944 983 1967 1002 15

1946 1239 1970 1259 20

1946 1502 1970 1521 25

1942 1705 1972 1725 cf.
1982 1703 2122 1730 1.Cor.9,19»

1948 1759 1972 1778 30

1947 2015 1972 2034 35

1948 2276 1973 2295 40

1947 2532 1973 2550 45
