2189 3042
389 700 852 760 ANASTASII
896 702 1607 761 BIBLIOTHECARII

287 803 748 863 EPISTOLAE
800 805 992 863 SIVE
1042 804 1708 864 PRAEFATIONES.

568 932 852 960 RECENSUERUNT
875 928 912 959 E.
930 927 1102 959 PERELS
1125 931 1170 958 ΕΤ
1194 927 1232 959 G.
1249 928 1422 960 LAEHR.

274 1057 442 1087 Anastasii
463 1056 687 1088 bibliothecarii
712 1056 857 1096 epistolas
882 1056 945 1087 sive
972 1055 1145 1088 libellorum
1172 1065 1248 1095 quos
1271 1056 1386 1087 Latine
1408 1056 1499 1087 vertit
1515 1056 1734 1097 praefationes
1757 1056 1817 1088 col-

141 1121 153 1140 ⁵
172 1107 264 1138 lectas
293 1107 430 1148 epistolis
458 1108 576 1139 saeculi
590 1107 652 1140 IX.
680 1107 807 1139 edendis
834 1108 970 1138 inserere
999 1108 1065 1138 iam
1092 1108 1132 1139 E.
1150 1106 1314 1139 Dummler
1342 1107 1369 1140 b.
1390 1118 1430 1138 m.
1461 1108 1496 1138 in
1522 1108 1628 1139 animo
1658 1108 1819 1139 habuerat.

172 1159 322 1199 Quamvis
344 1159 425 1190 enim
447 1159 491 1190 ad
512 1160 600 1199 ipsas
614 1159 773 1190 Franciae
787 1158 951 1190 orientalis
966 1169 1016 1190 res
1031 1159 1157 1190 minime
1172 1161 1314 1198 spectent,
1337 1169 1358 1189 a
1380 1159 1470 1190 nullo
1485 1162 1597 1196 tamen,
1621 1159 1677 1199 qui
1694 1159 1819 1191 illorum

171 1212 343 1250 temporum
365 1209 513 1242 historiae
535 1221 589 1242 seu
612 1210 833 1242 ecclesiasticae
855 1219 909 1241 seu
932 1209 1105 1241 litterariae
1125 1210 1327 1250 indaqandae
1352 1210 1511 1248 incumbit,
1539 1210 1655 1250 neqliqi
1677 1213 1819 1252 possunt.

172 1261 340 1293 Praeterea
362 1262 403 1293 A.
420 1262 559 1301 Lapotre
580 1261 641 1293 ‘De
658 1262 831 1293 Anastasio
847 1261 1087 1293 bibliothecario’
1112 1261 1227 1301 (1885)
1250 1264 1279 1292 et
1301 1261 1340 1292 E.
1359 1261 1467 1293 Perels
1489 1261 1601 1303 ‘Papst
1620 1262 1777 1293 Niholaus
1790 1261 1820 1293 Ι.

171 1313 241 1344 und
251 1313 445 1344 Anastasius
456 1313 715 1345 bibliothecarius’
727 1313 841 1354 (1920)
851 1313 1004 1353 quasdam
1015 1313 1108 1344 etiam
1119 1313 1293 1351 NicolaiI.‚
1307 1312 1541 1351 Hadrianill„
1554 1313 1708 1344 Iohannis
1720 1313 1818 1345 VIII.

127 1377 153 1397 10
170 1374 364 1396 summorum
390 1365 580 1404 pontificum
612 1364 759 1405 epistolas
788 1365 826 1396 ab
858 1364 1032 1396 Anastasio
1063 1364 1199 1395 dictatas
1231 1365 1424 1403 arqumentis
1455 1365 1579 1404 optimis
1610 1364 1819 1396 ostenderunt.

174 1416 365 1456 Quibuscum
391 1419 427 1447 ut
453 1415 583 1454 facilius
605 1416 669 1447 iam
692 1416 906 1453 conferantur,
936 1415 1095 1455 epistolae,
1125 1425 1206 1455 quas
1235 1426 1291 1447 suo
1320 1417 1443 1447 nomine
1465 1416 1591 1455 scripsit
1614 1417 1818 1454 Anastasius,

172 1467 247 1499 huic
269 1468 421 1499 volumini
443 1467 612 1499 addantur.

273 1519 324 1551 De
345 1521 478 1560 tempore
499 1518 697 1558 sinqularum
715 1518 893 1549 litterarum
909 1518 1122 1549 constituendo
1144 1520 1237 1558 atque
1260 1518 1297 1549 de
1319 1517 1458 1557 epistolis
1479 1528 1535 1549 seu
1557 1521 1637 1550 recte
1660 1528 1715 1549 seu
1734 1518 1820 1559 falso

174 1572 347 1603 Anastasio
369 1570 584 1602 adscribendis
598 1571 638 1608 cf.
647 1572 778 1609 praeter
793 1579 843 1600 eos
858 1578 934 1608 quos
949 1569 1186 1600 nominavimus
1201 1572 1342 1601 auctores
1365 1569 1393 1601 I.
1410 1569 1641 1609 Heryenro'ther
1662 1569 1818 1601 ‘Photius'

129 1635 154 1654 15
173 1623 216 1656 II
237 1623 362 1663 (1867),
384 1622 518 1661 228sqq.
543 1624 570 1653 et
595 1620 752 1653 G.Laehr
773 1621 810 1653 in
833 1620 948 1652 ‘Neues
962 1620 1088 1652 Arehiv’
1113 1620 1248 1652 XLVII
1268 1620 1392 1660 (1928),
1416 1621 1480 1651 416
1487 1630 1551 1660 sqq.
1600 1621 1725 1652 Codices
1745 1630 1822 1661 quos

172 1674 373 1706 adhibuimus
398 1673 435 1704 in
459 1672 564 1713 fronte
591 1673 838 1712 uniuscuiusque
868 1672 1012 1713 epistolae
1040 1672 1196 1703 nominati
1224 1675 1306 1704 sunt.
1361 1672 1577 1712 Quaecumque
1607 1673 1639 1704 in
1668 1673 1823 1704 codicibus

168 1725 392 1767 posterioribus
413 1724 459 1756 vel
480 1724 684 1755 deterioribus
705 1726 840 1755 correcta
863 1724 909 1755 vel
930 1724 1102 1764 depravata
1124 1726 1209 1761 sunt,
1232 1734 1296 1755 non
1317 1724 1544 1755 adnotavimus.

280 1776 443 1809 codicibus
469 1775 707 1816 investiqandiS,
737 1775 961 1813 describendis,
991 1776 1187 1813 conserendis
1215 1776 1350 1807 maoeime
1379 1786 1505 1814 operam
1534 1775 1619 1806 dedit
1648 1775 1686 1807 E.
1705 1775 1822 1814 Perels,

173 1829 229 1869 qui
245 1828 438 1868 priusquam
459 1827 535 1859 aliis
556 1827 686 1868 neqotiis
706 1827 919 1867 impediretur,
942 1837 1019 1866 opus
1041 1829 1178 1866 coeptum
1200 1827 1276 1858 adeo
1293 1827 1458 1866 produoeit,
1481 1829 1517 1858 ut
1536 1826 1699 1858 Gerhardo
1715 1826 1822 1858 Laehr

129 1891 155 1911 πο
172 1881 240 1912 eius
262 1879 383 1911 schedis
404 1879 473 1911 niso
495 1880 613 1911 textum
635 1879 820 1910 constituere
843 1881 871 1909 et
892 1878 1148 1910 adnotationibus
1170 1888 1284 1909 ornare
1306 1877 1439 1909 licuerit.

982 2024 1009 2052 1.

280 2091 475 2122 Anastasius
497 2090 746 2122 bibliothecarius
768 2090 900 2122 Nicolao
916 2091 944 2121 Ι.
965 2100 1069 2131 papae
1091 2091 1189 2122 vitam
1211 2090 1369 2122 Iohannis
1386 2091 1593 2132 patriarchae
1609 2091 1826 2123 Alexandrini

175 2143 292 2174 Latine
313 2151 434 2174 versam
455 2142 560 2173 mittit.
1472 2143 1512 2183 (c.
1529 2143 1739 2183 858-862.)

279 2218 375 2246 Οοᾶά..·
399 2217 526 2244 Vendome
543 2220 594 2243 213
618 2217 649 2250 (S.
669 2218 703 2244 Χ.
716 2218 768 2250 in..
791 2221 822 2244 ut
844 2218 973 2244 izaiicavit
991 2218 1138 2253 E.jPerels)
1160 2219 1218 2251 f.1,
1243 2221 1277 2252 cf.
1298 2219 1395 2245 ‘Galat
1415 2219 1523 2253 qe'neral
1546 2219 1591 2245 des
1616 2220 1681 2246 Mss.
1701 2220 1823 2253 De'part!

172 2263 216 2295 (in
229 2265 245 2289 8
254 2263 276 2296 ⁰)
289 2261 344 2292 ΠΙ,
356 2265 404 2287 464
423 2261 465 2293 (=
478 2260 529 2294 B),·
548 2260 617 2286 Metz
630 2263 681 2287 349
700 2261 731 2293 (s.
743 2261 779 2287 X.
788 2261 839 2294 in.)
856 2261 876 2293 f.
887 2263 934 2293 35¹,
953 2262 988 2293 cf.
999 2261 1096 2288 vacat.
1105 2262 1214 2296 qeneral
1232 2261 1278 2288 des
1297 2262 1363 2289 Mss.
1376 2262 1496 2295 Depan:
1509 2262 1550 2293 (in
1562 2263 1608 2295 4⁰)
1627 2262 1656 2294 V,
1670 2266 1716 2289 146
1728 2263 1771 2296 (=
1782 2263 1827 2296 0),-

129 2313 153 2332 25
179 2305 349 2338 Montpellier
371 2304 450 2330 ‘Bibl
472 2303 502 2329 de
527 2303 612 2330 l’e'cole
643 2303 673 2330 de
698 2303 833 2330 me'decine’
853 2307 902 2331 360
919 2305 951 2337 (s.
965 2304 1013 2337 X.)
1032 2307 1052 2338 γ’.
1064 2307 1114 2336 76¹,
1139 2305 1175 2338 cf.
1194 2305 1326 2331 Analecta
1344 2305 1469 2331 Bolland.
1484 2305 1599 2331 XXXI
1604 2305 1765 2338 VlXXXV,
1779 2309 1828 2332 266

175 2348 219 2381 (=
236 2347 294 2381 D),·
313 2347 438 2374 Cambrai
455 2349 504 2373 583
521 2347 594 2380 (541)
615 2347 647 2380 (s,
660 2347 706 2380 Χ.)
726 2348 746 2381 f.
760 2350 798 2380 10,
815 2347 847 2380 cs.
861 2347 961 2374 Ὃαιαῖ.
972 2347 1080 2381 qe'neral
1097 2347 1141 2374 des
1160 2347 1225 2374 Mss.
1239 2347 1364 2381 De'part?
1379 2348 1420 2380 (in
1435 2349 1480 2380 8⁰)
1499 2347 1595 2380 XVII,
1609 2351 1658 2374 227
1675 2349 1716 2381 (=
1731 2348 1779 2381 E),
1797 2349 1828 2374 in

174 2391 296 2425 marqine
314 2390 396 2416 huius
413 2389 510 2416 codicis
532 2389 635 2423 glossae
658 2390 786 2422 quaedam
809 2390 918 2417 additae
940 2393 1017 2422 sunt,
1041 2398 1108 2423 quae
1133 2391 1213 2416 etiam
1236 2391 1267 2416 in
1290 2391 1333 2417 his
1355 2390 1457 2416 duobus
1481 2390 1616 2417 codicibus
1639 2391 1826 2417 inveniuntur:

175 2433 294 2460 Bruxell.
318 2440 370 2466 req.
388 2432 431 2464 II,
451 2435 502 2459 984
531 2432 626 2466 (Phili.
644 2436 706 2465 375,
739 2433 769 2459 de
799 2433 891 2467 Gheyn
919 2434 998 2467 3290)
1027 2434 1058 2467 (s.
1073 2434 1128 2467 XI)
1153 2435 1173 2467 f.
1188 2438 1207 2465 1,
1236 2434 1271 2466 cf.
1291 2433 1421 2460 Bolland.
1442 2434 1528 2460 Catal.
1548 2433 1621 2460 codd.
1640 2433 1762 2468 haqioyr.
1781 2434 1825 2460 lat.

175 2476 299 2503 Bruccell.
318 2476 358 2508 11,
371 2479 420 2502 472
439 2479 481 2507 (=
496 2475 534 2508 F)
552 2477 576 2501 et
596 2476 692 2502 Douai
704 2479 750 2502 851
768 2477 798 2509 (s.
813 2475 911 2509 XIII.)
930 2477 950 2509 f.
965 2480 987 2508 2,
1012 2478 1047 2510 cf.
1066 2477 1198 2503 Analecta
1216 2476 1344 2504 Bolland.
1363 2477 1430 2508 XX,
1443 2480 1495 2503 406
1514 2476 1556 2509 (=
1570 2476 1647 2509 F1)‚·
1670 2476 1759 2503 Paris.
1780 2477 1827 2507 lat.

130 2526 156 2546 ³0
175 2522 206 2546 18
214 2523 261 2546 299
289 2519 341 2551 (St.
356 2518 465 2544 Martin
483 2520 541 2551 107)
568 2518 599 2550 (s.
617 2518 671 2545 XI.
689 2519 739 2553 in.)
767 2520 787 2552 f.
802 2523 826 2552 1,
851 2519 884 2552 cs.
904 2519 1029 2546 Bolland.
1053 2519 1139 2545 Oatal.
1158 2519 1233 2546 codd.
1251 2519 1372 2553 haqioyr.
1390 2520 1435 2545 lat.
1456 2519 1545 2545 Paris.
1564 2519 1620 2551 III,
1634 2522 1685 2546 434
1714 2520 1758 2552 (=
1776 2520 1829 2553 G),-

175 2562 266 2588 Paris.
286 2562 331 2588 lat.
350 2565 411 2588 5601
429 2563 462 2595 (8.
476 2561 539 2595 XI.)
558 2562 579 2593 f.
592 2566 612 2594 1,
629 2561 799 2594 ef.Bolland.
819 2562 836 2588 l.
848 2562 864 2588 l.
877 2562 918 2593 Π,
929 2567 976 2589 515
995 2563 1036 2595 (=
1053 2563 1110 2595 H),·
1129 2562 1217 2588 Paris.
1233 2562 1281 2589 lat.
1301 2566 1361 2589 5671
1380 2563 1411 2596 (s.
1426 2561 1490 2591 XI.)
1510 2563 1532 2594 f.
1548 2566 1568 2593 1,
1589 2561 1624 2594 cf.
1640 2562 1764 2589 Bolland.
1784 2562 1828 2589 l.l.

173 2605 214 2636 ΙΙ,
231 2608 280 2631 542
298 2604 340 2637 (--
352 2605 394 2636 Ι),·
411 2604 499 2631 Paris.
518 2604 566 2631 lat.
580 2607 661 2631 17649
678 2605 712 2639 (8.
726 2604 792 2637 XI.)
810 2606 830 2638 f.
843 2608 885 2637 39,
905 2605 939 2636 cf.
955 2605 1084 2631 Bolland.
1104 2606 1119 2631 l.
1131 2605 1147 2632 l.
1164 2605 1219 2638 111,
1228 2609 1277 2632 428
1297 2606 1340 2637 (=
1358 2605 1414 2639 K),·
1434 2605 1522 2631 Paris.
1541 2604 1588 2631 lat.
1603 2613 1681 2631 nour.
1695 2613 1750 2637 aeq.
1766 2609 1829 2631 1491

173 2647 271 2679 (Clwni
289 2648 350 2681 109)
370 2647 402 2680 (s.
416 2646 480 2680 XI.)
495 2655 523 2680 p.
534 2650 593 2679 188,
612 2647 647 2679 cf.
662 2646 787 2673 Bolland.
807 2648 850 2674 l.l.
871 2647 929 2680 III,
940 2652 987 2675 459
1005 2648 1047 2679 (=
1065 2648 1101 2681 L)
1109 2655 1118 2680 ,·
1144 2648 1202 2674 Vat.
1221 2656 1273 2682 req.
1293 2647 1340 2674 lat.
1360 2651 1428 2674 1887
1445 2648 1477 2681 (s.
1491 2646 1556 2679 XI.)
1575 2649 1595 2681 f.
1609 2652 1631 2679 1,
1652 2647 1687 2679 cf.
1702 2647 1828 2674 Bolland.

176 2690 264 2717 Catal.
278 2689 352 2716 codd.
365 2690 482 2723 haqioyr.
496 2689 541 2716 lat.
555 2689 613 2716 Vat.
628 2698 657 2722 p.
667 2694 713 2716 411
731 2694 775 2722 (=
786 2690 839 2723 M),
859 2699 971 2724 quocum
992 2699 1092 2725 maqna
1112 2698 1145 2717 ex
1161 2693 1241 2724 parte
1263 2690 1406 2717 concordat
1424 2690 1483 2717 Vat.
1497 2691 1543 2717 lat.
1553 2694 1614 2716 5411
1637 2692 1669 2724 (s.
1684 2690 1829 2724 XIJXII.)

128 2740 152 2760 85
170 2733 191 2765 f.
206 2736 265 2766 245,
288 2733 322 2765 cf.
342 2732 469 2759 Bolland.
488 2733 504 2759 l.
516 2733 533 2760 l.
548 2741 575 2765 p.
588 2735 633 2759 131
658 2733 701 2766 (=
714 2731 767 2765 N);
790 2733 849 2760 Vat.
867 2741 919 2767 req.
938 2734 984 2761 lat,
1004 2738 1055 2761 452
1072 2734 1146 2767 (olim
1165 2737 1246 2767 1464,
1267 2734 1301 2767 cf.
1324 2733 1506 2765 Montfazicon
1526 2732 1689 2759 Bibliotheca
1707 2732 1779 2765 I‚47
1789 2733 1827 2767 B)

171 2776 202 2808 (s.
219 2776 288 2802 XII.
299 2776 349 2809 in.)
367 2778 438 2810 f.39,
458 2776 493 2808 cf.
514 2775 635 2802 Bolland.
655 2776 670 2801 l.
679 2775 696 2801 l.
711 2783 739 2808 p.
749 2778 796 2802 318
814 2776 857 2809 (=
871 2776 913 2808 O),
932 2777 962 2802 in
980 2778 1057 2803 caius
1075 2777 1210 2810 superiore
1223 2777 1346 2809 marqine
1363 2776 1486 2802 mutilato
1504 2776 1608 2809 aliquot
1627 2776 1714 2802 lineae
1733 2778 1823 2803 textus

1579 2827 1628 2853 50*
