2189 3042
663 119 839 146 IOHANNIS
857 119 932 145 VIII.
951 118 1069 145 PAPAE
1093 117 1288 144 EPISTOLAE
1311 118 1352 144 17.
1373 118 1412 144 18.
1822 119 1858 148 15

212 213 309 250 atque
340 209 565 240 archidiacono
595 207 810 238 Torcellensis
848 206 982 245 ecclesie
1013 216 1071 237 nec
1104 215 1166 236 non
1200 208 1232 236 et
1261 203 1540 245 archipresbytero
1572 206 1604 234 et
1634 203 1859 234 archidiacono

212 264 309 302 atque
342 261 434 291 huius
465 260 618 301 equivoco
650 269 687 290 ac
715 259 825 299 nepoti
849 258 1023 288 Laurentio
1049 257 1184 288 diacono
1209 256 1384 287 Gradensis
1408 255 1559 295 ecclesie,
1590 255 1664 296 quia
1694 255 1811 285 totiens
1841 266 1860 285 a

212 313 304 343 nobis
327 313 453 343 vocati²
477 311 518 342 ad
542 311 710 342 concilium
733 309 836 349 Rome
862 320 1028 340 occurrere
1053 311 1327 349 contempserunt,
1356 307 1495 338 futuram
1520 307 1860 337 excommunicationis

213 364 404 395 sententiam
429 366 461 394 et
484 373 566 403 eum,
587 363 641 403 qui
665 372 706 392 ex
721 361 770 392 his
786 371 868 391 nunc
885 360 1019 391 saltem²²
1035 360 1143 391 venire
1161 359 1329 399 distulerit,
1354 359 1476 390 tamdiu
1493 362 1565 399 post
1580 358 1651 389 idus
1667 358 1860 389 Februarias

181 426 192 444 5
213 416 299 447 omni
323 414 540 446 ecclesiastica
557 413 844 444 communicatione
868 413 1020 453 privasse,
1046 411 1187 452 quandiu
1211 412 1242 441 in
1262 411 1475 441 obstinatione
1500 411 1628 451 propria
1650 420 1859 451 perseverans

213 467 424 508 apostolicam
447 465 536 496 adire
561 465 672 496 sedem
697 464 935 504 contempserit.
974 463 1065 494 Alios
1090 464 1175 494 enim
1198 463 1311 493 horum
1328 466 1435 492 nostro
1453 461 1586 492 concilio
1611 472 1667 502 pro
1685 462 1860 492 communi-

213 518 272 549 bus
306 518 441 557 ecclesie
475 517 667 547 utilitatibus
702 516 847 547 volumus
880 515 1049 552 interesse,
1086 515 1241 555 quosdam
1274 517 1398 551 autem,
1435 513 1509 554 quia
1544 524 1640 554 super
1670 513 1859 554 quibusdam

214 569 493 610 reprehenduntur
516 568 720 607 excessibus,
751 567 789 597 de
817 567 866 597 his
889 566 1109 597 satisfacturos
1139 565 1369 606 requiremusb.
1414 565 1523 603 Unde,
1554 564 1669 595 fratres
1693 564 1861 603 karissimi,

214 632 271 652 vos
294 622 326 651 in
350 620 480 661 speculo
506 629 575 651 esse
606 619 799 660 precipimus
827 621 873 659 et,
904 619 929 648 si
954 617 1083 658 quidem
1108 617 1243 658 predicti
1268 617 1423 657 episcopi,
1455 616 1590 647 dextera
1613 615 1741 646 Excelsi
1766 615 1863 646 corda
1876 626 1904 648 cf.
1920 626 2042 651 Ps.7<;,11.

173 682 327 703 meorum
356 673 571 710 immutante0,
607 671 648 701 ad
683 671 852 701 concilium
886 673 1029 700 nostrum
1061 669 1145 699 circa
1175 668 1245 699 idus
1281 668 1489 705 occurrerint,
1524 670 1559 697 ut
1592 667 1770 708 predictum
1805 669 1864 706 est,

215 723 440 763 Februarias2,
468 733 525 753 vos
547 722 625 763 perd
649 723 770 763 ipsam²
794 723 959 763 regionem
982 721 1113 760 morati,
1142 730 1203 761 que
1231 723 1303 750 sunt
1325 729 1400 750 vere
1429 719 1605 760 religionis,
1634 718 1794 759 peragite,
1824 728 1864 749 ne

217 776 287 816 quis
314 775 382 806 sine
417 774 569 815 perfectis
597 773 845 805 Christianitatis
874 773 1080 803 sacramentis
1111 771 1284 802 abscedatf
1312 782 1416 812 neque
1449 771 1596 811 penitens
1623 770 1726 800 minus
1753 780 1864 800 recon—

217 827 342 857 ciliatus
366 825 495 857 deficiat
523 828 576 857 etg
600 828 708 856 cetera
732 824 795 855 illic
823 824 951 855 interim
975 823 1092 862 desint,
1122 822 1204 863 queh
1228 822 1269 853 ad
1292 823 1432 863 speciale
1458 822 1618 863 pertinent
1642 823 1865 863 episcoporum

217 878 367 909 officium.
405 878 450 908 At
466 888 553 915 vero,
577 877 603 907 si
626 879 719 918 pater
742 875 957 915 inobedientie
982 875 1025 905 sic
1049 877 1173 905 mentes
1191 884 1301 905 eorum
1327 874 1499 913 obsederit,
1524 877 1559 904 ut
1583 874 1713 913 obedire
1738 874 1865 904 omnino

174 940 197 958 15
217 929 397 971 dispiciant,
421 932 530 969 restat,
554 932 590 959 ut
614 938 663 968 eo,
681 928 734 970 qui
758 927 947 966 obaudierit,
971 926 1139 966 benignius
1157 928 1302 963 tractato,
1328 926 1381 966 qui
1404 928 1573 966 prenotato
1591 928 1736 965 tempore
1761 935 1802 955 ex
1818 925 1866 955 his

218 981 388 1017 omnibus&
419 984 491 1022 post
521 979 907 1011 excommunicationemk
936 978 1060 1009 noverit
1088 988 1121 1008 se
1150 977 1364 1008 anathematis
1394 976 1516 1017 gladiol
1544 976 1748 1018 puniendum.
1796 976 1867 1011 Qua

219 1033 259 1064 de
289 1043 322 1063 re
353 1032 548 1073 previdimus
578 1032 637 1063 hec
666 1031 798 1062 omniam
821 1034 897 1061 nota
930 1030 1035 1060 facere
1060 1029 1166 1067 vobis,
1195 1032 1229 1059 ut
1257 1038 1295 1059 ea
1323 1029 1459 1059 scientes
1487 1027 1528 1058 ad
1552 1028 1692 1058 omnium
1720 1028 1866 1058 notitiam

218 1083 389 1125 perferatis
418 1086 450 1114 et
473 1083 535 1114 adn
559 1083 650 1123 hoen,
675 1082 761 1123 quod
785 1081 1000 1121 decrevimus,
1029 1080 1210 1111 exhortari⁰
1234 1089 1431 1120 magnopere
1456 1079 1620 1110 studeatis.
1668 1078 1790 1114 Quodsi
1813 1089 1868 1109 vos

218 1146 282 1166 non
305 1135 474 1175 audierint,
497 1134 572 1165 ‘non
598 1134 702 1170 enim³,
727 1137 762 1164 ut
777 1133 840 1164 Dei
864 1133 903 1164 ad
921 1132 1132 1163 Hiezechihel
1148 1142 1228 1162 voce
1253 1131 1405 1170 dicamus,
1429 1130 1551 1161 ‘volunt
1567 1130 1678 1161 audire
1703 1141 1769 1170 vos,
1794 1130 1869 1171 quia
1882 1139 1960 1160 Ezech.
1972 1141 1991 1163 3,
2002 1141 2021 1160 τ.

176 1199 201 1217 20
219 1187 332 1218 nolunt
361 1186 472 1218 audire
504 1186 582 1225 nos’,
612 1186 730 1217 habete
761 1185 832 1216 illos
862 1188 894 1216 et
923 1184 1090 1215 habendos
1121 1184 1241 1225 ubique
1271 1183 1374 1214 modis
1405 1183 1550 1214 omnibus
1581 1182 1760 1223 predicate,
1790 1182 1870 1212 sicut

220 1238 376 1269 Dominus
400 1238 545 1279 precepit
568 1237 681 1269 haberi
704 1248 792 1277 eum,
823 1237 876 1277 qui
900 1237 1068 1267 ecclesiam
1092 1247 1155 1267 non
1183 1235 1334 1268 audierit:
1364 1235 1550 1266 tantundem
1583 1238 1646 1273 est,
1676 1235 1701 1264 si
1730 1233 1868 1264 dicatur:
1885 1240 2074 1265 ctnatthaau.

219 1290 312 1321 sicuti
335 1301 393 1320 nos
417 1300 472 1321 eos
496 1289 608 1320 haberi
636 1289 816 1320 decrevisse
841 1299 937 1330 supra
964 1289 1220 1329 significavimus.
1269 1288 1388 1319 Videte
1413 1291 1530 1326 autem,
1555 1297 1595 1316 ne
1620 1296 1756 1326 persona
1779 1285 1870 1315 vobis

221 1341 365 1383 quelibet
388 1341 547 1372 silentium
572 1341 673 1382 possit
695 1341 875 1381 imponere,
904 1351 960 1380 ne,
992 1340 1076 1381 quod
1102 1340 1198 1379 absit,
1230 1344 1381 1380 tanquam
1406 1339 1540 1378 idolatra
1564 1337 1757 1368 indicemini.
1803 1336 2053 1368 ‘Est1.Reg-15‚23·

222 1393 329 1431 enim,³
352 1392 525 1424 Samuhele
551 1392 697 1433 docente,
722 1391 824 1433 ‘quasi
848 1392 951 1423 scelus
974 1392 1155 1431 idololatria}
1180 1391 1266 1422 nolle
1290 1390 1516 1431 acquiesce1·e³.
1556 1389 1588 1420 Si
1613 1392 1761 1429 preterea
1777 1388 1870 1419 Felix

176 1454 201 1474 25
222 1445 272 1476 vel
288 1444 405 1475 Petrus
426 1444 658 1485 impedimento
679 1443 877 1475 inevitabiliv
894 1443 1073 1485 prohibitus
1096 1454 1159 1474 non
1175 1443 1310 1483 venerit,
1334 1443 1483 1473 idoneum
1502 1442 1603 1472 virum
1628 1452 1667 1472 ex
1685 1440 1871 1471 diaconibus

222 1497 356 1536 ecclesie
374 1506 429 1535 sue
446 1496 552 1526 mittat
568 1506 626 1537 per
642 1497 749 1526 omnia
766 1496 851 1526 vices
873 1507 945 1526 suas
968 1496 1181 1537 supplentem.
1220 1495 1290 1526 Iam
1306 1506 1392 1535 vero,
1410 1495 1435 1524 si
1453 1503 1580 1535 quoquo
1597 1492 1692 1522 modo
1710 1492 1872 1532 potuerint

222 1551 255 1579 et
270 1548 440 1588 noluerint,
466 1547 542 1588 quia
565 1547 684 1578 idcirco
703 1547 1041 1578 excommunicationis
1064 1558 1128 1578 una
1152 1558 1222 1578 cum
1248 1547 1327 1578 tanti
1350 1547 1425 1578 mali
1442 1544 1625 1577 auctoribus
1649 1546 1721 1574 sunt
1736 1543 1873 1574 nexibus

223 1599 352 1639 irretiti,
376 1609 438 1630 non
462 1599 564 1630 solum
589 1599 629 1630 ab
655 1609 765 1630 eorum
789 1610 845 1630 vos
869 1600 1091 1630 communione
1116 1604 1245 1640 prorsus
1268 1601 1406 1638 arcete‘l,
1431 1597 1488 1628 sed
1513 1600 1546 1628 et
1569 1596 1609 1627 ab
1634 1595 1791 1634 omnibus,
1817 1595 1870 1636 qui

224 1652 271 1682 eis
296 1652 613 1687 communicaverint;
638 1654 711 1681 sunt
734 1651 818 1682 enim
841 1651 910 1692 pari
935 1661 1045 1682 omnes
1062 1650 1259 1692 obligatione
1276 1651 1446 1681 constricti.
1486 1649 1643 1690 Optamus
1660 1647 1872 1678 sanctitatem.

178 1721 204 1740 30
326 1717 421 1741 DATA
444 1717 617 1741 KALENDIS
641 1717 858 1746 DECEMBRISr,
883 1717 1083 1741 INDICTIONE
1101 1717 1131 1740 X.

1027 1898 1073 1927 18.

330 1957 489 1988 Iohannes
517 1956 616 1987 VIII.
641 1966 731 1996 papa
761 1956 839 1989 Urso
867 1956 1069 1997 (Parteciaco
1092 1957 1136 1997 I.)
1166 1957 1240 1987 duci
1270 1956 1484 1987 Veneticorum
1512 1954 1715 1986 Domnicum
1744 1951 1873 1982 electum

226 2008 463 2047 Torcellensem,
494 2010 602 2039 contra
631 2018 722 2047 quem
745 2007 860 2039 Petrus
885 2008 1074 2048 patriarcha
1106 2008 1284 2039 Gradensis
1311 2007 1490 2038 Romanam
1518 2006 1618 2037 sedem
1649 2003 1870 2043 appellaverat,

222 2061 355 2092 Romam
388 2070 486 2099 usque
517 2060 561 2090 ad
590 2060 619 2091 ol.
644 2060 673 2090 1.
691 2059 782 2091 Febr.
813 2070 881 2091 una
913 2071 983 2091 cum
1011 2060 1115 2091 Felice
1144 2059 1448 2099 (Ilffetlzamaucensi)
1480 2060 1509 2088 ct
1539 2057 1632 2088 Petro
1662 2054 1872 2096 (Equiliensi)

223 2112 374 2151 episcopis
401 2114 430 2142 et
458 2111 533 2142 aliis
555 2111 744 2151 quibusdam
773 2122 933 2143 occurrere
962 2113 1060 2146 iube&
1087 2113 1123 2142 ut
1151 2111 1351 2143 liberalitatis
1379 2111 1447 2141 eius
1474 2108 1678 2140 adminiculis
1699 2109 1872 2138 sustenten-

180 2175 204 2194 35
225 2167 285 2202 tur,
308 2166 405 2204 rogat.
1576 2161 1640 2190 876
1663 2158 1738 2190 Dec.
1756 2160 1785 2188 1.

339 2223 415 2249 Cod..·
445 2223 472 2249 R
489 2225 509 2257 f.
523 2226 539 2249 8
557 2231 584 2250 n.
597 2226 634 2250 18.

328 2274 414 2301 EM.-
442 2274 535 2300 Editio
555 2274 681 2300 Romana
700 2275 784 2308 (1591)
804 2275 863 2307 III,
882 2278 933 2301 300
950 2283 977 2301 n.
990 2279 1026 2301 17.
1064 2275 1159 2300 Mansi
1179 2274 1256 2300 Cowc.
1270 2274 1327 2300 coll.
1348 2272 1446 2305 XVII,
1466 2275 1495 2298 16
1513 2280 1540 2297 η.
1552 2274 1588 2297 17.
1624 2269 1719 2303 Mriyne
1739 2268 1813 2294 Patr.
1827 2267 1873 2294 lat.

227 2318 367 2349 CXXVI,
389 2321 437 2344 703
456 2326 482 2344 n.
496 2322 533 2345 51.
570 2318 717 2344 Monticolo
739 2318 771 2343 in
789 2318 936 2344 Bullettiwo
959 2317 1133 2343 dell'Istz'tato
1155 2320 1217 2343 stor.
1231 2317 1352 2343 [taliano
1371 2315 1420 2341 IX
1438 2315 1529 2349 (1890)
1548 2322 1576 2346 1).
1591 2316 1643 2339 3:¹0
1660 2321 1688 2338 n.
1703 2314 1725 2337 3.
1746 2326 1777 2330 —
1797 2309 1874 2341 Jaffe'

226 2361 291 2394 Rey.
305 2364 370 2388 3069
389 2361 487 2395 (2299).

179 2467 207 2486 40
329 2456 352 2488 a)
372 2457 480 2482 salutem
498 2457 531 2482 R-
614 2456 639 2488 b)
658 2458 826 2489 requiramuS‚
845 2465 861 2482 a
878 2458 905 2482 z'ri
923 2465 976 2482 ras.
990 2457 1021 2482 R,
1051 2457 1191 2481 Monticolo
1210 2457 1226 2480 l.
1241 2457 1270 2481 l..·
1289 2455 1450 2487 requirimus.
1533 2453 1555 2485 ⁰)
1575 2457 1614 2477 -te
1633 2452 1694 2476 add.
1708 2452 1742 2475 al.
1757 2458 1826 2475 man.
1840 2449 1872 2473 R.

224 2498 249 2531 d)
268 2500 297 2524 in
314 2508 367 2525 ras.
388 2499 419 2525 R.
508 2499 531 2531 e)
550 2500 577 2524 in
595 2508 648 2524 ras.
667 2500 699 2525 R.
781 2499 800 2531 ἕ)
819 2501 877 2524 -dat
895 2509 961 2525 corr.
975 2509 1005 2525 ez·
1023 2501 1102 2524 -dant
1120 2500 1152 2524 R.
1235 2499 1260 2530 Β)
1280 2498 1418 2523 Mouticolo
1438 2497 1455 2522 l.
1469 2505 1488 2522 c.
1505 2505 1530 2528 p.
1544 2498 1590 2520 117
1607 2499 1694 2519 annot.
1708 2497 1723 2518 4
1742 2492 1874 2525 leyemlmn

225 2547 317 2568 censet.-
335 2551 382 2568 nec
399 2543 439 2568 vel
457 2551 515 2568 neu.
596 2541 622 2575 h)
642 2552 708 2568 corr.
722 2551 752 2567 ear:
770 2551 846 2575 quem
864 2543 897 2567 R.
977 2542 994 2574 i)
1013 2543 1105 2567 ezciolit
1123 2543 1243 2572 abfuerit,
1263 2542 1326 2566 sicut
1344 2545 1409 2565 recte
1427 2540 1608 2571 suppleverunt
1622 2538 1723 2569 priores
1741 2536 1870 2565 editiones,

224 2587 264 2610 vel
281 2586 362 2610 simile
380 2586 442 2617 quid
459 2586 491 2611 R.
569 2585 595 2617 1ί)
615 2586 878 2611 excommunicatione
896 2585 928 2611 R.
1006 2584 1024 2617 l)
1043 2586 1129 2617 glodio
1147 2585 1179 2609 R.
1257 2584 1289 2615 m)
1307 2592 1363 2608 om·
1382 2592 1448 2607 corr.
1462 2591 1492 2607 ex
1509 2591 1557 2607 no-
1577 2581 1608 2606 R.
1683 2580 1707 2610 Β)
1726 2580 1774 2603 hoc
1791 2578 1823 2602 ad
1842 2578 1873 2602 R·

225 2628 249 2662 0)
269 2630 304 2654 -ri
323 2637 404 2661 supra
422 2630 516 2654 lineam
534 2630 596 2654 add.
615 2629 647 2654 R.
734 2628 760 2661 P)
779 2630 795 2654 b
815 2637 881 2654 corr.
895 2637 926 2654 επ
944 2638 961 2653 u
979 2629 1016 2653 al.
1028 2637 1097 2654 man.
1111 2628 1142 2653 R.
1231 2628 1255 2658 q)
1275 2628 1360 2657 ariete,
1380 2627 1388 2650 i
1407 2634 1473 2651 eras,
1493 2625 1524 2649 R.
1612 2623 1632 2655 r)
1652 2622 1754 2647 DEUBER
1773 2621 1804 2645 B.

183 2710 209 2730 45
332 2706 356 2736 1)
378 2705 487 2731 Priores
505 2704 642 2730 citatimtes
659 2712 714 2730 non
733 2707 853 2736 exstant,
876 2703 910 2736 ef.
930 2712 957 2730 n.
971 2707 1001 2729 19
1020 2704 1100 2736 (1217
1117 2703 1198 2734 Ζ,;)7).·
1223 2711 1278 2729 non
1296 2701 1380 2727 semel
1404 2700 1531 2734 apicibus
1551 2697 1777 2727 commonuimus,
1801 2703 1828 2721 n.
1842 2698 1875 2720 20

227 2748 265 2782 (p.
278 2751 309 2774 18
322 2749 338 2774 l.
350 2748 402 2781 16):
421 2748 506 2774 semel
525 2748 554 2775 et
572 2747 614 2774 bis
627 2747 806 2780 decrevimus,
827 2750 852 2774 et
870 2755 897 2773 n.
909 2751 946 2778 26,
962 2755 990 2779 p.
1002 2750 1034 2772 24
1047 2749 1139 2773 rmnot.
1151 2751 1174 2772 4.
1246 2746 1272 2777 2)
1294 2744 1352 2777 Quo
1366 2743 1398 2769 de
1413 2742 1527 2769 concilio
1544 2742 1578 2773 cf.
1592 2749 1619 2767 η.
1631 2745 1669 2772 10,
1684 2748 1711 2772 1³-
1724 2744 1738 2764 9
1752 2740 1842 2764 mmor.
1852 2742 1874 2763 5,
