2189 3042
303 117 364 147 394
778 109 949 137 Lonovnn
970 110 1005 136 11.
1024 109 1274 137 IMPERAToms
1293 108 1476 137 EPISTOLA.

303 200 421 231 mentis
445 209 462 230 a
486 203 594 229 mare⁰
618 200 775 233 coerceat,
803 200 836 227 et
858 196 884 226 si
908 195 1083 236 plurimasb
1107 196 1309 237 contingerit,
1333 196 1443 227 sicuti⁰
1465 205 1563 236 saepe
1589 195 1766 235 nunciatur,
1794 196 1954 236 pessimae

304 251 409 292 gentis
439 249 592 280 advenire
617 251 771 284 catervas,
803 247 928 278 facilius
951 247 1014 277 illis
1043 247 1192 278 resistere
1217 247 1322 278 divino
1346 247 1468 277 munito
1491 245 1622 277 brachio
1638 245 1754 277 valeat.
1792 245 1876 277 Nam
1892 247 1953 278 iste

304 302 453 342 stratigus
475 299 644 340 Georgius,
661 299 736 330 licet
759 298 906 329 sollerter
926 298 1071 339 invigilet
1094 302 1126 329 et
1150 302 1277 330 strenue
1297 309 1354 340 pro
1378 309 1436 329 suo
1459 308 1554 339 posse
1568 297 1744 337 decertare,
1767 308 1829 328 non
1847 300 1955 330 tamen

305 352 441 383 sufficiet
472 351 612 390 obviare,
643 351 668 381 si
698 350 806 392 plures
834 350 1034 381 inimicorum
1064 360 1162 381 naves
1192 361 1232 381 ex
1255 354 1347 391 parte
1372 349 1516 391 qualibet
1538 349 1755 390 apparuerint,
1778 359 1841 380 non
1865 349 1956 381 vide-

302 404 377 434 licet
409 403 468 433 nisi
499 413 601 444 pauca
632 412 761 443 prorsus
791 400 959 432 chelandia
982 401 1157 442 possidens.
1205 400 1246 432 Et
1269 401 1344 443 quia
1367 400 1509 432 nonnulli
1532 399 1780 432 Sarracenorum
1803 400 1958 432 Panormi

304 454 472 486 latrunculi
510 464 582 485 cum
616 453 743 494 sagenis
766 452 886 483 solacio
912 455 945 483 et
968 452 1091 494 refugio
1115 453 1180 484 iam
1204 455 1453 484 memoratorum
1476 451 1762 493 Neapolitanorum
1795 451 1870 483 freti
1900 462 1958 493 per

305 506 472 537 Tirrenum
497 516 585 536 mare
611 504 839 543 debachantur,
864 507 991 545 oportet
1021 508 1056 534 ut
1079 504 1130 535 etd
1153 504 1211 535 hos
1240 503 1415 546 capiendos
1438 506 1512 535 tuae
1536 503 1744 535 fraternitatis
1767 503 1866 534 stolus
1889 504 1957 535 sine

303 557 456 588 dilatione
480 558 633 588 mittatur.
681 556 737 586 Isti
761 558 842 595 sunt,
867 555 921 596 qui
945 558 978 586 et
991 554 1204 586 Calabritanis
1229 556 1413 587 Sarracenis
1436 555 1596 586 indefesse
1620 555 1780 596 stipendia
1801 555 1959 596 praebent

308 612 340 641 et
362 609 422 639 hiis
446 608 499 650 qui
522 607 674 639 Panormi
698 610 770 637 sunt
793 607 913 638 auxilia
938 607 1099 638 cotidiana
1122 608 1312 643 ministrant3
1338 607 1422 638 unde
1446 607 1473 638 si
1495 608 1671 648 capiantur,
1695 616 1835 648 sagenae
1852 607 1956 638 maxi-

303 670 355 691 ma
384 670 425 690 ex
457 664 549 700 parte
582 658 830 690 Sarracenorum
860 662 925 690 tam
953 658 1105 690 Panormi
1130 669 1227 700 quam
1251 658 1420 690 Calabriae
1457 659 1723 699 constringuntur.
1775 658 1842 689 Nos
1873 659 1958 690 enim

305 710 472 742 Calabriae
511 710 600 742 Deof
638 712 768 741 auctore
804 713 940 751 purgata
981 709 1122 741 Siciliam
1161 710 1314 751 pristinae
1349 710 1545 751 disponimus
1578 709 1753 742 secundum
1789 719 1958 741 commune

303 763 456 804 placitum
481 763 649 793 restituere
673 761 828 798 libertati;
854 762 939 803 quod
956 765 1044 793 tanto
1062 762 1122 793 erit
1144 764 1314 803 utrumque
1338 761 1474 801 facilius,
1497 764 1617 803 quanto
1640 762 1686 793 illi
1703 761 1808 793 divina
1825 760 1961 793 dextera

308 815 409 856 captis
439 814 572 845 navibus
603 817 636 845 et
667 814 852 845 latrunculis
875 813 993 845 fuerint
1016 814 1153 855 amplius
1177 817 1210 845 et
1232 813 1368 845 celerius
1390 814 1549 845 infirmati.
1594 813 1691 845 Nulla
1714 824 1791 855 ergo
1816 813 1958 850 tarditas,

305 866 404 898 frater
434 866 613 905 karissime,
643 865 730 896 nulla
766 876 856 896 mora
887 865 918 896 in
946 865 1103 896 mittendo
1133 865 1214 896 stolo
1244 865 1421 906 proveniat,
1450 875 1490 896 ne
1515 865 1566 896 vel
1589 875 1646 906 per
1670 875 1814 896 escarum
1837 875 1856 896 a
1878 864 1961 896 mari

306 921 506 959 receptarum
521 916 773 948 habundantiam
786 917 837 947 vel
850 927 907 958 per
919 917 1161 948 adventantium
1173 917 1395 958 Agarenorum
1408 916 1556 948 classium
1568 917 1832 948 numerositatem
1845 917 1960 947 horum

305 970 389 1000 vires
412 979 475 1000 non
499 969 707 1003 infirmentur,
732 973 781 999 set
803 968 995 1000 roborentur
1025 972 1057 1000 et
1084 969 1129 1000 sic
1152 968 1352 1009 roborentur,
1376 971 1411 999 ut
1434 971 1546 1010 postea
1578 968 1726 1000 dificilius
1751 968 1958 1000 infirmentur.

307 1021 365 1052 Set
388 1024 421 1052 et
444 1020 561 1052 frustra
584 1021 682 1051 nostri
698 1030 757 1061 per
779 1020 918 1051 siccumg
940 1020 1102 1052 indefesse
1126 1023 1291 1052 certamen
1314 1020 1477 1062 arripiunt,
1503 1021 1562 1051 etsi
1585 1020 1649 1052 sich
1664 1020 1725 1062 ipsi
1742 1030 1801 1061 per
1816 1030 1959 1062 aequora

306 1072 425 1103 fuerint
454 1073 561 1112 aliqua
585 1072 745 1113 stipendia
768 1072 818 1103 vel
842 1072 1006 1113 copiosam
1030 1071 1262 1103 fortitudinemi
1288 1072 1458 1103 consecuti.
1504 1071 1673 1103 Postremo
1704 1072 1846 1103 misimus
1875 1072 1960 1104 desi-

308 1123 561 1155 derabilissimae
595 1123 787 1155 fraternitati
817 1127 890 1154 tuae
916 1123 1138 1164 Auprandum,
1167 1123 1296 1155 fidelem
1331 1134 1368 1155 ac
1391 1123 1582 1154 familiarem
1612 1124 1773 1155 hominem
1806 1126 1960 1166 nostrum,

309 1176 363 1216 qui
394 1175 552 1217 quaedam
585 1185 667 1216 quae
696 1175 768 1205 huic
796 1174 912 1205 desunt
935 1175 1091 1216 epistolae
1115 1174 1287 1207 viva‘voce
1311 1179 1366 1206 tuo
1390 1175 1461 1206 Deo
1486 1175 1604 1206 tuendo
1628 1175 1786 1206 reserabit
1814 1176 1961 1217 imperio,

308 1226 384 1268 quik
409 1226 572 1267 diligenda
602 1226 694 1257 nobis
724 1226 756 1256 in
786 1225 912 1257 Christo
941 1226 1141 1258 fraternitate
1172 1230 1228 1258 tua
1259 1230 1424 1268 susceptus
1452 1226 1590 1268 benigne
1620 1237 1683 1258 non
1713 1228 1856 1267 exceptis
1889 1231 1960 1259 octo

309 1278 421 1310 diebus
459 1288 653 1320 quaesumus
682 1278 747 1308 ullo
783 1277 879 1309 modo
911 1278 1104 1319 retardetur,
1134 1282 1183 1310 set
1211 1279 1346 1310 celerius
1370 1279 1410 1310 ad
1433 1289 1500 1316 nos,
1523 1279 1597 1319 quia
1625 1279 1670 1309 ita
1693 1279 1850 1319 convenit,
1874 1278 1962 1310 nulla

307 1329 504 1371 impediente
527 1340 618 1360 mora
635 1328 761 1360 Christo
785 1330 923 1371 propitio
946 1330 1135 1361 remittatur.

416 1476 439 1503 Β)
460 1484 526 1500 corr.
541 1477 566 1499 i‘n
585 1475 658 1505 mari,
677 1483 709 1499 m.
723 1477 738 1499 2
758 1479 785 1499 ut
802 1475 852 1500 vid.
946 1474 970 1507 ὓ)
989 1476 1112 1508 plurimos
1131 1484 1151 1500 c.
1233 1475 1255 1506 ο)
1275 1476 1351 1501 sicuti
1369 1485 1393 1505 ο,-
1413 1477 1461 1501 -uti
1474 1477 1500 1501 in
1512 1485 1630 1508 rampo&
1643 1485 1675 1502 m.
1689 1478 1711 1502 2.
1790 1474 1815 1508 d)
1833 1477 1900 1509 forte
1915 1476 1965 1501 ad?

315 1518 339 1542 ΘΧ
361 1527 426 1543 corr.
440 1527 470 1543 em
489 1519 599 1543 calabrie
618 1527 638 1542 c.
747 1516 765 1549 f)
784 1519 830 1543 deo
850 1519 875 1542 in
893 1527 975 1551 marg.
989 1519 1050 1543 add.
1064 1528 1083 1543 c.
1192 1518 1216 1550 8)
1240 1519 1306 1544 sicca
1325 1519 1408 1544 Pertz.
1520 1518 1546 1550 Ι1)
1565 1520 1602 1544 sic
1619 1520 1646 1544 in
1663 1527 1717 1545 rae.
1729 1527 1761 1544 m.
1777 1520 1807 1547 2,·
1829 1520 1849 1544 si
1871 1524 1896 1544 et
1914 1520 1963 1552 ipsi

310 1562 373 1586 coni.
388 1561 470 1586 Pertz.
559 1559 577 1591 i)
596 1561 786 1586 multitudinem
805 1561 887 1586 Pertz.
976 1559 1001 1592 k)
1019 1570 1035 1586 a
1054 1562 1115 1587 add.
1129 1570 1160 1586 m.
1174 1564 1197 1587 2.

1988 668 2012 687 1⁰

1989 930 2014 949 15

1990 1523 2016 1543 25

2180 1776 2189 1851 -...“ι
