2189 3042
77 228 301 251 ettennon-1⁵.

141 333 159 352 ι.
170 329 218 349 Cor.
229 330 260 351 16.
270 331 300 348 13.

138 526 214 547 liutth.
224 527 254 549 ιο,
263 526 297 549 νὴ

175 554 208 577 24,
217 553 249 572 ιε.

137 639 167 659 ef.
178 638 214 658 Ps.
225 638 257 661 30,
266 637 298 657 2⁵.

321 133 382 163 318
608 128 785 155 IOHANNIS
801 128 872 155 V111.
891 128 1011 155 PAPAE
1029 128 1230 155 EPISTOLAE
1250 128 1378 156 PASSIM
1396 129 1607 158 COLLECTAE
1625 132 1648 158 5.
1662 134 1685 159 6.

317 217 471 258 pravum',
489 215 638 256 quoniam
663 215 750 245 nulla
772 225 844 255 pars
860 214 964 246 fidelis
982 225 1052 246 cum
1069 215 1199 253 infideli,
1225 214 1342 247 Christi
1358 215 1400 247 ad
1416 217 1530 258 Belial,
1554 218 1694 250 iustitiae
1713 218 1754 250 ad
1770 220 1972 261 iniquitatem

320 267 371 298 vel
396 267 473 297 lucis
497 266 538 296 ad
563 265 722 296 tenebras.

420 317 506 358 Ergo
531 317 606 358 quia
629 317 673 348 ita
697 320 754 356 est,
779 318 872 348 ‘state
897 318 928 348 in
951 317 1014 349 fide
1039 322 1071 349 et
1094 319 1228 349 viriliter
1251 319 1349 360 agite*
1378 321 1560 361 seniorique
1584 323 1690 352 vestro
1716 321 1845 353 domino
1869 323 1972 364 impe-

316 369 414 400 ratori
438 368 534 399 fidem
558 368 742 409 specialiter
765 370 1002 410 repromissam,
1032 370 1113 401 sicut
1137 371 1297 411 coepistis
1327 371 1546 403 inconvulsam
1577 375 1702 403 servate
1734 376 1766 404 et
1796 374 1828 405 in
1859 374 1973 406 melius

317 420 487 452 confortati
511 419 656 451 eiusdem
680 420 792 451 honori
823 431 879 452 seu
902 420 1060 462 profectui
1086 422 1253 462 providete
1283 433 1319 453 ac
1350 434 1389 454 ne
1414 434 1472 464 pro
1496 424 1727 465 temporalibus
1748 428 1890 465 aeterna⁷
1914 436 1972 466 pro
2012 441 2023 459 5

316 471 535 513 corporalibus
566 471 730 513 spiritalia,
770 482 826 513 pro
863 473 998 503 terrenis
1028 473 1181 504 caelestia
1210 474 1329 514 gaudia
1357 475 1523 515 amittatis,
1561 486 1766 517 summopere
1797 476 1972 518 decertate,

316 525 452 555 scientes
481 524 556 565 quia
583 523 757 554 adiuvante
787 523 853 563 illo,
885 525 939 565 qui
963 524 1053 555 dicit:
1089 524 1161 560 ‘Qui
1184 527 1441 566 perseveraverit
1467 537 1568 568 usque
1598 528 1629 558 in
1651 527 1758 567 finem7
1793 528 1844 560 hie
1867 529 1973 560 salvus

316 575 396 614 erit’,
422 579 454 606 et
477 586 571 617 posse
595 574 686 605 vobis
714 575 848 606 caelitus
876 575 1004 606 dabitur
1027 579 1059 607 et
1090 578 1332 617 perseverantia
1356 578 1514 609 tribuetur
1538 589 1664 620 opeque
1689 590 1834 611 summae
1858 580 1972 611 divini-

313 628 387 659 tatis
411 630 552 658 vestrum
576 637 630 658 cor
653 626 894 667 confortabitur,
918 628 1016 658 immo
1041 632 1073 658 et
1096 627 1137 659 ad
1162 638 1272 659 omnes
1296 629 1496 660 inimicorum
1512 630 1643 661 insidias
1659 631 1879 672 reprimendas
1897 642 1972 663 con-

315 679 448 710 fortabit
471 678 628 709 Dominus
651 681 775 709 mentes
800 681 922 709 vestras
950 679 981 709 in
1010 679 1143 711 caritate
1168 683 1200 711 et
1223 681 1328 721 gratia
1353 684 1385 712 et
1408 681 1549 712 tuebitur
1571 692 1628 713 vos
1650 683 1683 713 in
1707 683 1836 714 saecula
1859 693 1971 714 saecu·
2001 696 2026 716 ιο

314 731 427 770 lorum,
450 733 486 761 ut
506 731 623 761 iterum
648 733 744 771 atque
768 730 883 761 iterum
907 729 1118 762 benedicatur
1142 730 1298 763 Dominus
1322 734 1355 763 et
1377 735 1470 773 pater
1491 732 1613 764 domini
1636 734 1734 765 nostri
1753 734 1828 766 Iesu
1845 735 1972 776 Christi,

315 787 348 815 et
379 794 398 814 a
430 786 538 813 nostro
571 782 768 824 pontificatu,
801 783 899 813 immo
930 782 970 813 ab
1001 783 1156 814 universis
1185 783 1302 815 Christi
1331 784 1481 815 fidelibus
1509 785 1600 816 vobis
1631 786 1818 817 innumerae
1848 787 1972 827 gratiae

314 835 502 866 reserantur.
549 834 650 865 Porro
681 834 784 874 siqui
815 834 928 874 adhue,
962 834 1047 876 quod
1081 835 1210 867 minime
1242 836 1410 876 credimus,
1443 837 1474 867 in
1508 836 1614 878 aliquo
1649 837 1748 868 laesi¹²
1780 837 1973 879 quicumque

314 889 455 918 vestrum
474 887 593 927 reperti
617 885 745 925 fuerint,
769 885 944 926 hortamur,
969 889 1004 917 ut
1020 887 1210 927 resipiscant
1233 890 1266 919 et
1289 887 1420 929 dignam
1444 888 1705 920 emendationem
1728 899 1762 920 se
1783 889 1972 930 corrigendo

313 938 498 970 exhibeant.
544 937 627 968 Nam
652 937 879 978 cuiuscumque
903 938 943 969 sit
966 938 1181 978 sublimitatis⁷
1215 939 1379 981 dignitatis
1403 939 1454 970 vel
1482 939 1611 981 ordinis,
1643 941 1697 982 qui
1722 951 1793 971 cum
1816 951 1969 982 praeseu-
2000 955 2022 974 ιε

314 990 398 1021 tibus
413 990 529 1030 legatis
545 989 670 1029 nostris,
683 989 826 1021 Iohanne
841 989 1011 1021 videlicet²
1029 994 1062 1022 et
1080 990 1241 1022 Iohanne2
1257 990 1495 1022 venerabilibus
1512 992 1681 1033 episcopiS,
1697 992 1823 1023 dilectis
1841 1003 1970 1034 quoque

312 1041 523 1073 familiaribus
546 1041 671 1081 nostris,
695 1051 776 1082 quos
792 1041 860 1072 vice
885 1044 992 1072 nostra
1016 1041 1086 1073 illas
1109 1042 1141 1073 in
1165 1046 1273 1084 partes
1299 1042 1340 1074 ad
1364 1043 1578 1075 examinanda
1601 1043 1762 1085 simulque
1781 1043 1969 1075 diffinienda

314 1094 466 1125 canonice
496 1093 561 1123 sive
584 1092 734 1133 legaliter
757 1103 840 1134 quae
868 1093 929 1124 hoc
953 1104 1035 1124 anno
1059 1094 1143 1124 inter
1170 1098 1322 1135 utrosque
1354 1094 1489 1126 fratres³
1515 1105 1675 1126 emersere
1705 1095 1867 1137 negotiab,
1892 1105 1968 1127 con—

314 1145 422 1176 venire
452 1145 483 1175 in
514 1145 585 1175 loco
616 1144 657 1175 ab
687 1145 733 1176 eis
761 1144 954 1185 designato4
976 1146 1086 1187 eisque
1116 1145 1303 1178 satisfacere
1327 1146 1491 1178 humiliter
1514 1147 1753 1186 detrectaverit,
1778 1148 1970 1178 auctoritate

314 1197 376 1228 Dei
400 1196 627 1237 omnipotentis
650 1199 896 1238 sanctorumque
918 1197 1138 1238 apostolorum
1164 1198 1344 1239 principum
1359 1197 1451 1229 Petri
1474 1201 1507 1229 et
1522 1198 1617 1229 Pauli
1633 1201 1827 1240 nostraeque
1845 1198 1970 1230 medio-
1999 1212 2023 1231 πο

314 1249 434 1279 critatis
458 1248 590 1279 veniam5
613 1252 667 1278 sibi
690 1252 822 1286 deinceps
850 1252 960 1279 noverit
982 1252 1130 1287 denegari,
1158 1262 1210 1280 nec
1234 1249 1351 1280 amodo
1376 1254 1581 1281 communionis
1610 1256 1725 1281 nostrae
1750 1254 1876 1281 futurum
1902 1249 1971 1281 fore

314 1306 480 1335 consortem,
504 1304 552 1337 qui
582 1303 674 1330 socius
704 1312 764 1331 esse
792 1303 936 1330 noluerit
958 1303 1133 1338 disciplinae.
1174 1299 1331 1341 Optamus
1359 1302 1564 1333 sanctitatem
1590 1301 1641 1332 vel
1670 1300 1805 1342 gloriam
1832 1304 1971 1333 vestram

316 1353 348 1383 in
372 1351 497 1383 Christo
521 1350 603 1382 bene
630 1351 748 1382 valere.

417 1412 512 1436 DATA
531 1412 600 1435 Xffl.
618 1411 802 1436 KALENDAS
821 1411 980 1442 MARTIAS‚
1000 1412 1200 1437 INDICTIONE
1214 1412 1312 1437 V1[11.*

1125 1592 1154 1621 6.

414 1659 570 1691 Iohannes
594 1658 690 1691 VIII¹
708 1668 798 1698 papa
823 1658 985 1699 episcopos
1010 1658 1144 1699 Galliae,
1167 1659 1222 1699 qm·
1244 1661 1352 1690 contra
1376 1659 1534 1691 Karolum
1558 1659 1724 1701 (Calvum)
1747 1661 1966 1703 imperatorem
1995 1680 2019 1700 25

311 1722 376 1743 cum
401 1711 557 1742 Ludom'co
581 1710 793 1751 (Germanico)
818 1711 1082 1749 conspiraverant,
1105 1710 1248 1749 increpat
1270 1714 1298 1741 et
1320 1711 1365 1742 ad
1386 1711 1537 1742 seniorem
1560 1721 1654 1743 suum.
1677 1713 1789 1743 reverti
1813 1712 1905 1744 iubet.

1602 1764 1680 1803 (676
1705 1763 1795 1795 Febr.
1814 1764 1881 1804 17.)

412 1822 496 1849 Edi-Is
509 1821 636 1848 Sirmoml
648 1821 725 1848 Cone.
734 1823 790 1847 ant.
799 1820 904 1847 Galliae
912 1820 971 1851 ΠΙ,
978 1824 1028 1847 429
1038 1829 1065 1847 n.
1074 1824 1089 1847 6
1099 1829 1111 1847 e
1121 1821 1177 1847 cod.
1186 1828 1208 1847 s.
1220 1821 1337 1855 Remigii
1347 1821 1484 1848 Remensis
1495 1834 1524 1845 =
1536 1821 1662 1855 Bouqzwt
1670 1822 1779 1849 Rectaeil
1788 1823 1850 1856 VII,
1859 1826 1908 1850 463
1918 1831 1944 1849 η.
1954 1826 1969 1849 6

310 1877 342 1888 =
357 1866 451 1892 Mami
470 1865 549 1892 Cone.
563 1865 621 1892 coll.
632 1864 731 1896 XVII,
741 1867 792 1890 234
810 1872 836 1890 n.
850 1867 902 1890 318
915 1875 947 1886 =
963 1864 1058 1898 Miyne
1076 1863 1151 1890 Patr.
1166 1864 1212 1890 lat.
1229 1863 1366 1897 CXXVI,
1379 1867 1428 1890 665
1445 1872 1471 1890 n.
1483 1868 1520 1890 21.
1544 1879 1573 1883 -
1596 1864 1673 1898 Rem:
1690 1865 1765 1898 Jaffe'
1780 1869 1850 1892 3038
1865 1866 1967 1900 (2266).

413 1952 451 1972 **
462 1951 633 1983 Relatione
658 1961 733 1983 vera
757 1951 933 1990 didicimus,
958 1949 1044 1992 quod
1072 1950 1189 1982 dilecto
1219 1961 1256 1981 ac
1286 1951 1444 1992 spirituali
1471 1951 1536 1982 filio
1565 1954 1673 1983 nostro
1698 1952 1821 1983 Karolo
1846 1952 1965 1994 glorio-
1996 1972 2020 1990 30

312 2004 435 2035 sissimo
459 2004 655 2044 imperatore
683 2006 830 2044 augusto,
861 2002 986 2034 seniore
1017 2005 1133 2041 vestro,
1167 2002 1207 2033 ad
1231 2002 1342 2033 limina
1369 2005 1553 2034 sanctorum
1580 2003 1801 2044 apostolorum
1825 2004 1914 2035 Petri
1939 2007 1972 2036 et

310 2056 405 2087 Pauli
426 2056 604 2097 principum
627 2055 776 2085 veniente
805 2053 924 2095 ibique⁷
949 2056 983 2084 ut
1007 2053 1301 2085 christianissimum
1335 2053 1429 2085 decet
1458 2054 1615 2086 ecclesiae
1641 2055 1758 2086 Christi
1788 2058 1969 2097 patronum,

309 2111 385 2139 vota
408 2117 465 2138 sua
487 2107 592 2148 prisco
616 2106 680 2137 iam
704 2108 850 2146 tempore
875 2107 1066 2146 praeoptata
1089 2104 1219 2136 domino
1243 2105 1314 2136 Deo
1338 2105 1502 2137 humiliter
1525 2105 1714 2138 exsolvente
1736 2107 1969 2149 augustaleque

310 2159 461 2190 diadema
484 2158 543 2190 sibi
567 2157 716 2189 divinitus
739 2157 807 2188 sine
825 2156 920 2188 dubio
938 2157 1091 2187 collatum
1113 2167 1172 2197 per
1194 2156 1382 2188 humilitatis
1405 2160 1534 2189 nostrae
1557 2159 1768 2190 ministerium
1790 2158 1968 2200 accipiente

309 2211 400 2242 fratri
424 2211 501 2250 eius,
519 2209 700 2241 Hludovico
717 2209 839 2240 seilicet
861 2209 940 2249 regi,
965 2209 991 2239 si
1013 2208 1142 2239 tameu⁶
1166 2218 1224 2240 rex
1244 2208 1312 2240 iure
1330 2208 1392 2240 dici
1410 2209 1537 2249 debeat,
1561 2211 1615 2252 qui
1632 2211 1747 2241 mentis
1764 2220 1840 2242 suae
1859 2212 1964 2241 motus
1994 2228 2018 2248 35

309 2263 341 2294 in
372 2262 543 2303 abruptum
573 2261 748 2302 impietatis
778 2260 929 2291 cadentes
959 2270 1020 2291 uon
1049 2260 1142 2300 rexit,
1173 2261 1204 2290 in
1234 2270 1369 2301 regnum
1399 2260 1498 2302 ipsius
1529 2261 1666 2293 collecta
1695 2261 1807 2303 populi
1829 2261 1963 2293 nefandi

308 2313 511 2345 multitudine
534 2313 664 2344 intranti
681 2314 714 2343 et
729 2321 929 2353 paganorum
947 2322 1034 2343 more
1057 2311 1227 2343 ecclesiam
1243 2312 1314 2352 Dei,
1340 2312 1495 2353 populum
1512 2312 1663 2344 videlicet
1682 2313 1824 2354 pretioso
1844 2312 1964 2344 Christi

404 2424 430 2456 *)
450 2423 581 2451 Recitata
603 2423 631 2449 in
655 2423 758 2456 synodo
777 2421 977 2456 Pontigonensi
996 2421 1057 2448 add.
1071 2421 1159 2455 Sirm„
1177 2422 1211 2454 cf.
1225 2422 1300 2449 Anu.
1315 2422 1420 2451 Berlin.
1433 2432 1458 2450 α.
1473 2427 1528 2457 876,
1554 2424 1592 2451 ed.
1610 2423 1698 2451 Waitz
1714 2432 1740 2457 p.
1753 2426 1809 2450 128.

387 2466 430 2501 **)
449 2466 586 2500 Super-scr.
599 2466 676 2499 apud
693 2465 785 2492 Sira:
804 2465 845 2491 Ad
865 2465 1017 2499 episcopm,
1036 2465 1084 2499 qui
1103 2474 1119 2492 a
1138 2465 1237 2492 Carolo
1256 2466 1441 2494 desciscentes
1461 2467 1600 2494 Ludovico
1618 2467 1679 2502 regi
1697 2467 1892 2494 adhaeserant.

413 2537 436 2569 ³)
456 2537 506 2562 Hic
524 2538 594 2562 locus
612 2541 748 2569 corruptus
766 2545 818 2561 esse
836 2536 941 2561 videtur.
1013 2535 1037 2566 b)
1056 2536 1172 2561 misimus
1191 2537 1363 2569 supplendam
1381 2541 1432 2568 esc;
1450 2538 1484 2570 cf.
1499 2542 1583 2563 tamen
1597 2546 1625 2570 p.
1639 2538 1687 2563 323
1705 2537 1722 2562 l.
1738 2540 1766 2562 15
1780 2541 1802 2562 et
1813 2546 1840 2570 p.
1855 2537 1966 2563 3261.5.
1993 2545 2018 2564 40

414 2621 439 2654 1)
458 2621 580 2647 Aretino.
650 2621 677 2654 2)
699 2620 870 2647 Tuscanensi.
941 2621 967 2653 3)
987 2620 1049 2647 Scil.
1064 2620 1198 2646 Karolum
1220 2620 1330 2648 Calvum
1348 2624 1372 2648 et
1389 2621 1557 2648 Ludouicum
1577 2621 1773 2648 Germanicum.
1843 2621 1870 2654 4)
1894 2621 1965 2647 Pon-

308 2664 403 2698 tiyone,
427 2664 475 2690 ubi
492 2667 633 2690 conventus
655 2672 681 2690 a.
696 2666 744 2689 876
761 2663 825 2689 lun.
838 2663 964 2690 521—le.
981 2667 1010 2690 16
1028 2666 1206 2697 congregatus
1224 2666 1270 2696 est,
1292 2663 1360 2690 ΜΘ.
1372 2664 1459 2698 Capit.
1472 2665 1509 2697 11,
1521 2668 1573 2692 347
1585 2673 1614 2690 n.
1628 2668 1684 2697 279,
1710 2666 1745 2698 cf.
1759 2663 1898 2690 Dummler
1915 2663 1934 2690 l.
1948 2663 1964 2690 l.

309 2707 349 2738 ΙΙ,
360 2710 469 2740 407394.
575 2707 603 2739 5)
624 2706 666 2740 Of.
680 2706 782 2732 Leonis
800 2706 826 2733 I.
844 2707 920 2739 epist.
936 2706 999 2740 Rea.
1009 2706 1082 2738 Jaffe'
1095 2710 1154 2737 402,
1172 2706 1211 2733 ed.
1226 2707 1319 2741 Miyne
1337 2707 1414 2734 Patr.
1429 2708 1476 2734 lat.
1492 2707 1549 2734 LX
1558 2708 1617 2740 VII,
1632 2711 1691 2735 280.
1787 2707 1813 2739 6)
1835 2706 1877 2739 Cf.
1890 2706 1966 2740 epist.

313 2749 424 2776 Nicolai
435 2750 458 2776 Ι.
479 2749 546 2784 Rey.
557 2749 633 2781 Jafle'
650 2753 726 2782 2750,
743 2748 782 2775 ed.
798 2749 833 2774 M
836 2748 868 2775 G.
883 2749 972 2783 Epist.
986 2749 1033 2781 Vl,
1047 2753 1097 2776 :284
1116 2749 1133 2775 Z.
1148 2753 1184 2776 19.
