2189 3042
97 226 117 245 ².
125 223 202 244 Thess.
212 225 230 248 8,
242 227 261 243 Ν
269 237 273 242 .

113 848 142 866 cf.
151 845 203 871 Sap.
212 850 229 866 2¹
240 849 272 866 2⁴.

80 948 144 968 1¹rov.
155 951 175 974 6,
185 950 270 969 12-14.

78 1052 108 1072 cf.
115 1051 192 1072 Mutth.
201 1054 220 1075 5,
228 1055 246 1071 8.
253 1054 272 1072 9.

78 1206 156 1227 Mnith.
163 1208 183 1230 5,
190 1207 265 1226 23-24
271 1218 275 1223 1

83 1620 113 1640 es.
120 1618 198 1640 naith.
207 1619 276 1641 ¹³2⁵-

136 1673 156 1691 1.
164 1670 222 1690 Petr.
231 1669 252 1691 5,
260 1671 281 1689 3.

126 1772 233 1795 chiac-2,
244 1773 276 1790 ·.‹'-.

92 1816 121 1838 cs.
133 1818 151 1836 1.
160 1815 219 1835 Petr.
228 1817 246 1834 4.
257 1814 278 1833 S.

137 1841 278 1862 !.Cor.1³.8.

174 1874 204 1894 ib.
213 1880 235 1894 v,
244 1875 274 1893 13.

151 1980 235 2003 1.10.4,
247 1981 277 1998 16-

98 2031 128 2052 cf.
140 2030 204 2051 Pruv.
215 2033 234 2053 6,
247 2032 275 2050 14.

179 2083 209 2101 10.
219 2084 277 2102 ΚΛΗ.

284 131 342 160 324
588 124 765 152 IOHANNIS
778 124 852 151 VIIl.
875 124 991 150 PAPAE
1010 123 1210 151 EPISTOLAE
1232 124 1357 150 PASSlM
1377 123 1587 151 OOLLECTAE
1605 125 1629 151 8.

288 215 368 244 sieut
393 213 536 244 ethnicus
570 217 601 242 et
630 211 839 253 publicanus}
868 210 944 242 item
969 210 1147 251 apostolus:
1180 209 1230 251 'Siss
1254 211 1322 250 quis
1352 220 1414 240 non
1439 209 1597 241 obedierit
1620 210 1718 241 verbo
1749 214 1857 243 nostro
1881 222 1940 253 per

285 263 464 305 epistolam.
489 263 573 294 hunc
590 266 700 293 notate
718 265 750 292 et
766 272 827 292 non
846 261 1118 292 commisceamini
1142 271 1213 292 cum
1230 261 1306 292 illo?
1342 261 1464 297 Quibus
1487 261 1679 292 testimoniis
1703 261 1940 294 evidentissime

284 325 506 357 provocamur,
530 317 565 345 ut
588 324 654 353 VOS,
679 324 758 355 quos
782 314 973 355 contemptis
989 313 1187 353 apostolicae
1205 312 1290 344 sedis
1314 313 1457 354 epistolis
1482 322 1614 354 regnum
1632 313 1739 345 dilecti
1763 314 1820 345 filii
1843 315 1940 345 nostri

284 368 393 398 Karoli
428 366 679 397 christianissimi
712 365 914 406 imperatoris
944 370 1055 396 contra
1085 364 1288 396 interdictum
1313 368 1465 405 nostrum,
1496 366 1594 396 immo
1619 368 1729 396 eontra
1752 364 1814 396 Dei
1839 366 1939 396 omni-

286 419 426 459 potentis
443 419 591 449 timorem
609 417 799 459 pervadere,
824 417 905 448 sicut
922 417 1112 456 audivimus,
1136 426 1315 458 pacemque
1333 419 1464 448 sanctae
1481 416 1544 447 Dei
1561 417 1718 448 ecclesiae
1735 427 1941 458 corrumpere

285 471 509 511 temptavistis,
535 481 553 501 a
577 480 710 511 corpore
736 469 831 500 totius
856 468 999 500 eiusdem
1025 468 1196 509 eeclesiae,
1223 479 1318 509 quam
1344 479 1402 509 per
1425 473 1647 500 antecessores
1671 471 1796 499 nostros
1819 479 1940 510 perque

283 525 409 553 nosmet
442 522 528 562 ipsos
567 532 623 552 vos
655 521 719 551 suis
753 520 895 562 epistolis
928 522 1186 551 commonentem
1221 519 1331 551 audire
1364 520 1521 551 hactenus
1554 520 1714 558 noluistis,
1747 521 1941 562 sequestrari

284 573 543 615 praesentialiter
567 572 722 604 debeatis.
770 572 834 603 Sed
860 572 1009 613 quoniam
1038 574 1167 604 sanctae
1197 570 1283 603 sedis
1312 572 1510 613 apostolieae
1541 572 1704 603 miseratio
1728 583 1784 604 vos
1813 572 1941 603 interim

283 626 419 656 filiorum
445 624 618 656 dilectione
643 624 868 665 complectitur
891 627 923 655 et
948 624 1148 654 dissimulare
1173 626 1308 665 peccata
1332 627 1438 654 vestra
1467 625 1570 664 magis
1594 634 1691 665 quam
1721 625 1832 665 punire
1857 623 1940 655 velle

284 677 496 717 cognoscitur,
526 676 583 707 has
611 676 726 706 iterum
751 675 876 706 caritati
899 678 1025 706 vestrae
1057 678 1186 706 sanctae
1211 674 1273 706 Dei
1305 675 1460 706 ecclesiae
1489 675 1612 706 litteras
1642 674 1839 707 destinamus
1868 675 1940 706 hor-

283 732 453 770 tantesque
478 729 644 767 instamus,
669 731 702 758 ut
727 728 823 759 divini
847 727 957 758 iudicii
980 737 1141 758 memores
1166 731 1197 758 et
1222 728 1354 759 fraterni
1378 727 1518 759 foederis
1541 728 1748 759 recordantes
1772 728 1940 758 imminen-

284 786 413 822 temque
438 784 564 811 vestrae
590 780 765 811 vocationis
790 779 874 811 diem
900 780 1044 810 ultimum
1075 782 1316 821 praecaventeS,
1348 779 1494 811 fraudem
1523 779 1728 819 diabolicam,
1757 789 1816 821 per
1845 789 1941 821 quam

287 843 372 863 mors
397 833 539 863 introivit
562 832 593 862 in
617 831 727 863 orbem
752 835 919 871 terrarum,
944 831 1115 872 effugiatis,
1142 830 1345 870 discordiam,
1370 841 1453 872 quae
1478 831 1585 862 nutrix
1603 835 1651 862 est
1675 834 1860 862 cunctorum
1884 831 1942 861 cri-

285 885 417 920 minum,
439 884 530 924 quasi
553 894 710 915 venenum
735 883 922 925 pestiferum
947 882 1126 923 declinetis,
1151 893 1190 914 ne
1215 883 1336 914 similes
1362 884 1391 914 ei
1416 883 1611 923 efficiamini,
1636 882 1675 914 de
1700 893 1763 924 quo
1788 882 1941 914 Salomon

286 937 343 967 ait:
369 935 488 966 'Homo
513 938 670 976 apostata,
696 935 743 966 vir
765 935 894 974 inutilis,
919 934 1064 975 graditur
1088 946 1141 965 ore
1167 945 1328 975 perverso,
1355 935 1465 965 annuit
1489 934 1599 974 oculis,
1624 934 1698 965 terit
1720 934 1815 976 pede,
1840 933 1940 976 digito

286 987 434 1028 loquitur,
459 997 557 1028 pravo
578 986 673 1017 corde
698 986 900 1017 machinatur
922 985 1043 1017 malum
1075 990 1107 1017 et
1137 987 1168 1016 in
1199 986 1285 1017 omni
1315 990 1460 1027 tempore
1484 986 1588 1027 iurgia
1615 986 1776 1018 seminat.’
1822 985 1943 1017 Pacem

288 1043 320 1070 et
344 1039 602 1077 sanctimoniam,
626 1039 693 1069 sine
718 1048 781 1079 qua
804 1048 900 1069 nemo
925 1037 1047 1069 videbit
1069 1037 1190 1077 Deum,
1215 1037 1370 1078 diligatis,
1395 1037 1547 1078 quoniam
1575 1038 1656 1069 sicut
1684 1038 1808 1079 pacifici
1831 1040 1904 1069 sunt
1926 1049 1945 1069 a

284 1091 424 1122 Domino
452 1101 514 1121 non
545 1090 646 1121 solum
679 1090 775 1130 beati,
808 1090 864 1120 sed
891 1090 989 1120 etiam
1018 1089 1073 1120 filii
1096 1089 1159 1121 Dei
1183 1090 1298 1130 vocati,
1327 1090 1371 1120 ita
1395 1090 1534 1121 Satanae
1562 1093 1635 1121 sunt
1660 1090 1726 1129 filii,
1752 1091 1806 1132 qui
1829 1100 1944 1131 pacem

286 1142 491 1174 confundunt.
544 1142 626 1173 Nam
660 1141 823 1173 discordes
856 1145 922 1173 tam
956 1141 1010 1172 diu
1042 1141 1163 1173 nullum
1197 1142 1273 1172 boni
1301 1143 1409 1182 operis
1441 1141 1512 1172 Deo
1545 1141 1735 1173 sacrificium
1768 1141 1944 1181 immolant,

291 1205 388 1237 quam
413 1194 465 1224 diu
498 1205 516 1225 a
547 1195 765 1235 proximorum
801 1194 933 1225 caritate
967 1193 1159 1224 discordant.
1207 1192 1300 1224 Unde
1335 1203 1393 1234 per
1422 1193 1622 1224 Matthaeum
1657 1193 1867 1234 praecipitur:
1898 1191 1945 1223 ‘Si

288 1246 383 1277 offers
407 1256 521 1277 munus
545 1248 634 1276 tuum
658 1244 699 1276 ad
723 1245 823 1276 altare
854 1249 886 1276 et
915 1245 958 1276 ibi
989 1245 1176 1277 recordatus
1208 1246 1320 1285 fueris,
1352 1245 1427 1286 quia
1459 1244 1558 1276 frater
1589 1249 1662 1276 tuus
1693 1244 1792 1276 habet
1823 1243 1945 1286 aliquid

288 1298 458 1329 adversum
482 1300 525 1337 te,
549 1297 693 1338 relinque
718 1308 831 1328 munus
856 1299 945 1328 tuum
970 1300 1043 1328 ante
1068 1297 1169 1328 altare
1194 1301 1226 1328 et
1250 1296 1330 1328 vade
1354 1298 1441 1338 prius
1464 1296 1691 1328 reconciliarea
1715 1297 1805 1327 fratri
1834 1299 1889 1327 tuo
1913 1299 1946 1327 et

288 1354 361 1381 tunc
378 1349 508 1381 veniens
532 1349 611 1380 offer
635 1360 748 1380 munus
772 1351 882 1380 tuum?
918 1349 953 1379 In
979 1360 1041 1390 qua
1065 1349 1224 1380 dominica
1250 1349 1476 1390 praeceptione
1501 1348 1703 1389 pensandum
1727 1351 1785 1388 est,
1811 1359 1946 1390 quorum

288 1402 394 1432 hostia
416 1401 586 1442 respuitur,
611 1411 707 1442 quam
732 1400 942 1432 intolerabilis
966 1401 1060 1442 culpa
1084 1404 1286 1432 monstratur¹
1333 1399 1413 1432 Cum
1437 1401 1523 1431 enim
1546 1400 1632 1431 mala
1655 1401 1831 1441 praeterita
1854 1400 1946 1432 bonis

290 1452 439 1494 operibus
464 1452 634 1492 diluantur,
662 1463 798 1493 pensare
823 1451 959 1491 debetis,
988 1463 1006 1482 o
1038 1451 1276 1493 prudentissimi
1307 1452 1451 1492 comites,
1476 1454 1596 1493 quanta
1619 1454 1692 1482 sunt
1715 1451 1800 1483 mala
1824 1452 1943 1483 discor-

291 1504 373 1544 diae,
399 1514 482 1545 quae
506 1503 566 1534 nisi
590 1504 731 1534 extincta
755 1503 882 1543 fuerint,
908 1501 1025 1533 bonum
1050 1502 1196 1533 sacrificii
1220 1502 1372 1544 subsequi
1395 1514 1457 1533 non
1481 1503 1678 1544 permittunt.
1722 1503 1801 1540 Quis
1823 1504 1944 1546 itaque,

292 1555 499 1595 dilectissimi,
526 1565 582 1585 vos
606 1554 646 1585 ad
668 1557 776 1585 tantae
801 1554 980 1585 discordiae
1004 1554 1146 1594 crimina,
1171 1554 1229 1585 nisi
1254 1555 1402 1595 antiquus
1426 1554 1557 1585 humani
1582 1555 1710 1596 generis
1733 1555 1944 1596 adversarius,

291 1607 497 1649 provocavit?
533 1605 594 1642 Qui
619 1616 661 1637 ex
684 1605 801 1647 angelo
825 1606 927 1636 factus
955 1608 1103 1646 apostata
1133 1605 1236 1636 bonae
1260 1606 1358 1636 messi
1385 1615 1513 1646 semper
1540 1605 1659 1637 zizania
1689 1607 1944 1647 superseminare

295 1659 429 1690 laborat.
476 1657 526 1689 De
557 1659 645 1688 euius
675 1656 831 1688 aviditate
862 1667 919 1698 per
949 1657 1130 1698 apostolum
1162 1656 1289 1688 dicitur:
1314 1655 1538 1688 ‘Adversarius
1561 1652 1669 1688 vester
1692 1657 1838 1689 diabolus
1862 1662 1943 1690 tam-

291 1721 389 1752 quam
411 1710 462 1741 leo
486 1710 615 1751 rugiens
639 1709 760 1749 circuit,
785 1719 943 1750 quaerens
967 1718 1062 1749 quem
1086 1707 1229 1749 devoret,
1254 1709 1304 1739 cui
1328 1708 1465 1739 resistite
1491 1707 1589 1739 fortes
1612 1709 1643 1739 in
1667 1708 1754 1740 fide?
1792 1709 1834 1740 Et
1858 1713 1944 1742 certe

290 1762 371 1793 fides
400 1762 467 1792 sinc
497 1760 647 1802 operibus
674 1764 800 1791 mortua
829 1762 890 1799 est,
925 1763 957 1790 et
989 1759 1102 1790 beatus
1126 1759 1245 1790 Paulus
1278 1759 1403 1790 collatis
1435 1759 1542 1790 multis
1574 1760 1743 1791 virtutibus
1767 1761 1945 1802 caritatem,

293 1824 376 1855 quae
404 1812 639 1844 multitudinem
669 1815 876 1854 peccatorum
904 1811 1017 1852 operit,
1048 1811 1199 1852 praetulit
1222 1810 1344 1842 dicens:
1374 1810 1459 1842 ‘Sive
1487 1811 1676 1852 prophetiae
1706 1813 1946 1845 evacuabuntur

289 1866 356 1898 sive
387 1865 516 1906 linguae
549 1864 718 1895 cessabunt
750 1864 816 1895 sive
846 1863 979 1894 scientia
1010 1862 1211 1902 destruetur}
1245 1866 1277 1894 et
1305 1862 1399 1893 infra:
1433 1862 1535 1893 ‘Nunc
1565 1866 1674 1894 autem
1704 1868 1835 1895 manent
1865 1864 1946 1896 fides

291 1928 364 1959 spes
389 1917 514 1957 caritas,
539 1916 599 1947 tria
623 1916 714 1955 haee,
738 1916 840 1946 maior
863 1919 971 1945 autem
996 1913 1044 1944 his
1069 1916 1116 1944 est
1141 1914 1277 1945 caritas?
1313 1913 1405 1946 Unde
1431 1913 1514 1945 bene
1538 1924 1596 1955 per
1612 1914 1789 1946 Iohannem
1814 1915 1943 1947 dicitur:

293 1968 393 2000 ‘Deus
418 1967 533 1998 caritas
558 1971 615 2007 est,
641 1967 742 2008 etqui
767 1970 875 1998 manet
899 1967 929 1996 in
954 1967 1100 2005 caritate,
1125 1967 1155 1996 in
1174 1966 1243 1996 Deo
1268 1969 1380 1996 manet
1405 1965 1541 1997 etDcus
1564 1967 1595 1997 in
1620 1969 1671 1997 eo*
1705 1966 1839 1999 Constat
1855 1978 1944 2010 ergo,

293 2021 368 2062 quia
393 2020 446 2061 qui
472 2020 500 2049 iu
526 2019 597 2050 Deo
629 2030 689 2049 non
719 2022 836 2057 manet,
860 2019 891 2048 in
916 2017 1045 2048 diabolo
1070 2021 1189 2057 manet,
1218 2018 1306 2048 cuius
1330 2017 1476 2049 membra
1507 2021 1578 2048 sunt
1609 2029 1734 2059 omues,
1758 2019 1812 2060 qui
1843 2020 1946 2061 iurgia

292 2073 451 2103 seminant
476 2074 507 2102 et
531 2070 783 2102 ecclesiasticam
807 2069 1006 2110 disciplinam
1036 2073 1193 2103 recusant,
1219 2068 1331 2109 quibus
1356 2068 1512 2100 veraciter
1536 2069 1664 2101 dieitur:
1689 2069 1766 2101 'Vos
1791 2081 1830 2102 ex
1854 2074 1946 2112 patre

292 2123 420 2155 diabolo
452 2124 548 2153 estis?
596 2122 678 2158 Qui²
708 2122 858 2153 videlicet
881 2120 991 2151 Karoli
1026 2121 1194 2151 virtutibus
1224 2120 1264 2152 ab
1296 2121 1431 2152 ineuntis
1465 2122 1580 2152 aetatis
1608 2122 1770 2163 principiis
1802 2122 1946 2154 invidens

295 2175 426 2216 eiusque
456 2174 642 2215 religiosum
673 2173 872 2215 propositum
902 2173 1028 2213 longius
1056 2173 1229 2214 propagari
1257 2183 1445 2213 pavescens,
1480 2173 1588 2204 multis
1619 2173 1866 2205 adversitatibus
1898 2175 1944 2206 la-

293 2227 428 2261 cessivit,
463 2225 575 2256 fideles
609 2226 676 2256 eius
709 2224 964 2266 frequentissime
998 2224 1156 2255 rebellare
1189 2225 1297 2263 suasit,
1330 2225 1359 2254 in
1394 2224 1479 2255 bello
1504 2228 1615 2256 contra
1638 2224 1855 2257 Nortmannos
1885 2237 1943 2267 pro

294 2277 449 2309 ecclesiae
478 2277 541 2308 Dei
572 2277 762 2308 liberatione
795 2276 949 2317 pugnanti
982 2286 1101 2316 eosque
1133 2285 1234 2317 usque
1268 2276 1308 2306 ad
1340 2276 1484 2306 ultimam
1520 2275 1717 2307 deditionem
1750 2277 1945 2319 compellere

293 2329 453 2370 satagenti
477 2328 610 2359 senioris
634 2328 740 2366 vestri,
766 2331 934 2368 parentum
959 2338 1086 2368 quoque
1117 2328 1182 2358 sive
1206 2331 1347 2359 vestrum
1376 2329 1517 2359 animum
1546 2329 1588 2359 ad
1616 2329 1814 2360 invasionem
1842 2329 1945 2362 relicti

294 2380 361 2410 eius
384 2379 524 2420 imperii,
549 2379 630 2409 sieut
654 2382 686 2409 et
710 2378 805 2409 modo
838 2378 949 2409 fecisse
975 2378 1162 2417 dinoscitur,
1191 2380 1368 2420 suscitavit,
1398 2380 1483 2420 ipsos
1507 2379 1695 2416 familiares,
1724 2381 1828 2422 ipsum
1856 2384 1944 2422 post-

293 2441 382 2462 remo
408 2430 507 2461 filium
531 2430 571 2461 ad
596 2431 663 2461 eius
688 2430 914 2461 exterminium
939 2430 1097 2461 hostiliter
1122 2431 1318 2471 provocavit,
1343 2434 1374 2462 et
1399 2442 1438 2462 ne
1456 2431 1585 2472 quando
1602 2431 1643 2462 ad
1660 2432 1841 2473 imperium,
1859 2434 1945 2474 quod

296 2483 324 2513 ei
349 2484 472 2513 constat
495 2492 557 2512 non
581 2482 720 2512 humano
745 2481 895 2512 collatum
926 2481 1092 2519 beneficio,
1125 2481 1199 2512 licet
1230 2492 1286 2522 per
1317 2486 1443 2514 nostrae
1468 2483 1698 2514 mediocritatis
1723 2484 1943 2524 ministerium,

295 2533 351 2564 sed
376 2533 481 2564 divino
505 2533 687 2574 pertingere
712 2533 878 2574 potuisset,
904 2536 970 2563 tota
1001 2532 1235 2563 fraudulentiae
1267 2544 1343 2564 suae
1377 2534 1490 2565 virtute
1521 2533 1697 2575 prohibuit,
1727 2537 1795 2566 tota
1824 2535 1945 2566 consilii

294 2586 342 2615 sui
359 2586 497 2616 versutia
516 2585 679 2615 debellare
704 2585 845 2615 certavit.
894 2583 955 2615 Sed
983 2584 1069 2614 Deus
1094 2585 1305 2625 omnipotens,
1330 2586 1418 2616 cuius
1442 2585 1642 2626 providentia
1663 2596 1720 2626 per
1742 2586 1943 2618 mutabilium

399 2683 421 2705 N.
451 2680 474 2711 n)
495 2681 655 2706 reconciliari
675 2680 746 2713 Vuly.

401 2750 424 2777 1)
446 2751 520 2780 “nnec
539 2750 685 2781 sequuntur
706 2756 787 2780 usquc
806 2747 933 2781 permisit
952 2749 987 2779 (p.
1001 2752 1047 2774 :525
1066 2748 1081 2774 I.
1096 2752 1122 2775 12)
1141 2756 1197 2773 cum
1217 2749 1288 2780 epist.
1305 2753 1317 2775 Γ
1335 2750 1371 2781 (11.
1386 2753 1431 2774 :521
1451 2749 1466 2775 l.
1484 2750 1587 2781 13-25)
1607 2748 1778 2774 concordant.

1968 687 1993 706 10

1971 945 1993 963 15

1973 1203 1998 1222 20

1973 1464 1997 1484 25

1973 1722 1998 1740 30

1974 1980 1998 1999 ³5

1972 2237 1997 2256 40

1973 2496 1998 2514 45
