2189 3042
317 110 377 140 382
676 102 875 129 EPISTOLAE
893 102 942 128 AD
961 101 1027 128 RES
1045 100 1274 128 ORIENTALES
1293 100 1525 128 SPECTANTES
1543 103 1566 129 4.
1579 103 1603 129 5.

316 194 429 224 ἐνθέου
453 191 700 231 ἀρχιερωσύνης,
724 190 768 220 ὅτι
792 189 950 228 διαφωνία
978 189 1096 229 εὑρέθη
1121 189 1154 220 ἒν
1180 193 1244 225 τοῖς
1273 189 1436 228 γράμμασι
1466 190 1529 218 τῶν
1558 200 1588 219 τε
1621 189 1841 228 γαληνοτάτων
1872 191 1966 230 ἡμῶν

314 244 471 284 βασιλέων
494 242 545 273 καὶ
569 245 622 281 τῆς
645 243 739 282 ἡμῶν
769 240 977 281 μετριότητος.
1017 240 1059 271 Ἡ
1080 241 1114 272 δὲ
1144 242 1223 272 αἰτία
1253 244 1308 282 τῆς
1339 240 1516 280 διαφωνίας
1545 240 1624 270 ἐστὶν
1654 241 1742 281 αὕτη,
1783 240 1823 272 Οἱ
1850 253 1964 282 παραι-

316 295 511 335 τησάμενον“
534 294 713 333 γράψαντες
734 292 787 323 τὸν
808 292 932 323 Φώτιον
955 292 1043 323 αὐτοὶ
1066 295 1176 324 τοῦτον
1199 293 1252 324 καὶ
1278 293 1362 332 ἱερέα
1385 291 1542 327 ἐδέξαντο,
1566 292 1656 331 ἡμεῖς
1680 292 1714 322 δὲ
1736 293 1767 322 οἱ
1787 292 1863 333 μηδ’
1882 293 1965 328 ὅλως

317 349 427 377 τοῦτον
450 346 536 385 ἴχνος
565 345 740 385 ἱερωσύνης
768 344 997 384 ὁμολογοῦντες
1020 344 1100 384 ἔχειν
1124 345 1203 375 κατὰ
1228 345 1283 384 τὴν
1308 342 1464 383 ἔννομονῦ
1493 343 1546 374 καὶ
1575 343 1747 384 κανονικὴν
1774 345 1875 384 κρίσιν
1903 347 1965 376 τῶν

317 397 474 437 ἀοιδίμων
501 399 556 427 τοῦ
584 408 614 427 τε
641 396 802 436 μακαρίου
831 396 922 426 πάπα
946 394 1135 426 Νικολάου1
1159 396 1211 427 καὶ
1242 398 1296 427 τοῦ
1321 394 1519 435 Ἀδριανοῦἳ,
1549 395 1665 429 καθὼς
1692 395 1745 426 καὶ
1773 395 1791 435 ἡ
1816 395 1888 434 ἁγία
1913 397 1965 427 καὶ

317 448 520 488 οἰκουμενικὴ
550 447 685 481 σύνοδος
708 447 726 487 ἡ
752 447 784 478 ἒν
808 447 1139 478 Κωνσταντινουπόλει
1163 447 1444 488 συγκροτηθεῖσα3
1471 446 1558 486 παρὰ
1582 449 1645 477 τῶν
1669 449 1893 487 τοποτηρητῶν
1917 450 1969 488 τῆς

316 500 524 540 ἀποστολικῆς
550 499 715 539 καθέδρας
742 499 795 529 καὶ
823 501 887 530 τῶν
915 502 969 539 τῆς
999 499 1171 539 ἀνατολῆςθ
1196 500 1329 540 θρόνων
1358 501 1463 539 τριῶν,
1495 500 1565 532 πῶς
1593 498 1784 538 ἠδυνάμεθα
1807 498 1860 529 τὸν
1884 499 1968 530 οὕτω

316 552 545 592 κατακριθέντα
569 551 615 585 ὡς
631 551 907 591 παραιτησάμενον
931 551 1080 590 γράφεινς
1103 547 1360 591 Ἐθαυμάσαμεν
1385 550 1419 581 δὲ
1443 550 1505 585 καί,
1528 552 1599 584 πῶς
1623 551 1660 581 ὃν
1683 551 1827 590 ἔγραψας
1850 551 1968 582 ἀποκε-

316 604 486 644 κινημένον
509 602 573 634 ἀπὸ
596 605 650 642 τῆς
673 605 799 642 στερεᾶς
822 603 938 642 πέτρας
960 605 1015 633 τοῦ
1032 602 1173 642 Χριστοῦ
1191 603 1224 634 ἐν
1239 603 1419 643 προοιμίοις
1441 605 1495 642 τῆς
1519 602 1680 642 ἐπιστολῆς
1688 602 1709 637 ⁴,
1733 605 1843 633 τοῦτον
1867 602 1899 633 ἓν
1921 605 1967 642 τῷ

317 654 429 695 ταύτης
452 655 526 685 τέλει
550 655 596 689 ὡς
619 655 754 694 ἔννομον
778 654 924 694 ἀρχιερέα
952 654 1100 695 κριθῆναι
1128 654 1262 695 ὀφείλειν
1286 654 1460 694 ἔγραψας5.
1500 653 1581 688 Πῶς
1604 653 1622 684 ό
1646 653 1825 694 ἀπόβλητος
1847 654 1961 694 κριθή-

317 718 415 743 σεται,·
443 706 536 738 Οὕτω
561 705 622 746 γὰρ
645 706 680 736 τὰ
704 708 767 737 τῶν
789 706 1004 746 προκατόχων
1026 706 1202 746 θεοφόρων
1225 706 1355 746 ἀνδρῶν
1378 705 1576 745 θεσπίσματα
1599 705 1670 744 περὶ
1693 705 1790 736 αὐτοῦ
1814 705 1966 737 ἀθετοῦν-

314 770 370 789 ται.
399 758 514 798 ΕΌμως
530 758 606 789 ὅσον
622 770 665 793 τις
681 758 781 789 ε’θέλει
804 758 839 788 τὰ
864 757 934 798 περὶ
958 757 1010 788 τὸν
1032 757 1157 789 Φώτιον
1181 757 1340 794 ἐξετάζειν,
1364 757 1460 788 πλέον
1476 756 1562 796 οἶμαι
1587 757 1641 797 τὴν
1664 757 1848 797 κατάκρισιν
1870 758 1967 789 αὐτοῦ

314 810 516 846 αὐξάνεσθαι.
550 808 597 841 Οὗ
622 810 714 840 τᾶλλα
730 810 844 850 ἐῶμεν,
865 810 884 840 ἃ
901 809 936 840 δὲ
960 809 1041 843 κατὰ
1064 812 1118 840 τοῦ
1143 810 1353 850 ἀνεπιλήπτου
1377 812 1422 849 τῷ
1446 809 1509 839 ὄντι
1532 809 1585 840 καὶ
1608 808 1688 839 κατὰ
1711 811 1766 840 τοῦ
1790 809 1966 849 ἀγιωτάτου

314 862 404 892 πάπα
428 861 578 902 Μαρίνου
609 861 792 896 συνέπλασε,
822 863 886 892 ποῦ
914 861 1040 901 θήσεις,·
1061 861 1098 891 Ἃ
1130 861 1190 892 οὐκ
1222 861 1345 900 ἀγνοεῖν
1375 872 1409 891 σε
1442 861 1583 900 οἴδαμεν,
1614 860 1729 895 καθὼς
1758 861 1777 901 ἡ
1806 860 1888 900 πρὸς
1914 861 1968 892 τὸν

315 913 462 953 ἀοίδιμον
487 913 653 944 Βασίλειον
677 912 729 943 καὶ
752 913 881 953 βασιλέα
906 913 1000 953 ἡμῶν
1023 913 1131 953 γραφή
1156 924 1214 944 σου
1240 912 1360 953 δηλοῖῦ.
1391 912 1470 943 Ἀλλ’
1488 913 1578 952 ἡμεῖς
1601 912 1693 943 πάλιν
1715 915 1779 943 τῶν
1801 913 1968 952 προτέρων

317 965 477 1005 δεήσεωνἽ
505 965 646 1005 ἐχόμεθα
677 965 748 1004 περὶ
783 967 847 995 τῶν
877 965 1061 1004 δεξαμένων
1091 964 1145 995 τὸν
1179 964 1304 995 Φώτιον
1335 963 1415 995 κατὰ
1446 965 1519 1004 βίαν
1551 964 1604 995 καὶ
1635 964 1885 1004 παρακαλοῦμεν
1917 965 1968 1004 ε’γ-

316 1017 467 1051 κυκλίους
497 1016 659 1051 ἐπιστολὰς
688 1017 814 1056 πέμψαι
837 1016 919 1056 πρὸς
947 1015 1020 1050 τοὺς
1048 1016 1296 1056 πατριαρχικοὺς
1326 1019 1379 1056 τῆς
1407 1016 1560 1056 ἀνατολῆς
1591 1015 1742 1056 θρόνους,
1775 1016 1821 1050 ὥς
1853 1017 1892 1046 ἂν
1915 1016 1969 1047 καὶ

316 1068 404 1099 αὐτοὶ
437 1068 492 1109 τὴν
525 1068 601 1108 παρ’
625 1069 720 1109 ἡμῶν
750 1068 935 1107 οἰκονομίαν
970 1068 1136 1107 δεξάμενοι
1175 1068 1427 1108 συνασμενίσωσι
1459 1067 1511 1098 καὶ
1546 1067 1796 1107 ε’πισφραγίσωσι
1828 1067 1879 1098 διὰ
1913 1067 1968 1108 τὴν

315 1119 446 1156 ἀξίωσιν
472 1123 527 1151 τοῦ
551 1120 739 1160 σοφωτάτου
764 1120 858 1160 ἡμῶν
881 1119 1056 1159 βασιλέωςΒ
1081 1123 1135 1150 τοῦ
1161 1119 1372 1159 ἐξαγαγόντος
1395 1120 1480 1160 ἡμᾶς
1503 1119 1537 1150 ἐκ
1561 1120 1694 1153 σκότους
1717 1119 1770 1150 καὶ
1793 1121 1883 1154 σκιᾶς
1905 1120 1967 1150 θα-

316 1172 411 1202 νάτου
435 1172 489 1202 καὶ
514 1172 748 1212 δωρησαμένου
773 1172 848 1211 ἡμῖν
870 1173 944 1211 φῶς
967 1171 1144 1211 ἐλεύθερον.
1192 1171 1261 1203 Οὐκ
1291 1172 1372 1202 ἔστιν
1400 1171 1608 1202 ἀκανόνιστον
1630 1171 1664 1202 τὸ
1688 1171 1742 1202 τὸν
1764 1171 1823 1211 μὲν
1843 1171 1968 1202 Φώτιον

316 1223 547 1264 καθῃρημένον
569 1223 655 1258 εἶναι,
678 1222 752 1257 τοὺς
776 1222 810 1254 δὲ
832 1223 887 1263 βίᾳ
910 1225 1020 1254 τοῦτον
1046 1223 1240 1263 δεξαμένους
1262 1223 1315 1254 καὶ
1339 1225 1395 1254 νῦν
1416 1225 1648 1263 μετανοοῦντας
1672 1223 1832 1263 δεχθῆναι.
1870 1222 1968 1253 Τοῦτο

318 1275 379 1315 γὰρ
402 1275 455 1306 καὶ
478 1275 496 1306 ὁ
519 1275 620 1315 μέγας
638 1275 829 1309 Ἀθανάσιος
852 1274 870 1305 ὁ
892 1275 1090 1315 πατριάρχης
1108 1275 1346 1315 Ἀλεξανδρείας
1368 1274 1449 1315 πρὸς
1468 1274 1636 1314 ςΡουφῒνον
1659 1275 1799 1315 ἔγραψεν
1808 1274 1831 1310 ⁹,
1855 1274 1900 1305 ὅτι
1924 1274 1973 1306 δεῖ

317 1326 350 1357 ε’ν
374 1329 438 1361 ταῖς
462 1327 644 1361 συνοδικαῖς
666 1327 861 1358 συνελεύσεσι
885 1326 957 1361 τοὺς
980 1326 1144 1367 ἀρχηγοὺς
1166 1326 1219 1357 καὶ
1242 1327 1354 1366 μόνων
1377 1329 1441 1358 τῶν
1464 1327 1618 1366 αἱρέσεων
1633 1326 1686 1357 καὶ
1707 1328 1771 1357 τῶν
1788 1326 1970 1366 σχισμάτων

318 1378 579 1418 ἀπορρίπτεσθαι,
607 1377 680 1413 τοὺς
708 1378 742 1409 δὲ
766 1377 896 1412 λοιποὺς
921 1379 1108 1418 οἰκονομίας
1130 1379 1241 1419 τρόπῳ
1265 1378 1595 1418 ε’παναλαμβάνεσθαι.
1634 1377 1755 1419 Εἰρήνη
1780 1381 1825 1418 τῷ
1853 1377 1969 1418 κόσμῳ

316 1430 369 1460 καὶ
388 1430 462 1470 ἡμῖν
485 1430 517 1461 ἐν
534 1429 664 1470 Χριστῷ
682 1430 787 1470 Ἰησοῦ
811 1430 1010 1470 πληθυνθείη
1034 1431 1213 1471 πρεσβείαις
1236 1433 1289 1470 τῆς
1309 1430 1525 1471 ὕπερενδόξου
1551 1430 1717 1470 δεσποίνης
1739 1430 1834 1470 ἡμῶν
1853 1429 1965 1461 θεοτό-

318 1493 378 1512 κου
402 1484 466 1512 τῶν
493 1482 649 1512 θεοειδῶν
672 1481 816 1521 ἀγγέλων
840 1484 902 1512 τῶν
925 1483 1150 1522 πανευφήμων
1174 1482 1361 1513 ἀποστόλων
1384 1482 1437 1512 καὶ
1460 1482 1589 1513 πάντων
1611 1484 1675 1513 τῶν
1699 1482 1808 1522 ἁγίων.

1125 1639 1153 1666 5.

423 1695 596 1727 Formosus
612 1705 703 1735 papa
719 1695 863 1736 Stytiano
881 1695 1140 1727 Neocaesarz'ensi
1161 1696 1301 1736 episeopo
1324 1696 1486 1735 respondet
1508 1705 1537 1727 sc
1553 1696 1696 1735 quamvis
1718 1705 1781 1726 non
1797 1696 1863 1726 sine
1876 1695 1968 1735 oravi

318 1747 511 1778 dubitatione
540 1746 655 1786 leqatos
686 1747 815 1784 mittere,
846 1748 902 1786 qm
932 1747 975 1778 ad
1000 1758 1110 1789 pacem
1142 1748 1177 1778 in
1207 1747 1332 1779 ecclesia
1363 1747 1510 1779 orientali
1540 1747 1764 1778 restituendam
1794 1747 1918 1778 clericos
1947 1757 1967 1777 a

319 1797 431 1830 Photio
453 1798 613 1829 ordinatos
631 1809 690 1837 per
707 1799 933 1839 poenitentiam
956 1800 991 1830 in
1010 1799 1162 1838 qreminm
1185 1799 1328 1831 ecclesiae
1350 1799 1514 1838 recipiant.
1747 1797 1879 1837 (89112.)

421 1865 506 1892 Godd:
526 1866 560 1893 Μ
572 1874 600 1899 p.
616 1870 669 1897 115,
690 1866 745 1899 Vs.
760 1869 827 1897 106¹,
849 1866 894 1892 ott
911 1869 932 1901 f.
945 1869 1014 1898 232¹,
1033 1867 1085 1893 ναι
1101 1869 1123 1901 f.
1139 1871 1174 1900 71,
1197 1868 1256 1894 Βαυ
1273 1870 1294 1901 f.
1307 1869 1376 1894 378¹.

419 1909 498 1935 Edd:
520 1909 612 1936 Rader
625 1918 654 1943 p.
668 1913 727 1936 406.
764 1909 852 1936 Labbe
872 1910 951 1942 VIH,
966 1914 1029 1937 1412
1042 1922 1073 1932 =
1089 1910 1184 1937 Mansi
1203 1910 1283 1942 XVI,
1297 1914 1356 1937 440.
1377 1925 1408 1929 -
1429 1910 1499 1944 Req:
1520 1910 1592 1942 Jaffe'
1609 1913 1676 1937 3478
1694 1911 1791 1944 (2671),

428 1988 498 2019 Τὰ*
522 1991 574 2028 τῆς
597 1991 654 2028 σῆς
678 1988 859 2029 ἁγιωσύνης
882 1989 1053 2029 γράμματα
1076 1989 1158 2030 πρὸς
1186 1989 1239 2020 τὸν
1262 1989 1471 2020 ἀποστολικὸν
1493 1989 1616 2029 θρόνον
1639 1989 1851 2021 ἀποσταλέντα
1865 1990 1890 2008 ¹⁰
1913 1990 1969 2021 ἀσ-

319 2039 427 2080 μένως
450 2039 652 2080 ἐδεξάμεθαῦ
675 2064 775 2071 .....
817 2040 919 2075 Αἶτεῖς
950 2041 1036 2075 ἔλεος
1063 2041 1116 2071 καὶ
1145 2041 1183 2072 οὔ
1210 2041 1400 2081 προστίθεις,
1430 2041 1521 2075 ὅπως
1549 2041 1603 2072 καὶ
1625 2042 1690 2080 τίνι,
1721 2041 1821 2081 λαϊκῷ
1844 2043 1863 2082 ἢ
1888 2042 1970 2082 ἱερεῖ.

424 2151 450 2183 *)
476 2149 676 2183 superscriptio
703 2153 728 2176 et
757 2150 849 2176 lemma
880 2151 911 2176 in
935 2150 1085 2177 codicibus:
1111 2150 1248 2184 Ἐπιστολὴ
1274 2150 1435 2184 ἀντίγραφος
1460 2151 1525 2185 πρὸς
1550 2152 1644 2185 ταύτην
1668 2151 1713 2184 τὴν
1738 2151 1969 2186 ἀναγεγραμμένην

472 2196 602 2225 γραφεῖσα
632 2193 703 2226 παρὰ
732 2196 778 2219 τοῦ
803 2193 947 2226 ἀγιωτάτου
972 2194 1046 2219 noina
1077 2194 1122 2219 καί
1152 2194 1278 2227 διαδόχου
1311 2197 1356 2220 τοῦ
1389 2195 1522 2228 μακαρίου
1548 2195 1708 2228 Στεφάνουῦ
1732 2195 1798 2228 πρὸς
1820 2194 1864 2221 τὸν
1891 2194 1969 2221 αὐτὸν

474 2236 619 2262 Στυλιανὸν
640 2236 823 2270 Φορμώσουῡ·
843 2236 947 2264 ἐκείνου
966 2237 1014 2270 γὰρ
1033 2237 1070 2270 μὴ
1091 2237 1243 2270 φθάσαντος
1262 2237 1419 2271 ἀντιγράψαι
1438 2238 1539 2272 ἔγραψε
1560 2239 1708 2272 Φόρμωσος
1716 2238 1738 2264 d.

421 2306 445 2337 ⁸)
464 2305 689 2338 παραιτησάμενοι
708 2307 781 2331 codd.
852 2305 876 2337 b)
895 2305 991 2337 ἔνομον
1003 2307 1042 2339 M,
1057 2307 1105 2332 Vae
1124 2308 1151 2332 ἰπ
1170 2312 1253 2337 textu:
1270 2306 1378 2338 ἔννομον
1393 2307 1443 2332 Vat
1460 2309 1487 2332 in
1499 2317 1579 2341 marg.
1653 2307 1675 2340 ε)
1687 2307 1844 2340 ἀνατολικῆς
1858 2308 1894 2340 Μ,
1905 2308 1969 2334 Βαυ,

420 2349 444 2374 5.
474 2349 497 2381 “)
519 2349 591 2380 Quae
609 2350 635 2374 in
654 2350 762 2382 epistola
780 2350 956 2382 eequebantur,
975 2350 1002 2375 z'n
1020 2351 1146 2375 codicibus
1166 2351 1260 2375 omisca
1278 2355 1337 2375 eum
1355 2351 1394 2376 hie
1411 2351 1492 2376 verbis
1511 2352 1624 2376 insertis:
1646 2350 1691 2376 καὶ
1708 2350 1776 2382 μετὰ
1793 2350 1876 2376 πολλὰ
1894 2350 1924 2375 τὰ
1943 2349 1971 2376 ἐν

319 2390 401 2423 μέσῳ,
419 2391 436 2416 ἃ
454 2391 567 2424 περιέχει
586 2391 602 2424 ἦ
621 2391 725 2424 τοιαύτη
744 2390 874 2424 ἐπιστολή,
893 2391 988 2424 γράφει
1006 2392 1051 2418 καὶ
1070 2394 1162 2418 ταῦτα·
1269 2393 1293 2425 b)
1320 2395 1364 2426 τῆς
1389 2394 1462 2419 codd.
1569 2394 1592 2425 ο)
1619 2393 1760 2426 φορμόσου
1780 2394 1817 2425 M,
1842 2393 1889 2424 Oet,
1912 2393 1969 2425 Vat,

319 2443 385 2460 corr.
399 2434 465 2460 Bav.
536 2434 560 2467 d)
583 2434 742 2466 Φορμουσος
764 2435 817 2464 Oa:
838 2434 976 2467 Φόρμοσος
997 2436 1052 2467 Vat,
1071 2445 1138 2462 corr.
1152 2436 1216 2461 Bav.

423 2511 448 2543 1)
468 2511 500 2543 L,
521 2514 665 2538 858—867.
735 2512 762 2543 2>
780 2511 830 2542 IL,
849 2514 992 2537 εον-872.
1067 2513 1092 2543 3)
1113 2513 1147 2539 A.
1162 2515 1307 2539 869—870.
1387 2513 1413 2544 4)
1434 2512 1475 2547 Of.
1489 2521 1572 2546 supra
1587 2521 1617 2546 p.
1630 2516 1680 2540 380
1697 2513 1714 2539 l.
1730 2516 1805 2546 περ.
1881 2514 1908 2545 5)
1929 2512 1969 2546 Of.

319 2561 402 2587 supra
416 2562 444 2587 p.
457 2557 506 2581 381
523 2553 540 2580 l.
554 2557 614 2587 8311.
654 2553 708 2580 Hic
725 2554 877 2588 Stylz'anum
900 2554 934 2586 id,
957 2554 1029 2587 quod
1049 2555 1204 2588 Stephanus
1222 2555 1249 2582 V.
1269 2555 1420 2589 scripserat,
1444 2556 1514 2587 falso
1538 2556 1743 2588 interpretatum
1766 2564 1819 2582 esse
1836 2558 1924 2582 monet
1941 2555 1972 2582 de

320 2595 396 2622 Boor
414 2596 475 2623 Vita
493 2596 637 2631 Euthymii
657 2598 744 2630 (1888)
768 2601 898 2630 p.148sq.
936 2597 999 2623 Non
1021 2598 1091 2624 enim
1116 2598 1145 2624 id
1171 2598 1363 2632 inquirendum
1386 2606 1441 2624 esse
1463 2606 1536 2631 papa
1560 2599 1713 2631 scripserat,
1739 2601 1830 2625 utram
1858 2598 1971 2625 Photius

321 2638 494 2666 damnandus
511 2641 548 2666 sit
564 2648 655 2673 necne,
673 2640 718 2666 sed
728 2640 855 2673 quomodo
869 2649 886 2666 a
898 2640 956 2666 sede
970 2641 1153 2673 patriarchali
1170 2644 1282 2668 remotus
1299 2642 1341 2668 sit.
1413 2643 1438 2674 6)
1457 2641 1496 2672 Of.
1510 2650 1594 2675 snpra
1612 2649 1636 2674 p.
1649 2644 1705 2668 373.
1777 2642 1802 2674 7)
1819 2641 1859 2674 Of.
1869 2650 1899 2675 p.
1912 2644 1970 2668 379.

321 2682 348 2714 8)
368 2682 467 2709 Leonis
487 2682 533 2710 VI.
550 2686 686 2710 886-911.
793 2684 818 2715 9)
840 2683 933 2716 Miqne
955 2683 1030 2710 Patr.
1043 2692 1137 2717 yraeca
1159 2684 1271 2716 XXVI,
1287 2687 1360 2711 1180.
1457 2685 1499 2717 10)
1520 2684 1560 2718 Of.
1573 2693 1659 2718 supra
1673 2693 1700 2718 p.
1714 2688 1764 2711 381
1780 2693 1808 2711 n.
1822 2689 1846 2711 4.
1883 2685 1926 2711 De
1943 2692 1971 2710 re

322 2725 357 2756 cf.
370 2725 400 2751 de
419 2725 494 2752 Boot
512 2726 528 2752 l.
543 2726 559 2752 l.
569 2735 598 2759 p.
613 2730 662 2753 149
669 2734 723 2759 sqq.

1994 662 2017 681 lo

1997 926 2020 945 15

1995 1439 2020 1459 25

1997 1873 2022 1892 ³0

1997 2204 2020 2224 ³5

1999 2435 2023 2453 40

1996 2692 2021 2711 4⁵
