2189 3042
172 1217 250 1239 Matth.
261 1219 294 1242 23,
305 1219 335 1238 12.

348 692 507 725 Predictis
542 700 670 732 quoque
705 689 819 720 litteris
853 689 1004 731 preconia
1037 692 1146 720 nostra

348 745 515 785 legentesa
543 742 694 774 affectum
726 742 833 772 tuumb
864 742 1072 783 cognovimus
1103 745 1145 782 et,

348 806 443 836 quam
478 795 520 825 sis
555 804 636 824 nunc
671 803 749 835 erga
782 803 839 824 nos
872 793 1034 833 devotus0‚
1069 793 1146 824 satis

349 846 516 878 evidenter
539 846 750 886 repperimus
781 845 903 876 Verum
927 846 958 875 iu
976 855 1039 886 quo
1056 844 1147 876 nobis

348 902 455 929 nostra
478 898 593 929 merita
614 908 677 928 non
700 897 924 938 suffragantur,
948 897 1018 928 Deo
1039 896 1146 927 dimit-

349 951 444 981 timus
482 952 529 989 et,
564 950 595 979 in
630 960 691 990 quo
726 959 783 979 nos
818 948 965 979 humanis
999 947 1146 979 laudibus

350 1002 543 1043 quicumque
583 1000 766 1031 mortalium
811 1000 939 1031 elevare
982 1002 1147 1039 conantur,

350 1053 557 1094 fragilitatem
594 1051 727 1092 natm-211
766 1054 872 1091 nostre
912 1062 983 1082 cum
1024 1061 1148 1082 summa

352 1103 521 1135 formidine
557 1103 671 1135 eodem
706 1103 777 1134 Deo
812 1113 868 1144 pre
903 1103 1002 1134 oculis
1036 1103 1148 1134 habito

352 1155 615 1196 contemplamur.
655 1154 778 1185 Scimus
800 1156 895 1195 enirn,
919 1156 988 1196 ipso
1012 1155 1149 1194 dicente,

352 1207 427 1248 quia
447 1206 513 1248 ‘qui
536 1217 570 1238 se
595 1206 717 1238 exaltat
739 1207 959 1238 humiliabitur
983 1209 1015 1238 et
1039 1207 1091 1248 qui
1115 1217 1149 1237 se

352 1259 518 1290 humiliate
542 1258 756 1290 exaltabituff.

421 1772 530 1809 Quodf
553 1773 668 1803 dicitur
691 1775 798 1803 autem
828 1775 969 1803 sanctam
996 1771 1152 1805 Constan-

355 1825 599 1865 tinopolitanam
633 1824 802 1855 ecclesiam
836 1824 868 1854 in
903 1828 934 1855 te
967 1825 1156 1856 eonveniref

356 1880 452 1917 teque
480 1877 638 1917 privatam
668 1875 778 1906 sedem
807 1877 951 1916 recipere
974 1877 1153 1918 missosque

356 1931 481 1959 nostros
498 1930 604 1958 tecum
621 1928 751 1958 minime
769 1937 956 1958 consacrare
968 1928 989 1967 ¹,
1014 1928 1053 1959 de
1073 1928 1153 1960 adu-

356 1980 485 2010 natione
516 1979 656 2010 omnium
680 1979 751 2010 Deo
781 1979 901 2020 gratias
928 1980 1066 2020 agimus⁷
1097 1980 1154 2011 sed

357 2032 460 2062 missis
483 2031 598 2061 nostris
625 2030 698 2061 ideo
724 2030 763 2061 de
787 2030 848 2061 ho‘e
876 2030 1063 2061 mandatum
1092 2041 1154 2062 non

358 2082 513 2122 dedimus,
538 2082 612 2123 quia
635 2082 679 2112 nil
703 2082 910 2123 certitudinis,
929 2082 1065 2123 qualiter
1084 2082 1154 2123 ipsa

358 2133 451 2165 sedes
465 2134 609 2173 haberet,
631 2137 726 2165 antea
743 2134 1030 2175 comprobavimus.
1062 2134 1154 2165 Nunc

357 2196 448 2226 vero,
481 2186 561 2216 sicut
592 2185 632 2216 de
660 2195 740 2226 pace
770 2188 802 2216 et
832 2185 1026 2216 adunatione
1056 2186 1155 2226 ipsius

359 2237 494 2277 ecclesie
513 2236 608 2268 valde
632 2237 820 2278 gaudemus,
843 2237 888 2268 ita
912 2240 944 2268 et
968 2237 1008 2268 de
1033 2237 1153 2268 dissen-

359 2288 446 2319 sione
467 2288 663 2319 nolentiumg
680 2289 905 2330 acquiescere&
921 2289 1154 2329 contristamur,

825 192 1002 219 IOHANNIS
1021 191 1096 218 VIII.
1116 190 1235 217 PAPAE
1257 189 1432 217 EPISTOLA
1454 189 1513 217 209.

1196 275 1341 316 ἀγαθοὺς
1364 276 1526 317 ἐμπίπτειν
1542 276 1584 310 εἷς
1604 276 1773 316 τυραννίδα
1796 275 1877 316 ὑπὲρ
1894 300 1979 306 .....
1981 275 1996 294 ¹¹

1196 331 1427 368 συγχωροῦντι,
1455 327 1531 358 ἀλλὰ
1560 327 1762 368 δικαιοσύνης
1785 327 1919 368 ὁσιότητι
1942 327 1996 358 καὶ

1196 380 1285 420 ζυγῷ
1312 379 1476 420 κριμάτων
1499 378 1535 409 τὰ
1566 378 1755 419 ἀνθρώπινα
1783 378 1884 409 πάντα
1913 378 1996 409 διευ-

1196 431 1325 462 θύνοντι
1353 430 1407 461 καὶ
1435 430 1668 461 κατευοόοῦντι.
1714 429 1812 465 <Καὶ
1838 430 1997 470 μακάριος

1198 483 1280 517 ὅστις
1308 483 1347 513 ἂν
1375 482 1558 522 προθύμως
1589 482 1622 513 ἒν
1652 484 1697 522 τῷ
1727 485 1784 513 νῦν
1811 484 1915 521 καιρῷ
1946 480 1996 512 διὰ

1196 532 1376 573 μετανοίαςἰ
1393 533 1559 564 ὃιανιστῶν
1575 532 1648 568 τοὺς
1670 533 1823 567 πεσόντας
1845 533 1878 563 ἒν
1900 532 1996 573 οὐρα-

1197 587 1263 619 νοῒς
1275 585 1465 625 θησαυρίσῃ,
1479 583 1571 619 οὗτος
1589 584 1649 625 γὰρ
1666 585 1699 615 ἓν
1710 584 1918 625 μακαριότητι
1930 584 1997 615 δια-

1197 637 1306 676 μένων
1322 636 1492 667 ἀπολαύσει
1515 639 1569 676 τῆς
1593 636 1636 670 εἷς
1658 635 1694 666 τὰ
1710 636 1863 676 μέλλοντα
1887 635 1998 666 αἰώνια

1199 688 1457 728 ἀναφαινομὲνης
1483 687 1748 728 λαμπρότητος.>
1797 687 1909 718 Τοίνυν
1936 689 2000 721 τοῖς

1200 739 1410 779 προῤῥηθεῒσι
1434 740 1616 780 γράμμασιν
1632 739 1794 770 ἐπιεικέσιν
1817 739 1910 779 ὑμῶν
1934 739 1998 770 ἒπι-

1200 790 1366 831 βάλλοντες
1381 791 1435 821 καὶ
1455 791 1489 822 τὸ
1505 791 1538 822 ἕν
1554 791 1660 826 αὐτοῖς
1675 791 1758 831 ’ὕφος
1781 793 1844 821 τῶν
1861 791 2000 821 ἐπαίνων

1199 842 1293 882 ὑμῶν
1309 842 1558 882 καταμαθόντες,
1574 843 1629 883 τήν
1645 855 1676 874 τε
1692 842 1842 878 διάθεσιν,
1864 843 1902 882 ἢν
1918 841 1999 882 πρὸς

1200 894 1284 934 ἡμᾶς
1300 894 1414 933 φέρεις,
1434 894 1623 934 ἀπέγνωμεν
1639 894 1692 924 καὶ
1709 894 1799 928 ὅπως
1815 893 1896 934 πρὸς
1915 894 2001 934 ἡμᾶς

1200 945 1341 985 εὐσεβῶς
1367 945 1421 976 καὶ
1452 945 1550 985 ὑγιῶς
1578 946 1739 977 διάκεισαι.
1789 945 1833 976 Εἰ
1860 945 1896 976 τὰ
1924 946 2000 986 ἔργα

1200 1000 1254 1037 τῆς
1276 997 1430 1031 πολιτείας
1455 998 1548 1037 ἡμῶν
1569 997 1651 1038 πρὸς
1674 997 1746 1032 τοὺς
1769 997 1918 1032 ἐπαίνους
1945 998 2002 1031 οὓς

1201 1049 1345 1088 ἔγραψας
1368 1049 1411 1083 εἷς
1433 1049 1517 1088 ἡμᾶς
1541 1049 1752 1091 διαφέρονται,
1781 1049 1813 1080 ἒν
1836 1048 2002 1089 θνητότητι

1202 1099 1262 1139 γὰρ
1291 1099 1344 1129 καὶ
1373 1101 1548 1141 τρεπομένῃ
1579 1101 1671 1141 φύσει
1698 1101 1752 1132 τὸν
1778 1101 1849 1141 βίον
1879 1101 2003 1140 ἔχοντες

1203 1151 1241 1181 οὐ
1272 1151 1356 1182 πάνυ
1386 1151 1420 1182 τὸ
1453 1152 1584 1192 βέβαιον
1612 1153 1645 1184 ἒν
1675 1156 1738 1187 τοῖς
1772 1153 1909 1186 ἐπαίνοις
1939 1155 2004 1186 τοῖς

1202 1203 1310 1237 καλοῖς
1338 1204 1453 1243 ἔχομεν
1476 1204 1529 1234 καὶ
1559 1205 1723 1245 δειλιῶμεν
1748 1205 1801 1236 καὶ
1831 1207 1876 1244 τῷ
1906 1203 2003 1244 φόβῳ

1203 1254 1404 1294 συνεχόμεθα
1433 1258 1488 1286 τοῦ
1517 1256 1618 1287 πάντα
1652 1257 1823 1297 βλέποντος
1856 1256 1893 1286 τὰ
1928 1256 2002 1286 ὄντα

1203 1305 1379 1346 ὀφθαλμοῦ
1395 1307 1448 1337 καὶ
1464 1307 1649 1348 ἐφορῶντος
1669 1308 1722 1339 καὶ
1744 1308 1779 1339 τὰ
1803 1307 1926 1348 κρυπτὰ
1950 1306 2003 1337 καὶ

1203 1357 1238 1387 τὰ
1269 1357 1407 1397 φανερὰ,
1441 1359 1560 1398 μήπως
1592 1362 1655 1393 τοῖς
1684 1359 1870 1399 ἀνθρώποις
1900 1358 2004 1392 ἄλλως

1204 1409 1416 1449 νομιζόμενοι,
1434 1410 1570 1441 ἐνώπιον
1586 1411 1682 1441 αὐτοῦ
1702 1411 1818 1450 ἑτέρως
1835 1410 2003 1450 ὀφθῶμεν,

1205 1460 1257 1491 καὶ
1287 1461 1353 1491 ἀντὶ
1381 1464 1435 1492 τοῦ
1466 1465 1567 1502 τυχεῖν
1595 1463 1733 1493 ἐπαίνων
1761 1463 1924 1503 ἀληθινῶν
1951 1461 2004 1492 καὶ

1206 1512 1303 1552 δόξης
1324 1513 1530 1554 ἐπιθυμητὴς,
1555 1514 1706 1554 αἰσχύνην
1722 1514 1853 1544 αἰωνίαν
1869 1524 2003 1553 καρπω-

1205 1565 1349 1604 σώμεθα.
1383 1565 1475 1597 Ἆλλὰ
1500 1568 1593 1596 ταῦτα
1617 1566 1910 1606 παραχωρήσωμεν
1926 1565 2006 1599 τέως

1205 1619 1250 1656 τῷ
1273 1616 1308 1647 τὰ
1331 1617 1432 1647 πάντα
1457 1617 1551 1648 εἰδότι
1574 1618 1643 1657 θεῷ
1667 1617 1719 1647 καὶ
1741 1617 1825 1657 μηδὲ
1846 1619 1908 1647 τῶν
1927 1617 2004 1657 ἠμε-

1205 1669 1306 1708 τὲρων
1322 1669 1452 1708 ἄγνοιαν
1468 1669 1577 1709 ἔχοντι.
1607 1668 1816 1708 Γινώσκομεν
1833 1668 1893 1708 γὰρ
1910 1667 2005 1699 αὐτὸν

1205 1720 1350 1759 λέγοντα·
1378 1719 1433 1755 ,ξο
1455 1720 1551 1759 ὑψῶν
1574 1720 1686 1751 ἑαυτὸν
1709 1721 2005 1761 ταπεινωθήσεται.“

1264 1771 1431 1810 ’Ἐγραψας
1454 1772 1538 1811 ἡμῖν,
1563 1771 1608 1802 ὅτι
1630 1772 1649 1811 ἡ
1674 1771 1829 1812 ἁγιωτάτη
1847 1774 1902 1802 τοῦ
1923 1771 2003 1803 θεοῦ

1206 1821 1588 1853 Κωνσταντινουπολιτῶν
1611 1823 1760 1863 ἐκκλησία
1786 1823 1818 1854 ἕν
1842 1823 1891 1854 σοὶ
1914 1835 2003 1854 συνε-

1206 1874 1337 1914 φώνησε
1360 1874 1413 1904 καὶ
1429 1875 1568 1914 συνῆλθὲ
1591 1887 1640 1906 σοι
1662 1875 1716 1905 καὶ
1739 1875 1783 1906 ὅτι
1804 1874 1858 1905 τὸν
1876 1875 2004 1915 θρόνον,

1207 1925 1243 1955 ὃν
1271 1925 1457 1967 ἕστερήθης,
1492 1926 1661 1966 ἀπέλαβες,
1697 1927 1732 1961 ὃς
1759 1925 1798 1966 ἧν
1827 1926 1906 1961 ἴδιός
1938 1939 2005 1958 σου.

1203 1977 1300 2017 ’Υπὲρ
1316 1978 1446 2013 τούτων,
1460 1978 1543 2018 λέγω
1561 1978 1599 2018 δὴ
1617 1982 1670 2019 τῆς
1686 1979 1852 2019 ἐκκλησίας
1867 1978 1929 2009 καὶ
1944 1981 2007 2019 τῆς

1208 2029 1548 2064 ἀποκαταστάσεως
1571 2042 1653 2066 σου,
1681 2031 1724 2070 ἣν
1748 2031 1799 2064 εἷς
1820 2029 1884 2061 τὸν
1908 2030 2007 2061 ἴδιον

1207 2081 1350 2121 θρόνον
1373 2082 1565 2122 κατέστης,
1589 2082 1658 2121 θεῷ
1683 2081 1737 2122 τὴν
1760 2082 1957 2122 εὐχαριστίαν
1973 2082 2006 2117 ἒξ

1207 2133 1283 2173 ὅλης
1300 2136 1406 2174 ψυχῆς
1421 2133 1475 2164 καὶ
1491 2133 1661 2173 δυνάμεως
1677 2133 1915 2173 ἀνεπέμψαμεν,
1942 2133 2007 2163 'En

1209 2184 1243 2215 δὲ
1265 2187 1400 2224 περιεῖχε
1423 2183 1458 2214 τὸ
1482 2184 1615 2224 γράμμα
1638 2186 1692 2224 τῆς
1716 2184 1810 2223 ὑμῶν
1834 2184 2006 2225 εὐλαβείας,

1208 2236 1253 2266 ὅτι
1277 2237 1307 2266 οἱ
1329 2235 1561 2276 ἀποκρισιάριοι
1584 2236 1679 2275 ἡμῶν
1700 2235 1824 2269 εὐθέως
1847 2236 1906 2266 οὐκ
1928 2236 2005 2276 ἠθέ-

1209 2288 1307 2328 λησαν
1324 2287 1600 2327 συλλειτουργῆσαί
1615 2299 1672 2322 σοι,
1693 2287 1747 2317 καὶ
1766 2287 1899 2327 λέγομεν
1915 2289 2006 2318 τοῦτο

1210 2340 1369 2380 συμβῆναι
1393 2339 1443 2369 διὰ
1472 2338 1505 2369 τὸ
1528 2339 1572 2379 μὴ
1597 2341 1830 2378 παραχωρῆσαι
1858 2339 1956 2379 ἡμᾶς,
1987 2339 2007 2369 ἃ

1210 2391 1448 2431 προσετάξαμεν
1463 2393 1591 2431 ποιῆσαι
1607 2389 1729 2424 αὐτοὺς.
1756 2389 1842 2420 Ἐπεὶ
1862 2390 1881 2430 ἡ
1899 2389 2005 2430 ἐντολὴ

1210 2444 1304 2483 ἡμῶν
1341 2442 1513 2482 προῆλθεν,
1553 2441 1656 2476 οὐδεὶς
1694 2442 1733 2472 ἂν
1767 2440 1938 2481 δισταγμὸς
1975 2441 2007 2471 ἒν

463 2558 486 2589 a)
504 2559 650 2591 legentibus
669 2558 700 2582 R.
771 2556 795 2589 b)
815 2566 880 2582 corr.
895 2566 925 2582 ex
944 2561 1060 2583 uestrum
1080 2558 1111 2583 R.

362 2609 415 2626 ra&
434 2601 465 2625 R.
566 2600 586 2633 ¹)
606 2596 853 2632 (Qffi——eouvenire
871 2600 898 2624 in
915 2608 969 2625 ras.
987 2600 1019 2625 R.

361 2643 379 2676 i)
398 2653 465 2669 corr.
479 2652 508 2669 eo:
527 2643 674 2675 διαμενοίας
693 2644 781 2668 Ηανά.

1183 2557 1205 2589 c)
1224 2567 1242 2582 u
1260 2559 1287 2582 in
1305 2566 1358 2583 ras.
1377 2558 1409 2583 R.

1115 2599 1140 2633 g)
1160 2601 1187 2625 ἱη
1204 2610 1257 2626 ras.
1276 2602 1310 2626 al.
1328 2609 1397 2626 man.
1416 2601 1447 2625 R.

1480 2556 1504 2589 d)
1524 2567 1540 2582 n
1559 2566 1625 2582 corr.
1639 2566 1669 2582 ex:
1687 2566 1711 2582 m
1730 2557 1762 2582 R.
1835 2557 1857 2589 θ)
1875 2557 1960 2581 humi·
1980 2557 2008 2581 in

1542 2600 1567 2633 h)
1587 2601 1679 2626 excidit
1696 2599 1755 2625 δέον
1774 2603 1818 2624 aut
1837 2600 1918 2624 simile
1937 2599 2006 2631 quid.

467 2721 491 2753 1)
511 2720 616 2746 Paulus
634 2720 821 2745 Aozcomtanus
843 2721 866 2744 et
890 2718 1033 2752 Euycm'us
1057 2718 1185 2745 Ostiensis
1209 2719 1333 2752 episcopi,
1360 2719 1437 2753 Zegyati
1460 2719 1593 2745 Iohannis
1611 2719 1689 2745 VIII.
1708 2727 1733 2745 α.
1746 2721 1797 2744 878
1821 2718 2008 2744 Constantino-

359 2763 444 2796 polim
462 2763 536 2788 missi
554 2762 601 2795 (cf.
614 2770 641 2788 n.
656 2765 687 2788 66
696 2762 752 2794 sq),
768 2761 886 2794 primum
904 2770 921 2787 a
935 2761 1036 2788 ΡΙιοιῖο
1051 2764 1113 2794 post
1131 2764 1235 2788 mortem
1249 2762 1353 2796 Iynatii
1371 2771 1388 2788 α
1402 2762 1506 2789 Basilio
1525 2762 1585 2796 imp.
1603 2763 1722 2788 restituto
1739 2769 1792 2788 sese
1810 2761 2007 2793 abstinuerant,

362 2806 398 2839 cf.
420 2805 613 2839 Hermai-other
629 2804 763 2831 ‘Plzotins’
783 2804 824 2837 II,
843 2807 890 2831 313
899 2812 934 2837 sq.

2020 748 2044 767 10

2020 1008 2044 1028 15

2022 1264 2047 1284 20

2023 1520 2047 1539 25

2023 1778 2048 1797 30

2027 2039 2050 2058 35

2025 2296 2050 2314 40

2026 2600 2051 2619 45
