2189 3042
691 177 869 204 IOHANNIS
889 177 963 204 VIII.
983 177 1102 203 PAPAE
1124 176 1322 203 EPISTOLAE
1346 176 1404 203 239.
1424 176 1482 203 240.
1844 179 1903 208 211

258 291 485 317 NOBlLISSIMlS
504 291 592 315 VIRIS
610 291 654 315 AC
673 290 829 314 DILECTIS
853 290 951 314 FlLHS
975 289 1159 320 EGIFREDO,
1179 289 1334 320 SUPPONI,
1356 289 1535 318 ERIPALDO,
1555 290 1713 314 BERARDO
1734 290 1909 314 BONIFATII

679 333 771 357 FILIO
793 333 835 356 ET
855 332 1057 357 COTEFREDO
1081 332 1256 356 GLORIOSIS
1280 331 1490 356 COMITIBU81.

368 387 512 418 Scientes
542 387 687 427 profecto
719 397 772 426 ea,
801 392 882 428 quea
904 387 1073 428 sagacitati
1096 388 1200 426 vestre
1225 386 1468 425 committimus,
1497 396 1552 417 vos
1576 397 1633 427 pro
1657 397 1767 417 amore
1790 387 1852 418 Dei
1877 392 1910 419 et

258 442 440 469 sanctorum
464 438 643 478 principum
669 437 933 479 [apostolorumP'
957 439 1138 468 reverentia
1168 440 1340 478 nostraque
1366 437 1537 468 dilectione
1567 438 1620 478 pio
1651 438 1766 469 mentis
1790 438 1909 470 affeetu

225 502 235 520 ε
256 489 426 530 perficere,
457 488 531 519 ideo
559 499 617 529 pro
641 492 733 529 parte
759 488 965 529 dilectissime
995 499 1031 519 ac
1056 488 1207 529 spiritalis
1230 489 1293 529 filie
1318 491 1424 529 nostre
1448 489 1656 529 Angclberge
1681 491 1837 531 auguste2
1859 491 1909 522 his

257 540 457 580 apostolatus
487 540 586 570 nostri
616 540 731 570 litteris
763 540 898 579 gloriam
923 543 1061 570 vestram
1093 550 1289 580 magnopere
1315 540 1540 581 deprecamur,
1571 544 1606 571 ut
1634 542 1774 572 omnium
1802 553 1908 573 rerum

257 591 357 632 ipsius
385 590 578 631 ubicumque
610 590 850 621 consistentium
881 600 989 621 cumin
1023 594 1055 621 ct
1083 591 1329 622 sollicitudinem
1362 592 1536 622 maximam
1560 592 1718 633 habeatis,
1752 596 1909 634 quatenus

257 645 362 674 vestro
387 642 535 683 prudenti
565 641 696 672 consilio
721 642 906 682 ingentique
935 642 1055 672 solacio
1089 643 1156 673 eius
1187 643 1293 672 onmia
1321 643 1410 673 salva
1441 646 1474 674 et
1500 643 1704 683 indiminuta,
1736 654 1847 675 secura
1877 648 1910 675 et

259 693 392 724 defensa
416 693 598 733 consistant,
622 693 667 723 ita
690 703 766 723 sane
790 696 825 723 ut
847 693 926 722 nulli
950 692 1081 723 easdem
1105 703 1155 723 res·
1178 693 1330 724 invadere
1356 704 1392 724 ac
1417 694 1595 734 depredare
1620 695 1743 732 sinatis;
1779 697 1853 737 quia
1877 700 1909 727 et

215 757 240 776 10
258 755 315 776 nos
345 755 432 785 eum,
465 744 518 785 qui
548 744 655 775 facere
688 744 739 774 vel
770 743 898 774 favere⁰
922 743 1052 774 facienti
1084 745 1330 784 presumpserit,
1363 745 1497 785 spiritali
1531 746 1640 786 procul
1673 747 1769 777 (lubio
1801 747 1908 788 gladio

257 796 438 834 feriemusd,
462 799 618 837 quatenus
642 805 683 826 ex
699 795 759 826 hoc
783 798 816 826 et
838 805 895 825 nos
918 795 1093 825 seeundum
1117 795 1270 825 collatum
1294 795 1386 825 nobis
1404 795 1553 827 (livinitus
1577 798 1787 837 apostolicum
1804 799 1907 839 inagi-

258 848 388 879 sterium
413 847 526 888 dignas
553 849 650 888 atque
674 846 867 887 multiplices
894 846 1070 876 nobilitatie
1093 849 1197 886 vestre
1221 847 1341 887 gratias
1365 847 1543 878 habeamus
1567 848 1794 880 benedicentes
1818 850 1908 881 vobis

257 900 343 929 omni
360 898 584 929 benedictione
608 898 744 939 spiritali
767 898 799 928 in
815 897 941 929 Christo
959 898 1034 929 Iesu
1051 897 1179 928 domino
1203 900 1312 928 nostro
1338 901 1369 928 et
1386 901 1489 939 vestre
1514 899 1589 930 fidei
1610 900 1780 931 laudabilis
1804 912 1912 932 rumor

257 961 316 991 per
339 960 394 981 ora
410 949 552 980 fidelium
578 959 706 990 semper
722 949 842 990 ubique
865 952 994 980 resonet
1017 949 1058 980 ad
1075 948 1302 990 augmentumf
1319 952 1425 989 vestre
1444 953 1600 990 perpetue
1616 953 1910 983 remunerationis&

216 1027 238 1045 15
362 1019 456 1043 DATA
475 1020 520 1043 UT
539 1019 655 1044 SUPRA.

1052 1207 1124 1237 240.

367 1274 524 1306 Iohannes
535 1275 629 1306 VIII.
641 1286 731 1315 papa
748 1275 969 1306 Theotmmwn
985 1274 1252 1314 archiepiscopium
1268 1274 1567 1316 (Salisbmyensem)
1583 1279 1692 1313 monet,
1716 1279 1751 1307 nt
1766 1288 1804 1308 ex
1817 1282 1912 1317 parte

260 1325 494 1357 Karolomcmni
516 1327 597 1366 reyis
619 1327 753 1358 Romam
778 1327 904 1358 tandem
921 1329 1077 1366 properet.
1620 1328 1661 1358 87
1663 1330 1682 1358 9
1706 1328 1825 1369 (Oct.)3

375 1394 454 1420 cod„-
480 1395 507 1421 R
524 1397 545 1428 f.
558 1398 601 1421 94*
620 1404 647 1422 n.
661 1399 716 1421 242.

364 1445 449 1472 Eam..-
477 1445 571 1472 Editio
585 1446 711 1472 Romana
723 1446 808 1479 (1591)
822 1446 879 1478 111,
893 1449 942 1472 462
959 1448 1050 1472 n.236.
1081 1445 1177 1472 Mansa
1197 1445 1275 1472 Cone.
1289 1446 1346 1472 coll.
1365 1446 1463 1478 XVII,
1476 1450 1522 1472 174
1542 1454 1567 1472 n.
1579 1449 1635 1473 236.
1667 1447 1760 1481 Miqne
1779 1448 1853 1474 Patr.
1867 1449 1911 1476 lat.

218 1495 243 1514 20
266 1488 350 1514 CXX
356 1488 404 1521 VI,
421 1492 471 1515 896
488 1497 516 1515 n.
529 1492 585 1515 280.
606 1504 638 1507 —
658 1489 735 1520 Jaffe
754 1489 816 1522 Rey.
829 1491 895 1515 3296
913 1489 1008 1522 (2527).

261 1579 557 1605 REVERENTISSIMO
576 1581 619 1604 ET
638 1580 860 1605 SANCTISSIMO
879 1580 1070 1604 TEUTMARO
1088 1579 1377 1604 ΑΗΟΗΙΕΡΙΞΟΟΡΟ4
1395 1580 1544 1605 DILECTO
1563 1581 1755 1607 CONFRATRI
1774 1584 1912 1609 NOSTRO.

371 1638 459 1670 Sicut
492 1639 583 1670 nobis
614 1639 749 1671 dilectus
783 1650 819 1671 ac
849 1640 1000 1680 spiritalis
1029 1639 1111 1670 filius
1142 1642 1250 1670 noster
1273 1639 1553 1671 Karolomannusa
1576 1641 1733 1681 gloriosus
1763 1653 1820 1673 rex
1849 1644 1912 1674 suis

261 1691 359 1731 regiis
383 1690 502 1722 direxit
525 1691 668 1732 apicibus
679 1693 700 1731 ⁵,
729 1694 764 1722 ut
786 1702 842 1722 vos
871 1691 911 1722 ad
934 1695 1076 1722 nostram
1100 1691 1310 1732 apostolicam
1335 1692 1445 1722 venire
1471 1691 1683 1723 debuissetisb
1706 1695 1912 1734 presentiam,

262 1744 404 1773 vestrum
435 1742 570 1773 cotidie⁰
600 1744 814 1784 prestolantes
844 1742 1018 1774 adventum
1048 1743 1214 1782 miramur,
1251 1753 1305 1773 cur
1336 1745 1462 1773 tantum
1495 1744 1672 1774 moremini.
1730 1745 1797 1775 Nos
1827 1747 1911 1777 enim

219 1803 243 1822 25
262 1793 415 1824 almitatis
450 1797 482 1825 et
513 1794 681 1835 prudentie
710 1798 813 1836 vestre
844 1794 975 1826 favored
1001 1795 1119 1836 repleti
1151 1794 1386 1826 fraternitatem
1416 1798 1555 1826 vestram
1586 1796 1639 1836 pio
1669 1796 1814 1837 cupimus
1848 1798 1912 1828 iam

263 1846 493 1886 contemplariss
515 1846 639 1878 intuitu.
678 1845 772 1878 Unde
796 1847 844 1877 his
867 1847 982 1878 nostris
1005 1846 1189 1888 apostolicis
1211 1847 1326 1877 litteris
1350 1857 1407 1877 vos
1431 1857 1598 1878 monemus
1623 1850 1656 1878 et
1680 1848 1911 1889 exhortamurf,

261 1900 297 1928 ut
312 1897 425 1928 libenti
449 1897 491 1928 ad
513 1908 571 1928 nos
594 1898 700 1929 animo
717 1908 892 1940 properare
917 1898 1108 1929 omnimodis
1125 1898 1291 1938 studeatis,
1316 1902 1473 1940 quatenus
1497 1909 1560 1929 una
1576 1899 1761 1931 vobiscumg
1778 1910 1826 1940 ea,
1851 1912 1911 1942 que

264 1951 371 1988 sancte
395 1948 458 1979 Dei
482 1948 615 1990 ecclesie
640 1949 732 1980 utilia
755 1953 837 1989 sunt,
862 1952 956 1991 prout
979 1960 1111 1981 necesse
1135 1949 1240 1990 fuerit,
1265 1950 1387 1990 pariter
1412 1950 1560 1981 ordinare
1585 1950 1757 1982 valeamus.

366 2018 462 2042 DATA
481 2019 526 2043 UT
544 2019 661 2043 SUPRA.

220 2211 246 2230 3ο
368 2205 426 2231 239.
455 2205 477 2237 a)
497 2214 552 2238 eaq;
570 2206 602 2230 R.
677 2205 702 2238 b)
722 2215 769 2232 om.
783 2207 814 2232 R.
892 2207 914 2239 c)
932 2216 949 2232 v
964 2216 1030 2232 corr.
1045 2216 1076 2232 ex
1094 2208 1110 2232 b
1128 2207 1160 2232 R.
1236 2206 1260 2238 d)
1281 2216 1347 2233 corr.
1361 2216 1391 2232 ew
1410 2209 1515 2233 ferimus
1533 2208 1564 2233 R.
1640 2208 1663 2239 e)
1682 2210 1698 2234 b
1718 2218 1783 2234 corr.
1797 2218 1826 2234 ex
1844 2218 1861 2234 u
1881 2209 1912 2234 R.

263 2247 282 2280 f)
301 2257 367 2274 corr,
380 2257 410 2274 ex
429 2253 577 2282 agmentum
595 2249 627 2273 R.
715 2250 740 2281 8)
759 2251 874 2275 -rationis
893 2251 920 2275 in
938 2259 990 2275 ras.
1010 2250 1041 2275 R.

368 2308 426 2335 240,
454 2309 476 2339 ²²)
494 2311 686 2335 Karolomanno
705 2310 738 2334 R.
827 2309 852 2341 b)
869 2311 981 2342 primum
1001 2311 1009 2335 i
1028 2319 1094 2336 corr.
1113 2319 1143 2335 ex
1162 2319 1175 2335 e
1194 2311 1225 2336 R.
1315 2311 1336 2341 ὓ)
1356 2311 1371 2335 (1
1390 2311 1452 2335 add.
1472 2319 1552 2343 supra
1570 2315 1628 2336 -ot-
1648 2312 1678 2336 R.
1768 2310 1792 2344 d)
1811 2321 1827 2336 v
1846 2320 1912 2337 corr.

264 2360 295 2376 eoe
312 2353 328 2376 b
347 2352 378 2376 R.
468 2352 489 2384 e)
508 2353 691 2386 contempplari
709 2353 741 2378 R.
829 2352 847 2384 ἵ)
867 2357 1014 2378 exortamur
1032 2353 1064 2378 R.
1135 2351 1160 2385 8)
1179 2353 1313 2378 nobiscum
1332 2353 1364 2377 R.

370 2441 395 2473 1)
414 2440 443 2466 Ε
458 2440 554 2474 quibus
572 2441 683 2466 nonnisi
700 2441 731 2467 (le
749 2441 873 2467 Ber-ardo
891 2441 961 2467 (thas
978 2441 1102 2468 habemus
1122 2441 1240 2468 notitias.
1277 2441 1365 2467 Ηαιιτῐ
1383 2441 1461 2467 (lubic
1482 2442 1551 2467 enim
1574 2441 1611 2467 ad
1633 2442 1766 2475 familiam
1789 2441 1913 2467 comitum

222 2489 246 2508 35
265 2483 441 2516 Lucensium,
464 2484 511 2517 qui
525 2486 618 2516 postea
636 2484 800 2510 marchiones
822 2484 933 2510 Tusciae
951 2485 1098 2516 extiterunt,
1117 2485 1241 2517 pertinet,
1260 2484 1335 2516 filius
1353 2492 1443 2517 nempe
1462 2484 1605 2516 Bonifacii
1624 2484 1663 2510 ΙΙ.
1685 2483 1784 2509 comitis
1802 2483 1830 2517 (†
1842 2484 1912 2516 884),

265 2526 300 2558 cf.
315 2526 453 2552 Dammler
471 2527 486 2552 l.
500 2527 516 2553 l.
530 2526 583 2552 III
586 2528 604 2559 ²,
623 2530 675 2553 208
698 2530 789 2553 annot.
804 2532 832 2560 1,
855 2527 1020 2561 Hos'nzeister
1037 2527 1139 2553 ‘Mittla
1157 2527 1183 2553 d.
1197 2527 1273 2553 Inst?
1291 2527 1307 2553 l.
1327 2527 1342 2553 Ζ.
1359 2535 1386 2560 p.
1400 2530 1457 2553 290.
1477 2542 1509 2545 —
1537 2527 1630 2560 Suppo
1651 2527 1765 2558 sortasse
1788 2526 1860 2558 filius
1878 2528 1912 2551 est

266 2569 403 2602 Snpponis
421 2569 485 2603 (II.)
503 2570 696 2604 consanyuinei
714 2570 888 2604 Anyilberqae
905 2570 1084 2604 imperatricis
1103 2570 1148 2603 (cf.
1169 2578 1194 2597 n.
1209 2570 1266 2603 116)
1285 2572 1307 2596 et
1325 2569 1393 2595 idem
1411 2578 1443 2595 ac
1462 2569 1556 2603 Suppo
1575 2577 1657 2595 comcs
1674 2569 1798 2599 Taurini,
1818 2568 1865 2601 qui
1881 2568 1913 2593 in

265 2611 427 2638 documentis
444 2621 469 2639 α.
482 2615 544 2639 880.
563 2616 612 2639 881
632 2613 754 2645 occurrit,
775 2615 809 2647 cf.
823 2613 962 2639 Diimmler
975 2614 991 2640 Ζ.
1005 2614 1021 2640 Ζ.
1035 2613 1109 2646 111²,
1127 2617 1157 2639 21
1176 2615 1268 2639 annot.
1282 2617 1295 2638 1
1315 2612 1363 2645 (cf.
1376 2613 1454 2638 etiam
1472 2620 1499 2639 n.
1513 2613 1581 2644 297),
1599 2620 1655 2637 non
1673 2611 1777 2644 quidem
1794 2611 1851 2643 ipse
1869 2610 1912 2635 ille

265 2654 357 2688 Suppo
369 2655 417 2687 11„
436 2657 466 2680 ut
484 2655 560 2682 hahet
574 2655 729 2690 Malaynzzi
744 2656 833 2682 Valeri
845 2656 879 2682 ‘J
890 2655 1058 2689 Snpponidi'
1068 2664 1095 2689 p.
1110 2659 1147 2688 12,
1166 2664 1229 2681 nam
1247 2656 1328 2681 istum
1346 2663 1371 2680 α.
1386 2658 1435 2681 879
1452 2655 1506 2680 iam
1525 2657 1659 2680 mortmmi
1674 2654 1755 2685 sitisse
1774 2660 1805 2678 em
1822 2661 1850 2678 n.
1864 2656 1913 2678 212

222 2704 248 2723 4ο
266 2697 315 2730 (cf.
329 2706 358 2731 p.
374 2701 418 2723 191
441 2701 533 2724 annot.
550 2699 576 2731 3)
596 2701 676 2731 patet.
781 2699 807 2732 2)
832 2698 873 2730 Cf,
892 2707 919 2725 n.
937 2702 997 2725 238.
1103 2699 1129 2731 3)
1152 2698 1194 2724 De
1215 2701 1326 2731 tempore
1348 2697 1430 2723 huius
1453 2699 1475 2722 ct
1499 2697 1628 2729 sequentis
1652 2696 1772 2728 epistotae
1796 2696 1830 2727 cf.
1847 2694 1910 2720 NA.

268 2740 417 2772 XXXVI,
438 2743 482 2767 153
500 2743 592 2767 annot.
606 2745 630 2767 5.
717 2742 743 2772 4)
763 2741 973 2775 Salisburyensi;
991 2741 1021 2767 de
1038 2749 1090 2774 quo
1107 2741 1140 2773 cf.
1160 2749 1207 2769 nn.
1221 2745 1261 2773 64,
1279 2744 1316 2767 65.
1406 2740 1432 2772 5)
1455 2740 1530 2772 Quae
1547 2747 1603 2765 non
1620 2740 1731 2764 exstant.
1762 2737 1804 2763 De
1821 2736 1911 2762 eadem

270 2783 423 2809 leeotmari
442 2784 572 2817 legatione
590 2784 645 2810 iam
662 2784 693 2810 in
711 2792 749 2817 cp.
762 2792 789 2810 n.
805 2788 852 2811 186
870 2785 914 2818 aqi
932 2784 1044 2816 videtur,
1064 2785 1098 2817 cf.
1113 2792 1142 2817 p.
1157 2788 1204 2810 149
1222 2786 1314 2809 annot.
1331 2786 1353 2808 2.

1657 2831 1705 2857 27*

1922 860 1949 881 cf.
1965 859 2021 885 Eph.
2033 862 2052 884 1,
2063 861 2082 879 3.
