2189 3042
589 186 817 212 FRAGMENTA
837 186 1004 213 REGISTRI
1028 187 1206 214 IOHANNIS
1225 188 1300 215 VIII.
1319 189 1437 215 PAPAE
1460 190 1500 216 15.
1520 190 1560 216 16.
1838 194 1896 224 281

483 287 657 312 IOHANNES
678 286 860 311 EPISCOPUS
883 287 1030 312 DILECTO
1049 288 1139 312 FILIO
1158 289 1335 313 HLUDOICO
1354 290 1522 314 GLORIOSO
1541 289 1667 315 REGI&

361 343 404 380 (l)
429 341 537 372 Inter
560 344 697 381 cetera.
744 341 852 372 Multis
884 351 921 372 ao
950 342 1044 372 variis
1073 342 1315 384 manifestisque
1346 343 1516 384 prudentIa
1546 348 1600 376 tua
1629 346 1748 386 poterit
1776 346 1901 377 indiciis

252 392 546 433 comprehendere-‘²
564 392 781 423 Pannonicam
806 392 947 423 diocesin
971 393 1011 424 ab
1036 393 1111 424 olim
1136 395 1310 435 apostolice
1335 395 1419 426 sedis
1443 395 1540 427 fuisse
1564 396 1739 438 privilegiis
1764 397 1900 438 deputa-

251 446 332 483 tam,
362 444 387 474 si
415 443 500 484 apud
524 443 750 474 excellentiam
777 446 864 474 tuam
888 444 1007 474 iustitia
1031 444 1093 475 Dei
1116 445 1235 485 locum,
1264 445 1345 476 sicut
1369 445 1477 486 decet,
1508 447 1673 479 invenerit.
1720 448 1791 479 Hoc
1816 450 1900 480 enim

218 505 230 524 5
251 494 417 535 synodalia
440 497 532 535 gesta
555 494 706 533 indicant⁷
729 494 808 525 hocb
832 495 950 536 ystorie
975 496 1153 537 conscripto
1178 496 1428 528 demonstrant2.
1466 498 1586 529 Verum
1612 499 1686 539 qnia
1710 499 1900 540 quibusdam

250 545 413 576 hostilium
430 545 647 576 turbationum
665 546 880 576 simultatibus
902 547 1152 587 impedientibus
1175 547 1249 578 illuc
1272 547 1312 578 ab
1333 549 1510 589 apostolica
1533 549 1609 581 sede
1633 561 1696 581 non
1713 554 1762 581 est
1786 551 1839 582 diu
1861 562 1901 582 ex

249 607 339 628 more
363 596 503 627 directus
526 597 688 636 antistes³‚
712 597 772 628 hoc
795 598 881 638 apud
904 598 1033 639 ignaros
1057 599 1144 630 venit
1167 599 1196 629 in
1222 599 1364 630 dubium.

360 648 405 689 (2)
428 647 475 678 Et
498 647 649 679 infra**.
688 648 792 679 Nemo
810 653 936 680 auteme
954 650 993 681 de
1012 660 1167 681 annorum
1192 651 1345 681 numerod
1363 651 1539 682 resultandi
1564 656 1669 683 sumat
1692 653 1900 694 fomentum4‚

251 700 325 740 quia
349 702 475 739 sanctee
490 699 662 739 Romaness
687 700 737 730 cui
760 699 831 731 Deo
861 704 1012 732 auctores
1036 702 1202 741 servimus,
1227 701 1382 742 ecclesieh
1408 702 1604 744 privilegiai,
1629 714 1690 745 que
1714 704 1765 735 ink
1789 705 1901 736 firmak

207 760 232 779 ιο
250 750 353 781 Petri1
376 750 558 781 stabilitatis
582 753 674 791 petra
697 752 846 792 suscepit,
871 751 964 782 nullis
981 752 1177 792 temporibus
1194 755 1444 794 angustantur-m,
1468 754 1562 784 nullis
1583 765 1754 795 regnorum
1770 756 1900 796 partici-

251 801 386 832 onibusn
416 801 684 842 preiudicantur0.
731 801 795 833 Sed
826 806 878 833 etv
901 803 1084 834 venerande
1109 803 1254 835 Romane
1279 804 1369 845 leges
1395 805 1545 836 divinitus
1568 812 1646 847 perq
1674 817 1729 837 ora
1760 808 1901 847 piorumr

250 853 429 894 principum
446 853 670 895 promulgate⁵
686 863 792 885 rerum
810 855 877 885 eius
894 855 1175 895 presc1·iptionen1³
1191 855 1315 885 nonnisi
1332 857 1421 896 postt
1438 860 1565 887 centum
1582 867 1681 887 annos
1698 857 1899 889 admittunt&

1056 1002 1102 1031 16.

357 1054 516 1085 Johamzes
539 1053 637 1086 VIII.
661 1065 753 1094 papa
775 1055 1050 1086 Karolomamzum
1079 1055 1182 1094 filium
1210 1055 1364 1087 Laclooici
1388 1056 1605 1097 (Germanici)
1635 1058 1715 1097 reglis
1744 1058 1900 1097 hortatur,

249 1107 286 1136 ut
309 1105 507 1136 DIethoclium
530 1104 631 1143 libere,
655 1116 735 1145 quae
757 1106 892 1145 episcopi
913 1109 997 1144 sant,
1021 1106 1057 1137 in
1080 1105 1254 1137 Pannonia
1275 1116 1380 1146 yerere
1402 1107 1498 1140 sinat.
1612 1108 1691 1147 (373
1714 1107 1814 1148 Mai.)

209 1172 231 1190 15
356 1164 419 1190 Coll.
433 1173 505 1192 cam:
533 1165 560 1190 B
578 1165 622 1191 lib.
635 1165 655 1191 Ι
670 1173 690 1191 c.
705 1168 754 1191 241
772 1166 842 1199 (194)
862 1165 910 1198 (ecl.
927 1165 1095 1191 Mart'inacci
1111 1168 1217 1198 p.130;
1242 1165 1320 1197 Wolf
1335 1174 1356 1192 r.
1372 1165 1496 1192 Glaucen
1511 1174 1538 1199 p.
1554 1168 1621 1200 140).

352 1216 441 1242 Edd.:
471 1216 564 1242 Timon
582 1216 678 1250 Imago
697 1217 823 1249 animae
837 1216 998 1249 Hanqariae
1013 1220 1102 1249 9143
1121 1225 1133 1242 e
1151 1216 1206 1242 cod.
1222 1216 1278 1242 Vae.
1293 1217 1338 1242 lat.
1353 1220 1418 1243 4886
1436 1225 1456 1243 S.
1472 1217 1571 1244 XVII.
1586 1233 1616 1237 —-
1631 1218 1758 1253 ›S'alayius
1772 1219 1812 1245 De
1828 1222 1902 1245 statu

247 1259 367 1285 ecclesiae
387 1259 560 1285 Pannonicae
582 1259 625 1285 lib.
638 1259 685 1285 IV
699 1267 720 1285 c.
737 1262 751 1284 7
766 1267 793 1285 n.
808 1262 837 1285 19
861 1260 890 1291 (t.
904 1259 954 1292 IV,
976 1261 1095 1292 440),e:c
1119 1259 1268 1285 Bonizonis
1291 1259 1402 1286 decreto.
1423 1275 1457 1279 —
1483 1260 1561 1292 Fejer
1583 1261 1644 1288 Cod.
1657 1261 1720 1293 dipl.
1740 1262 1902 1296 Hmiyariae

249 1302 272 1335 1,
291 1306 346 1328 196.
366 1317 399 1321 -
417 1301 522 1328 Boczek
542 1301 606 1328 Ood.
619 1301 683 1334 dipl.
699 1302 836 1328 Moraviae
854 1302 878 1334 1,
899 1305 931 1328 36
950 1310 976 1328 η.
991 1306 1031 1328 52.
1051 1317 1084 1321 -
1104 1302 1200 1327 Ginzel
1215 1302 1321 1328 ‘Gesch.
1336 1302 1361 1329 ol.
1375 1302 1592 1336 Slawenapostel'
1605 1312 1633 1336 p.
1646 1308 1684 1330 57.
1705 1319 1736 1322 —
1759 1304 1901 1331 Friedrich

250 1345 312 1372 Cocl.
326 1345 392 1379 dipl.
411 1347 434 1371 et
451 1346 526 1378 epist.
544 1345 619 1378 reqni
637 1345 780 1371 Boliemiae
797 1344 823 1377 I,
842 1348 873 1371 10
890 1353 916 1370 n.
931 1349 969 1370 14.
991 1359 1022 1363 —
1044 1344 1121 1378 Rea:
1141 1344 1217 1376 Jaffe'
1236 1345 1301 1379 Rey.
1318 1348 1379 1371 2971
1400 1347 1495 1379 (2258).

205 1440 230 1458 20
306 1433 478 1458 IOHANNES
500 1432 682 1457 EPISCOPUS
700 1432 868 1457 GLORIOSO
887 1432 967 1456 VIRO
986 1432 1247 1457 KAROLOMANNO
1265 1432 1404 1456 DILECTI
1427 1433 1509 1456 FILII
1533 1433 1654 1457 NOSTRI
1678 1434 1845 1459 HLUDOICI

955 1471 1054 1495 REGIS
1077 1471 1195 1496 FILIO⁷.

356 1513 461 1544 Inter
484 1516 620 1544 cetera.
666 1512 781 1553 Itaque
804 1511 930 1542 reddito
955 1521 992 1542 ac
1015 1512 1165 1543 restituto
1190 1512 1280 1543 nobis
1297 1512 1570 1544 Pannoniensium
1594 1514 1782 1554 episcopatu
1805 1514 1901 1546 liceat

249 1564 394 1606 predicto
422 1564 512 1595 fratri
539 1567 646 1595 nostro
670 1563 836 1595 Methodio
847 1563 868 1603 Β,
897 1563 951 1604 qui
980 1563 1044 1594 illic
1073 1574 1092 1594 a
1120 1563 1196 1594 sede
1225 1563 1404 1604 apostolica
1434 1564 1599 1595 ordinatus
1632 1568 1693 1605 est,
1725 1565 1899 1597 secundum

248 1617 386 1657 priscam
410 1615 673 1647 consuetudinem
696 1615 808 1655 libere,
832 1625 893 1656 que
917 1618 989 1645 sunt
1013 1615 1166 1656 episcopi,
1191 1625 1315 1656 gerere.

205 1767 229 1787 25
358 1757 382 1788 ἃ)
402 1756 511 1782 Lemma
537 1756 567 1781 in
593 1755 615 1782 C
639 1759 701 1782 ante
727 1756 797 1782 hane
824 1757 1034 1789 inscriptionem:
1066 1756 1144 1786 Quod
1172 1756 1332 1783 Pannonica
1359 1757 1476 1783 diocesis
1505 1758 1643 1791 deputata
1671 1760 1713 1784 est
1742 1759 1899 1793 privilegiis

402 1799 575 1833 apostolicae
594 1799 674 1826 sedis.

339 1842 383 1875 *ἢ
403 1842 594 1875 &perscriptio
611 1843 642 1868 in
655 1843 694 1868 A:
714 1842 854 1869 Ludovico
873 1842 941 1877 regi.
974 1843 1008 1868 In
1023 1843 1052 1868 E
1068 1846 1091 1869 et
1107 1842 1170 1869 Coti.
1183 1843 1280 1869 Olom.:
1300 1843 1375 1869 Idem
1389 1842 1531 1869 Ludovico
1551 1843 1618 1878 regi.
1650 1843 1729 1875 Quod
1748 1843 1899 1878 privilegia.

404 1886 527 1920 Romane
546 1885 662 1920 ecclesie
681 1885 765 1911 nullis
778 1885 950 1919 temporibus
969 1887 1156 1920 angustantur
1175 1887 1204 1912 et
1217 1886 1290 1919 quod
1304 1886 1428 1920 Romane
1443 1886 1518 1920 leges
1537 1894 1627 1912 rerum
1647 1886 1706 1912 eius
1720 1886 1898 1921 proscriptio-

404 1937 467 1955 nem
489 1928 598 1954 nonnisi
622 1930 685 1962 post
711 1930 822 1954 centum
846 1937 932 1955 annos
958 1928 1119 1955 admittunt.
1162 1929 1197 1954 1η
1219 1928 1255 1954 G:
1285 1929 1437 1962 Privilegia,
1463 1929 1604 1955 Romanae
1628 1929 1763 1956 ecelesiae
1788 1929 1898 1956 nonnisi

206 1982 230 2000 30
404 1973 515 1998 centum
534 1980 667 1998 annorum
686 1971 890 2005 prescriptione
909 1971 1056 1998 tolluntur.

350 2041 390 2066 15.
419 2040 442 2073 a)
461 2042 649 2074 deprehendere
668 2041 695 2066 0.
772 2040 796 2073 b)
815 2050 863 2066 om.
884 2040 911 2066 0.
989 2041 1012 2073 c)
1032 2050 1079 2066 om.
1102 2042 1132 2066 G.
1210 2040 1234 2073 d)
1254 2050 1359 2066 numero
1378 2049 1505 2066 annorum
1527 2041 1586 2066 cod.
1604 2042 1684 2067 Olom.
1768 2042 1790 2073 e)
1809 2048 1897 2067 sancta

246 2084 280 2115 A,
300 2084 326 2114 O,
345 2084 376 2109 G.
464 2083 483 2115 f)
502 2085 583 2109 Roma
602 2083 635 2115 A,
656 2085 769 2109 Romana
790 2083 818 2115 C,
838 2084 868 2109 G.
958 2083 983 2116 ss)
1002 2088 1108 2109 auctore
1127 2085 1181 2109 Deo
1200 2084 1232 2109 E.
1321 2083 1346 2115 l¹)
1368 2085 1477 2115 eeclesia
1496 2084 1529 2115 A,
1551 2084 1577 2115 O,
1598 2085 1628 2110 G.
1717 2084 1736 2116 i)
1755 2085 1897 2117 privilegea

246 2135 294 2152 sua
307 2127 340 2157 A,
358 2127 492 2159 privilegia
510 2135 557 2152 sua
571 2126 597 2151 0.
663 2125 688 2158 k)
707 2128 808 2152 infirma
822 2127 854 2158 A,
872 2128 899 2151 in
912 2128 983 2152 firme
996 2127 1028 2158 B,
1049 2127 1163 2152 infirmae
1178 2127 1204 2152 C.
1271 2126 1288 2158 1)
1308 2130 1379 2160 petre
1394 2127 1426 2158 B,
1446 2131 1531 2159 petrae
1547 2128 1572 2152 C.
1644 2128 1675 2158 m)
1695 2132 1849 2160 angustatur
1863 2128 1895 2158 A,

248 2170 309 2195 Cod.
321 2170 401 2195 Olom.
472 2169 497 2201 ¹³)
516 2170 674 2202 partionibus
693 2170 725 2200 B,
738 2170 768 2194 E.
840 2170 864 2201 0)
883 2171 1059 2203 preiudicatur
1073 2170 1105 2201 A,
1126 2170 1188 2195 Cod.
1205 2170 1284 2195 Olom.
1356 2170 1380 2201 Ρ)
1400 2178 1447 2195 om.
1465 2170 1494 2194 G.
1566 2170 1590 2201 q)
1611 2174 1668 2202 post
1687 2170 1719 2201 E,
1742 2170 1801 2195 Cod.
1816 2171 1895 2195 Olom.

204 2220 228 2239 35
247 2213 268 2245 Τ)
287 2213 399 2246 priorum
417 2212 450 2244 E,
469 2221 516 2237 om.
532 2213 562 2237 G.
650 2212 670 2244 s)
689 2213 895 2245 proscriptionem
915 2213 948 2244 A,
967 2213 999 2244 B,
1018 2213 1050 2244 E,
1072 2213 1131 2238 cod.
1149 2213 1229 2238 Olom.
1317 2212 1336 2244 t)
1356 2221 1399 2245 per
1417 2213 1450 2243 E,
1471 2213 1502 2244 G,
1524 2213 1586 2238 Cocl.
1604 2213 1684 2239 Olom.

351 2281 376 2312 1)
399 2280 566 2305 Germanico.
671 2279 697 2311 2)
719 2279 856 2313 Synodum
876 2279 1028 2306 Romanam
1051 2280 1167 2306 Damasi
1188 2282 1210 2305 el
1234 2280 1372 2312 epistolam
1395 2280 1450 2305 cias
1474 2279 1602 2312 episcopis
1626 2280 1743 2313 Illyricis
1767 2280 1895 2306 directam

247 2323 354 2356 (Mansi
377 2323 436 2354 III,
457 2326 548 2355 459sq.
585 2322 661 2353 Jaffe'
685 2322 747 2355 Rea.
761 2325 809 2348 232
829 2322 899 2356 [55])
922 2322 1031 2354 alludit,
1057 2325 1092 2356 cf.
1111 2330 1194 2355 supra
1216 2331 1243 2348 n.
1257 2326 1303 2355 68,
1325 2330 1355 2355 p.
1375 2326 1407 2348 62
1430 2323 1446 2348 l.
1465 2326 1495 2348 29
1505 2330 1555 2355 sq.‚
1581 2332 1608 2348 n.
1625 2327 1662 2354 71,
1686 2331 1715 2355 p.
1734 2326 1765 2349 66
1788 2323 1803 2349 l.
1818 2327 1849 2348 19
1860 2331 1896 2355 sq.

247 2366 273 2398 3)
293 2365 394 2392 Rerera
416 2366 446 2391 in
467 2368 524 2391 lota
544 2365 707 2391 Pannonica
729 2366 836 2398 reqione
857 2373 923 2392 saec.
939 2366 982 2391 VI
996 2366 1030 2392 ab
1048 2366 1148 2392 Avaris
1170 2368 1298 2398 occupata
1318 2365 1477 2391 Christiana
1499 2365 1594 2399 religio
1617 2373 1699 2398 usqae
1721 2365 1757 2390 acl
1780 2368 1898 2397 tempora

248 2409 347 2434 Karoli
369 2409 467 2442 DIayni
490 2409 605 2434 cessarit.
711 2409 738 2441 4)
761 2408 824 2434 Scil.
847 2408 918 2434 sicat
942 2408 1154 2443 Salisbzlryensis
1177 2409 1334 2442 metropolis.
1374 2408 1415 2440 Cf.
1436 2409 1652 2441 protestationem
1676 2416 1699 2440 q.
1718 2416 1740 2434 r.
1761 2407 1897 2433 Conversio

204 2460 229 2478 40
248 2452 450 2485 Bayoarioram
468 2454 492 2477 et
506 2451 724 2477 Oarantanorum
737 2451 818 2483 (MG.
831 2451 877 2477 SS.
893 2451 946 2484 XI,
961 2453 1016 2485 14).·
1036 2453 1058 2477 A
1073 2454 1197 2485 tempore
1216 2451 1311 2485 igitur,
1325 2460 1379 2485 quo
1393 2451 1459 2478 dato
1479 2453 1507 2478 et
1528 2452 1678 2484 praecepto
1692 2450 1785 2476 domui
1800 2450 1894 2476 Karoli

247 2494 423 2528 imperatoris
443 2494 588 2521 orientalis
607 2494 769 2520 Pannoniae
788 2494 908 2528 populus
933 2503 949 2521 a
969 2495 1169 2522 Iuvavensibus
1192 2495 1252 2529 regi
1275 2494 1370 2528 coepit
1388 2494 1576 2528 praesulibus,
1600 2502 1686 2526 usque
1712 2493 1740 2519 in
1765 2501 1894 2526 praesens

247 2539 357 2571 tempus
376 2539 441 2563 sunt
460 2537 526 2563 anni
545 2538 589 2569 75,
609 2538 682 2571 quod
702 2537 793 2563 nullus
811 2537 958 2571 episcopus
977 2538 1082 2564 alicubi
1101 2538 1214 2564 veniens
1233 2539 1404 2571 potestatem
1424 2537 1525 2564 habuit
1550 2536 1769 2563 ecclesiasticam
1794 2535 1822 2561 iu
1846 2535 1895 2560 illo

247 2580 363 2606 confinio
376 2579 429 2606 nisi
442 2579 657 2613 salzburgenses
675 2582 803 2607 rectores.
827 2580 867 2612 C'f.
881 2581 1018 2606 Dummler
1027 2581 1043 2606 l.
1055 2581 1070 2606 l.
1082 2581 1138 2613 11²,
1153 2584 1202 2607 378
1211 2588 1247 2613 sq.
1318 2581 1344 2611 5)
1361 2580 1401 2612 Cf.
1413 2580 1519 2605 Iuliani
1534 2579 1648 2611 Epitom.
1659 2578 1751 2605 norell.
1763 2582 1787 2611 8,
1801 2583 1813 2603 1
1826 2579 1896 2610 (4205

246 2622 287 2649 De
310 2622 531 2657 praescriptione
554 2625 664 2650 centum
687 2631 819 2649 annorum
844 2623 980 2650 ecclesiae
1004 2625 1179 2657 competente
1204 2623 1344 2650 Romanae
1370 2622 1495 2649 civitatis
1523 2622 1575 2654 (ed.
1596 2621 1698 2647 Haenel
1720 2629 1745 2653 p.
1761 2621 1811 2653 36).
1854 2620 1894 2650 Cf.

203 2673 228 2691 45
248 2665 399 2691 Iustiniani·
417 2665 520 2691 Novell.
533 2665 585 2692 XI.
682 2666 707 2698 6)
730 2666 783 2699 Qui
802 2670 849 2693 100
861 2667 930 2692 anni
951 2670 978 2693 75
990 2667 1072 2692 (mnis
1090 2667 1143 2692 illis
1162 2667 1208 2699 (cf.
1226 2669 1319 2691 (innoc.
1333 2666 1360 2698 4)
1383 2667 1564 2698 opponuntur.
1662 2664 1687 2695 7)
1707 2663 1761 2695 Qui
1783 2662 1845 2688 inde
1863 2663 1896 2687 nl)

247 2716 272 2734 a.
286 2710 338 2734 865
358 2707 516 2733 Baioariam
534 2715 636 2741 regnans,
661 2717 685 2734 a.
699 2712 748 2734 870
769 2709 922 2734 Mmaviam
940 2709 1116 2741 Sventapulco
1135 2708 1199 2734 duce
1217 2709 1247 2733 in
1266 2707 1420 2733 deditionem
1440 2709 1586 2739 acceperat,
1611 2708 1645 2739 ef.
1665 2706 1739 2731 Anu.
1759 2704 1838 2730 Fam.
1859 2704 1894 2728 ml

247 2758 272 2776 a.
286 2753 336 2777 870
353 2750 403 2783 (ecl.
417 2750 508 2776 Kurze
522 2759 551 2783 p.
567 2752 615 2783 70).
687 2751 713 2784 8)
733 2751 774 2776 Ab
789 2751 934 2777 Hadriano
946 2751 989 2777 II.
1005 2760 1030 2777 a.
1044 2754 1092 2776 870
1111 2751 1139 2776 in
1158 2751 1383 2783 archiepiscopzmz
1400 2750 1565 2775 Pannoniae
1583 2750 1731 2774 consecrato
1749 2747 1797 2780 (cf.
1810 2755 1894 2779 sapra-

247 2801 273 2818 π,
287 2796 346 2824 200,
361 2794 470 2826 p.160)‚
490 2793 534 2819 secl
548 2794 634 2826 paulo
649 2797 711 2826 post
729 2794 832 2826 deiecto,
850 2794 885 2826 cf.
904 2794 1040 2820 Diimmler
1060 2794 1073 2819 l.
1089 2794 1104 2820 l.
1128 2794 1184 2826 11²,
1207 2796 1254 2819 376
1264 2801 1300 2825 sq.

352 2844 499 2870 Ems‘romn
516 2844 576 2871 VII.
1656 2841 1688 2868 86
