2189 3042
111 739 134 757 10

111 996 135 1014 15

111 1253 136 1271 20

110 1510 132 1529 25

110 1768 134 1787 ³0

110 2025 132 2043 35

112 2365 138 2382 40

111 2622 136 2640 45

640 173 814 201 LUDOVICI
834 173 868 201 II.
888 173 1135 200 IMPERATORIS
1153 172 1336 199 EPISTOLA.
1751 173 1813 204 389

164 263 250 305 quod
279 262 326 293 illi
355 263 503 302 retinent,
533 272 603 293 011111
635 260 749 302 quibus
779 271 842 292 una
872 271 946 292 caro
976 264 1009 292 et
1038 261 1167 302 sanguis
1195 270 1302 291 sumus
1332 259 1411 291 haca
1440 270 1520 290 unus
1554 270 1611 300 per
1639 259 1814 290 Dominum

163 314 317 355 spiritns&
356 313 532 344 Praeterea
550 313 659 344 mirari
676 323 710 344 se
727 313 845 344 dilecta.
869 313 1051 344 fraternitas
1075 315 1130 343 tua
1153 312 1321 353 significat,
1345 311 1431 353 quod
1454 322 1517 342 non
1533 311 1749 343 Francorum2
1766 314 1815 342 set

161 365 381 397 Romanorum
400 363 631 406 imperatoresb
649 364 868 406 appellemus0
884 367 933 395 set
949 365 1029 395 scire
1046 367 1078 395 te
1095 364 1253 404 convenit,
1270 363 1345 405 quia
1360 363 1420 394 nisi
1436 363 1655 394 Romanorum
1674 364 1814 404 impera-

162 418 269 449 toresb
286 428 438 458 0550111115,
455 417 565 458 utique
581 427 639 448 nec
655 416 861 447 Francorum.
893 416 924 447 A
935 415 1090 447 Romanis
1107 416 1191 447 enim
1204 415 1265 446 hoc
1281 425 1397 446 nomen
1415 417 1448 446 et
1465 415 1653 455 dignitatem
1671 425 1815 455 assump-

163 470 272 509 simus,
296 469 383 510 apud
412 479 491 510 quos
521 468 667 509 profecto
698 468 835 509 primum
866 470 975 499 tantae
1006 468 1133 499 culmen
1160 466 1364 498 sublimitatis
1386 470 1419 497 01
1440 466 1667 508 appellationis
1691 466 1819 508 effulsit,

163 531 362 562 quorumque
375 523 505 561 gentem
520 523 552 551 et
568 519 680 551 urbem
694 519 842 550 divinitus
858 518 1101 560 gubernandam
1116 521 1147 549 et
1159 521 1295 550 matrem
1309 518 1450 549 omnium
1464 518 1672 549 ecclesiarum
1685 518 1747 549 Dei
1762 518 1818 550 de-

162 572 356 603 fendendam
374 575 470 613 atque
498 570 731 602 sublimandam
749 571 956 611 suscepimus,
981 581 1000 601 a
1023 581 1086 611 qua
1103 573 1135 601 et
1158 569 1313 610 regnandi
1328 570 1415 610 prius
1436 573 1469 601 et
1484 569 1688 610 postmodum
1712 570 1816 612 impe-

161 623 253 654 randi
270 624 494 655 auctoritatem
511 623 681 664 prosapiae
695 625 822 653 nostrae
839 623 1045 653 seminarium
1058 622 1201 662 sumpsit.
1233 620 1317 651 Nam
1329 620 1526 652 Francorum
1539 622 1699 662 principes
1712 622 1815 663 primo

162 685 266 716 reges,
284 675 400 706 deinde
425 685 500 706 vero
521 675 735 715 imperatores
760 673 835 704 dicti
859 676 940 714 sunt,
958 674 1004 704 hii
1028 673 1196 704 dumtaxat
1223 673 1277 714 qui
1300 683 1319 703 a
1342 671 1489 703 Romano
1516 673 1667 713 pontifice
1691 674 1733 704 ad
1755 674 1816 706 hoc

163 727 235 758 oleo
260 730 369 758 sancto
393 726 513 767 perfusi
537 728 617 756 sunt.
664 725 702 756 In
725 736 788 766 qua
811 726 909 756 etiam
933 725 1072 756 Karolus
1087 724 1234 765 Magnus,
1259 723 1379 755 abavus
1402 726 1519 762 noster,
1542 724 1691 756 unctione
1708 724 1815 756 huius-

161 777 249 809 modi
272 789 331 819 per
354 788 512 809 summum
540 776 722 818 pontificem
754 776 915 808 delibutus
938 777 1060 818 primus
1090 786 1131 807 ex
1158 778 1255 817 gente
1284 785 1321 806 ae
1344 775 1538 816 genealogia
1562 779 1669 807 nostra
1692 777 1815 817 pietate

162 830 192 860 in
217 839 255 860 eo
284 829 492 860 habundante
524 832 556 859 et
584 829 760 870 imperator
787 828 896 870 dictus·
921 831 953 859 et
983 828 1118 858 christus
1149 826 1280 858 Domini
1310 826 1413 857 factus
1446 829 1503 866 est,
1531 828 1720 868 praesertim
1743 839 1814 859 011111

163 891 261 921 saepe
286 880 367 912 tales
391 880 432 912 ad
459 880 628 922 imperium
654 878 737 910 sint*i
766 880 867 919 asciti,
892 880 946 921 qui
976 879 1063 910 nulla
1086 879 1193 910 divina
1217 878 1405 919 operatione
1430 888 1489 918 per
1514 879 1700 919 pontificum
1722 880 1814 911 mini-

162 933 294 964 sterium
313 933 494 973 propositae
511 932 613 962 solum
633 942 652 963 a
668 934 780 963 senatu
797 934 829 962 et
844 931 964 972 populo
980 930 1077 961 nichil
1099 930 1211 961 horum
1231 928 1414 961 curantibus
1436 930 1645 970 imperatoria
1661 931 1817 972 dignitate

163 984 256 1025 potiti
273 987 360 1020 sunt·;
385 983 526 1015 nonnulli
544 993 620 1014 vero
637 993 697 1014 1100
714 983 768 1023 sic⁷
785 985 835 1014 set
850 985 973 1014 tantum
990 993 1009 1013 a
1024 981 1178 1013 militibus
1195 984 1267 1012 sunt
1282 981 1412 1013 clamati
1429 983 1461 1013 01
1483 981 1516 1012 111
1531 982 1667 1023 imperio
1684 983 1817 1014 stabiliti

163 1038 244 1075 sunt,
268 1036 313 1066 ita
333 1038 368 1066 ut
385 1035 483 1066 etiam
505 1035 620 1066 horum
644 1035 773 1076 quidam
797 1045 816 1065 a
839 1034 975 1074 feminis,
993 1033 1123 1075 quidam
1147 1036 1256 1064 autem
1279 1033 1341 1064 hoc
1364 1036 1461 1075 atque
1484 1033 1547 1064 alio
1571 1034 1668 1065 modo
1691 1034 1733 1065 ad
1756 1035 1816 1066 im-

162 1087 243 1128 perii
259 1086 397 1117 Romani
415 1090 543 1127 sceptra
566 1087 704 1127 promoti
729 1089 809 1117 sunt.

248 1138 350 1169 Porro
374 1138 399 1168 si
423 1137 649 1178 calumpniaris
671 1137 854 1169 Romanum
883 1136 1078 1178 pontificem,
1107 1136 1194 1178 quod
1225 1136 1372 1178 gesserit,
1401 1136 1611 1177 calumpniari
1634 1138 1755 1178 poteris
1785 1142 1818 1170 et

163 1189 304 1229 Samuel,
333 1189 419 1231 quod
444 1193 551 1230 spreto
581 1189 687 1229 Saule,
712 1199 806 1230 quem
830 1189 900 1230 ipse
924 1191 1070 1228 unxerat,
1094 1187 1201 1219 David
1224 1188 1255 1218 in
1286 1198 1397 1230 regem
1423 1198 1545 1229 ungere
1574 1199 1637 1219 non
1666 1191 1816 1221 renuerit.

163 1240 284 1272 Verum
308 1251 404 1282 super
426 1240 488 1272 hoc
512 1241 537 1271 si
562 1244 610 1272 est
634 1241 687 1282 qui
710 1251 834 1272 summo
858 1240 1001 1281 pontifici
1024 1239 1138 1271 saltem
1162 1250 1260 1270 unum
1283 1239 1381 1270 faciat
1403 1242 1556 1280 muctum,
1581 1250 1721 1282 congruo
1745 1253 1818 1283 pro-

164 1292 248 1323 fecto
271 1292 356 1323 illius
372 1303 434 1323 non
460 1292 583 1324 carebit
598 1303 768 1333 responso;
791 1295 841 1323 set
864 1292 990 1323 interim
1007 1292 1033 1322 si
1056 1292 1190 1332 paginas
1212 1291 1359 1323 revolvas
1375 1290 1574 1323 Graecorum
1600 1293 1762 1324 annalium
1785 1297 1818 1326 et

164 1354 246 1385 quae
270 1343 451 1375 discrimina
479 1343 562 1375 tams
584 1344 624 1376 ab
649 1344 760 1376 alienis
783 1354 841 1385 per
864 1354 920 1374 vos
943 1353 1147 1384 nequaquam
1165 1342 1288 1374 defensi
1312 1353 1408 1384 quam
1432 1353 1451 1374 a
1473 1344 1687 1375 vestratibus-³⁵
1710 1346 1816 1385 ponti-

162 1395 259 1427 11005Β
274 1394 413 1426 Romani
426 1396 635 1436 pertulerunt,
652 1396 870 1436 perscruteris,
883 1394 1028 1436 profecto
1044 1395 1197 1435 invenies,
1213 1394 1298 1426 unde
1315 1395 1388 1426 illos
1403 1395 1486 1426 iuste
1502 1406 1565 1426 non
1581 1395 1690 1427 valeas
1706 1397 1817 1428 redar-

163 1458 271 1489 guere.
318 1447 441 1478 Verum
471 1447 552 1478 haec
580 1447 625 1478 illi
656 1457 737 1488 quae
763 1447 959 1478 extrinsecus
983 1445 1162 1487 agebantur
1186 1445 1281 1476 facsse
1304 1446 1395 1486 parvi
1417 1446 1606 1487 penderunt,
1630 1448 1689 1478 nisi
1713 1452 1746 1479 et
1768 1450 1816 1480 in-

161 1499 318 1530 trinsecus
347 1509 404 1540 per
435 1498 576 1529 diversas
606 1498 758 1529 haereses
785 1498 946 1539 perimere
972 1497 1154 1529 conantium
1184 1497 1350 1528 molimina
1381 1497 1672 1538 deprehenderunt.
1719 1499 1815 1533 Unde

161 1551 277 1581 merito
302 1550 457 1591 apostatis
481 1549 616 1581 desertis
639 1568 678 1571 —
703 1559 786 1590 quae
811 1549 895 1580 enim
920 1549 1166 1580 communicatio
1191 1548 1309 1580 Christi
1333 1551 1365 1579 et
1388 1548 1513 1581 Belial?
1536 1568 1576 1572 ——
1601 1551 1817 1583 adhaeserunt

162 1602 249 1642 genti
279 1600 467 1632 adhaerenti
489 1600 561 1631 Deo
587 1602 619 1631 et
641 1600 740 1641 ipsius
768 1600 859 1641 regni
882 1599 1003 1630 fructus
1032 1599 1175 1638 facienti;
1201 1600 1351 1640 quoniam
1375 1611 1438 1631 non
1462 1604 1510 1632 est
1532 1612 1742 1642 personarum
1765 1614 1817 1635 ac-

162 1656 273 1693 ceptor
288 1652 386 1691 Deus,
410 1654 459 1682 set
480 1654 517 1682 ut
540 1651 676 1682 eximius
692 1650 933 1692 apostolorumh
951 1651 1063 1691 innuit,
1079 1651 1123 1681 ‘in
1147 1652 1232 1682 0111111
1255 1655 1352 1692 gente
1377 1652 1430 1693 qui
1452 1653 1545 1683 timet
1566 1663 1639 1684 eum
1663 1658 1816 1696 acceptus

162 1707 211 1735 est
222 1703 288 1735 illi².
326 1703 413 1744 Ergo
427 1713 499 1734 cum
512 1704 557 1734 ita
570 1703 620 1743 sit,
637 1713 692 1734 cur
704 1713 762 1734 nos
775 1703 895 1744 satagis
907 1702 1157 1744 reprehendere,
1175 1703 1327 1744 quoniam
1344 1713 1385 1734 ex
1397 1703 1528 1735 Francis
1541 1705 1667 1736 oriundi
1679 1705 1817 1739 Romani

161 1756 366 1787 moderamur
377 1755 519 1786 habenas
531 1754 667 1796 imperii,
686 1765 757 1785 cum
776 1755 809 1785 in
822 1755 908 1785 omni
920 1757 1017 1795 gente
1034 1755 1088 1796 qui
1102 1755 1193 1786 timet
1208 1754 1316 1786 Deum
1334 1758 1485 1796 acceptus
1501 1756 1542 1787 sit
1559 1756 1639 1788 illii?
1673 1757 1714 1789 Et
1730 1762 1817 1791 certe

162 1807 362 1839 Theodosius
390 1807 494 1838 maior
516 1811 549 1838 et
570 1806 627 1837 filii
657 1807 735 1847 01115,
759 1806 918 1838 Arcadius
942 1810 974 1838 et
1002 1806 1175 1846 Honorius,
1203 1810 1300 1848 atque
1324 1806 1526 1839 Theodosius
1549 1809 1662 1849 minor,
1686 1811 1818 1843 Arcadii

160 1859 253 1899 filius,
270 1869 311 1890 ex
326 1858 479 1899 Hispanis
503 1858 543 1889 ad
567 1858 693 1899 imperii
708 1858 847 1890 Romani
871 1859 997 1889 culmen
1021 1858 1176 1899 assumpti
1192 1861 1274 1898 sunt,
1295 1858 1377 1890 neck
1400 1862 1508 1890 tamen
1531 1860 1711 1892 invenimus
1731 1863 1817 1903 quod

162 1911 273 1952 aliqui1
291 1910 499 1942 clamaverint
514 1910 565 1941 vel
580 1909 883 1950 reprehenderintm‚
901 1909 987 1950 quod
999 1920 1062 1940 non
1074 1909 1253 1947 Romanus,
1271 1909 1328 1940 sed
1344 1910 1508 1951 Hispanus
1525 1912 1688 1953 existeret,
1706 1914 1758 1945 vel
1771 1925 1817 1946 re-

162 1962 300 1993 stiterint
322 1965 377 1992 aut
394 1961 617 2002 prohibuerint
638 1961 721 1992 filios
738 1962 806 1992 eius
828 1961 860 1991 in
876 1960 947 1992 loco
968 1961 1068 2001 patris
1085 1964 1118 1992 et
1140 1960 1261 1992 honore
1278 1961 1460 2002 succedere,
1479 1963 1760 2005 quemadmodum,
1782 1968 1818 1996 ut

163 2024 234 2045 cum
264 2023 344 2054 pace
375 2016 430 2044 tua
455 2012 606 2052 dicamus,
635 2023 717 2043 nunc
747 2015 802 2043 tua
826 2012 933 2043 conari
955 2012 1083 2043 videtur
1105 2011 1269 2054 diligenda
1292 2012 1474 2044 fraternitas
1499 2016 1531 2045 et
1554 2015 1740 2048 sustinenda
1768 2017 1816 2048 di-

161 2064 265 2096 lectio.
313 2063 411 2099 Quasi
435 2074 514 2104 gens
537 2063 734 2094 Francorum
763 2074 827 2094 non
849 2064 1011 2105 pertineat
1036 2063 1078 2094 ad
1100 2063 1324 2104 hereditatem,
1349 2064 1390 2096 de
1414 2075 1477 2106 qua
1500 2065 1600 2098 Pater
1629 2067 1670 2098 ad
1697 2068 1815 2101 Filium

161 2116 314 2157 loquitur:
345 2114 499 2156 Postula,
529 2115 685 2156 inquiens,
710 2125 728 2146 a
751 2125 803 2146 me
834 2118 866 2146 et
895 2115 979 2146 dabo
1010 2115 1068 2146 tibi
1097 2118 1210 2156 gentes
1232 2115 1447 2147 hereditatem
1471 2119 1570 2149 tuam’
1594 2122 1627 2150 et
1650 2123 1759 2152 cetera
1782 2124 1814 2152 et

162 2168 250 2198 alibi:
276 2166 511 2198 ‘Glorificantes
533 2177 584 2198 me
608 2166 815 2208 glorificabo',
837 2170 869 2198 et
892 2167 954 2198 alia
977 2166 1232 2198 innumerabilia.

267 2311 290 2344 a)
308 2313 356 2337 hac
375 2321 396 2343 c,
415 2313 431 2336 h
445 2316 521 2337 totum
534 2310 590 2344 fere
609 2320 675 2338 eras.
746 2311 772 2345 b)
790 2313 928 2345 imperator
946 2322 999 2338 ras.
1018 2322 1084 2339 corr.
1099 2322 1128 2338 ex
1141 2314 1306 2346 imperatores
1325 2323 1346 2340 c.
1419 2315 1441 2347 θ)
1455 2316 1490 2341 sic
1504 2325 1529 2346 cs
1542 2318 1581 2341 vel
1598 2326 1644 2342 nos
1657 2318 1815 2351 appellemus

165 2355 212 2387 (m'c
230 2356 318 2388 Pertz)
336 2357 374 2380 vel
392 2355 551 2388 appellemur
569 2355 703 2388 legendum
723 2360 766 2381 est.
852 2355 876 2387 d)
895 2361 956 2381 sunt
973 2356 1057 2382 Perta.
1129 2357 1151 2387 e)
1171 2358 1271 2390 §posita
1289 2367 1310 2383 c.
1381 2356 1400 2390 f)
1419 2359 1593 2384 discriminata
1611 2369 1631 2386 c.
1703 2361 1728 2392 8)
1748 2370 1815 2388 corr.

163 2407 193 2423 επ
211 2399 325 2432 ponfices
344 2403 370 2423 ut
383 2398 433 2423 vid.
447 2407 466 2424 c.
538 2397 563 2430 1¹)
583 2399 754 2431 apostolorum
768 2399 804 2424 bia
816 2407 874 2431 scra,
893 2400 967 2425 alter.
980 2400 1030 2425 del.
1045 2408 1064 2424 c.
1140 2400 1156 2432 i)
1177 2401 1212 2425 sic
1227 2409 1247 2432 c,
1265 2401 1308 2426 ille
1327 2402 1386 2434 Zeyic
1398 2401 1481 2427 Pertz.
1558 2401 1583 2434 1ί)
1602 2407 1627 2428 et
1639 2413 1659 2429 c.
1729 2403 1748 2434 l)
1767 2406 1815 2430 ali-

163 2443 220 2473 quis
233 2451 262 2472 c.‚
282 2450 306 2466 -5
324 2449 404 2472 eras.;
423 2441 516 2473 aliquis
535 2441 683 2467 clamaverit
702 2441 784 2467 Pertz.
855 2442 887 2473 ¹¹¹)
906 2443 1077 2468 Theodosium
1097 2443 1158 2469 add.
1172 2443 1255 2469 Pertz.

266 2526 292 2558 1)
313 2525 355 2557 Cf.
368 2525 498 2551 Lmlovici
512 2525 535 2552 Ι.
559 2525 679 2551 Ordinat.
699 2526 760 2559 imp.
780 2526 818 2552 ed.
837 2527 871 2552 Μ
876 2526 909 2553 G.
930 2526 1054 2560 01111111,
1076 2531 1123 2554 271
1143 2528 1158 2554 ῑ.
1178 2532 1223 2554 10:
1249 2528 1300 2554 sub
1319 2528 1425 2555 seniore
1450 2529 1536 2557 fratre
1559 2530 1647 2564 regali
1672 2532 1814 2565 potestate

164 2568 317 2602 potiantur,
340 2570 364 2594 et
389 2571 436 2594 :272
460 2569 476 2595 l.
498 2571 546 2595 28:
569 2568 725 2602 imperialis
751 2569 879 2603 potentia
904 2569 1058 2597 coherceat.
1173 2571 1199 2604 2)
1222 2570 1262 2605 Cf.
1275 2572 1349 2604 epist.
1368 2580 1384 2597 a
1403 2572 1533 2598 Michaele
1558 2575 1581 2599 et
1602 2573 1744 2606 Theophilo
1768 2575 1814 2600 im-

161 2611 331 2644 peratoribus
358 2611 394 2637 ad
415 2611 582 2637 Ludovicum
600 2611 626 2638 I.
650 2612 757 2638 missam
775 2612 856 2644 (ΜΘ.
874 2612 972 2639 Concil.
986 2613 1027 2645 11,
1047 2617 1095 2640 475
1117 2614 1133 2640 l.
1147 2616 1274 2647 30—32):
1301 2614 1441 2642 Michahel
1465 2617 1493 2642 et
1513 2615 1694 2650 Theophilus,
1720 2617 1814 2644 fideles

164 2654 193 2680 in
219 2654 280 2688 ipso
305 2654 355 2681 deo
378 2654 560 2688 imperatores
579 2653 764 2681 Romanorum
784 2654 888 2681 dilecto
912 2657 940 2682 et
962 2655 1120 2683 honorabili
1140 2656 1220 2684 fratri
1238 2657 1410 2691 Hludowico,
1428 2658 1549 2692 glorioso
1567 2659 1626 2693 regi
1645 2659 1813 2686 Francorum

164 2698 192 2723 et
211 2696 455 2731 Langobardorum
480 2698 509 2723 et
536 2698 634 2724 vocato
661 2705 755 2724 eorum
780 2698 950 2732 imperatori.
1056 2699 1082 2732 3)
1109 2699 1147 2731 cf
1160 2700 1271 2726 Nicolai
1290 2701 1313 2727 I.
1332 2701 1403 2733 epist.
1424 2701 1487 2735 Regy.
1501 2702 1578 2733 Jaffe:
1596 2705 1668 2734 2796,
1689 2702 1726 2729 ed.
1741 2703 1777 2728 M
1780 2702 1812 2729 G.

165 2742 253 2775 Epist.
265 2741 312 2775 VI,
324 2745 388 2768 484:
413 2742 602 2775 imperatores,
622 2742 670 2775 qui
688 2742 829 2776 persecuti
842 2742 954 2769 fuerunt
973 2743 1119 2770 ecclesiam
1133 2744 1184 2771 Dei
1204 2746 1232 2772 et
1250 2744 1370 2771 maxime
1383 2744 1529 2771 ecclesiam
1543 2744 1704 2777 Romanam,
1724 2745 1751 2771 id
1771 2748 1814 2772 est

165 2784 239 2811 Nero
251 2784 442 2812 Diocletianus
456 2784 636 2811 Constantius
648 2785 811 2812 Anastasius
831 2787 859 2812 et
879 2786 965 2813 ceteri
983 2787 1067 2813 moris
1086 2795 1188 2814 eorum.

1830 835 1858 855 ci.
1870 835 1987 861 1.Reg.‘14‚
1997 836 2018 857 ῖ.

1831 1147 1859 1167 cr.
1872 1149 1891 1169 1.
1899 1146 1982 1170 negat
1991 1152 2025 1173 sq.

1831 1562 1861 1583 cf.
1870 1564 1890 1585 2.
1898 1562 1947 1582 Cor.
1957 1566 1977 1588 6,
1989 1565 2021 1585 lb.

1831 1613 1858 1633 cf,
1868 1614 1943 1635 Mnnh.
1952 1616 2021 1640 21‚48.

1830 1666 1879 1686 Act.
1890 1671 1925 1692 ap.
1934 1668 1967 1691 10,
1975 1668 2009 1688 ⁸5.

1828 2131 1863 2152 ΡΞ.
1875 2133 1920 2157 ze.

1828 2187 1846 2204 1.
1856 2183 1911 2208 Reg.
1923 2186 1941 2209 2,
1950 2185 1982 2205 80.
