2189 3042
560 155 788 182 FRAGMENTA
807 154 974 181 REGISTRI
999 154 1175 181 IOHANNIS
1196 154 1269 181 VIII.
1290 155 1407 181 PAPAE
1430 156 1471 182 55.
1491 155 1531 181 56.
1808 158 1869 188 309

222 243 341 274 indicto
366 246 512 283 tempore
535 242 736 273 venerabiles
759 241 973 272 Liutfriduma
989 240 1209 272 Tici11ense1111
1232 241 1282 272 et,b
1299 241 1437 272 Paulum
1454 241 1696 273 Plaeentinum2
1713 243 1870 273 antistites

223 295 265 325 ad
293 298 414 325 certum
445 293 567 324 locumc
595 292 772 324 accersiasd
801 296 833 323 et
860 303 960 323 uxore
992 293 1056 323 iam
1086 293 1255 324 memorati
1285 293 1361 323 viri⁰
1390 292 1536 324 Rodulfif
1563 293 1666 323 missis
1696 294 1808 324 vestris
1839 297 1871 324 et

222 345 335 377 litteris
358 345 528 384 advocata,
553 354 615 385 que
640 344 721 384 legis
745 345 810 375 sive
835 344 1016 374 mundaneg
1039 344 1106 374 sive
1131 343 1237 375 divine
1261 347 1347 384 sunt⁷
1377 354 1473 385 super
1496 347 1631 385 utroque
1656 345 1790 385 coniuge
1821 345 1870 375 in-

222 399 408 427 cunctanter
430 405 583 427 exerceas
604 394 778 426 secundum
796 395 998 435 prestitutam
1022 394 1231 425 sacerdotalis
1248 395 1357 426 vobish
1374 405 1557 426 mensuram
1575 395 1742 426 dumtaxat
1763 395 1868 426 officii.

191 459 202 477 ⁵
223 447 292 483 Que
317 448 343 478 si
366 450 437 488 post
454 447 655 478 vocationem
672 448 820 485 vestram,
846 456 942 486 quam
965 446 1098 476 terciam
1122 456 1192 477 esse
1209 450 1280 487 post
1297 447 1470 478 secundam
1487 449 1628 478 nostram
1645 447 1757 488 procul
1774 446 1869 477 dubio

179 714 203 732 10

178 1081 200 1100 15

177 1360 202 1380 20

175 1618 200 1637 2⁵

176 1875 200 1894 30

176 2186 200 2205 35

175 2429 201 2448 40

175 2643 201 2661 45

221 501 359 537 constat,
395 498 436 528 ad
470 498 572 528 virum
606 498 770 538 proprium
800 497 917 527 collata
947 496 1007 527 sibi
1038 497 1133 537 legali
1168 501 1200 528 et
1236 498 1440 529 indubitabili
1472 509 1505 529 se
1534 498 1683 529 libertate
1712 498 1870 539 purgandi

220 550 350 580 minime
374 548 480 580 redire
505 548 663 589 delegerit
687 558 888 589 examenque
915 548 1103 579 sanctItatisi
1127 552 1230 588 vestre
1255 549 1493 590 subterfugiens
1511 549 1728 589 decimaverit,
1753 559 1771 580 a
1788 549 1869 580 sacri

220 601 362 642 corporis
386 603 418 631 et
442 600 603 640 sanguinis
625 600 745 630 domini
768 600 867 630 nostri
883 599 956 630 Iesu
973 599 1091 631 Christi
1114 601 1336 631 communione
1361 601 1391 631 in
1416 600 1552 642 idipsum
1576 611 1639 631 una
1663 611 1734 631 cum
1758 601 1870 641 spiritu

220 655 328 683 nostro
353 651 578 682 convenientes
609 654 674 682 tam
703 651 806 691 ipsam
830 661 925 691 quam
955 651 1103 692 nequiter
1127 661 1197 681 eam
1222 654 1348 682 tuentes
1380 655 1412 682 et
1440 651 1651 683 defendentes
1679 650 1770 682 eamk
1794 661 1869 682 con-

221 703 422 743 sanguineOS‚
447 703 522 743 quin
544 703 642 733 immo
662 702 804 733 fautores
829 702 896 733 cius
920 705 952 733 ct
977 713 1086 733 omnes
1111 703 1238 734 omnino
1262 703 1559 743 communicatores,
1584 703 1684 734 donec
1708 702 1869 743 obediant,

220 758 429 796 sequestrate.

1021 859 1071 887 56.

327 911 485 943 Iohannes
509 911 603 942 1'111.
621 921 709 950 papa
733 911 892 943 Ludovz'co
919 911 981 951 (II.
1005 911 1204 951 imperatori)
1233 911 1363 942 nuntiat
1388 921 1420 942 se
1444 911 1663 951 Rayemddum
1693 912 1867 951 episcopum

224 963 332 995 Casiri
346 963 527 994 Felicitatis
549 963 711 994 homicidii
732 965 916 994 accusatum
940 966 968 994 et
991 963 1147 993 iudicium
1162 962 1437 1002 subterfugientem
1454 963 1538 994 omui
1561 962 1768 994 ecclesiastica
1789 973 1868 994 eom-

220 1015 367 1046 ommione
390 1017 607 1053 sequestrasse.
1679 1015 1782 1054 (875.)

325 1073 387 1099 Coll.
402 1081 475 1099 can„-
503 1074 527 1099 A
546 1075 628 1107 f.136
647 1082 685 1106 ep.
698 1076 738 1100 53.
758 1088 790 1091 ——
809 1073 838 1099 D
857 1073 898 1099 lib.
915 1073 945 1099 X
962 1081 982 1099 e.
996 1077 1027 1099 52
1046 1073 1098 1107 (ed.
1113 1073 1219 1099 Fronto
1234 1082 1262 1106 p.
1276 1075 1344 1106 320).

323 1125 408 1151 Edd.:
437 1125 532 1151 ffilansi
553 1124 630 1150 Cone.
645 1125 701 1151 coll.
717 1124 818 1156 XVII,
839 1128 889 1150 242
907 1132 939 1150 cx
957 1124 985 1150 D
1004 1136 1036 1146 z
1056 1124 1149 1158 Miyne
1168 1124 1242 1150 Patr.
1255 1125 1300 1150 lat.
1317 1124 1453 1155 CXXVI,
1473 1128 1519 1151 655
1536 1132 1563 1150 τι.
1578 1128 1599 1150 7.
1618 1139 1651 1142 -
1672 1124 1751 1157 Rea:
1770 1123 1870 1149 Ezeald

220 1168 285 1195 NA.
311 1167 340 1200 V,
353 1170 399 1194 315
419 1176 445 1193 τι.
462 1170 502 1194 53.
540 1167 614 1199 Jaffe'
634 1167 700 1201 Rey.
714 1171 777 1194 3015
807 1167 892 1200 2249).
930 1167 1006 1193 Kelzr
1025 1167 1109 1192 Italia
1123 1167 1266 1200 pontificia
1285 1167 1337 1199 IV,
1358 1170 1392 1193 99
1410 1176 1435 1193 n.
1452 1171 1474 1193 2.

925 1243 1167 1277 1.Uo[ovic'0]*³.

329 1296 492 1332 Qualitera
516 1295 743 1337 Ragenaldusb
769 1295 873 1326 Castri
900 1295 1078 1326 Felicitatis
1109 1295 1302 1336 episcopus4
1329 1306 1426 1336 super
1454 1295 1645 1326 homicidioc
1673 1298 1740 1326 tam
1770 1304 1868 1336 penes

221 1347 446 1389 apostolicam,
483 1358 578 1388 quam
612 1357 711 1388 penes
745 1348 984 1387 imperatoriam
1020 1347 1131 1377 sedem
1166 1347 1294 1388 publico
1324 1357 1486 1377 murmure
1513 1347 1608 1378 fuerit
1637 1346 1807 1377 denotatus
1836 1354 1868 1377 et

221 1399 378 1440 Gregorio
415 1398 531 1430 dilecto
566 1398 631 1429 filio
666 1397 927 1429 nomenclatored
955 1399 1051 1429 misso
1083 1401 1116 1429 et
1146 1398 1369 1439 apocrisiarioe
1398 1400 1506 1438 sancte
1541 1397 1625 1428 sedis
1655 1400 1761 1428 nostre
1797 1407 1868 1427 cum

220 1450 361 1491 Georgio
382 1449 513 1481 illustrif
527 1450 680 1491 magistro
702 1449 838 1480 militum
859 1459 896 1480 ac
912 1450 1071 1480 vestarioss
1088 1450 1170 1480 sacri
1187 1449 1286 1480 nostri
1303 1449 1508 1490 patriarchii⁵
1525 1448 1611 1489 apud
1629 1448 1869 1479 dilectissimam

219 1502 318 1532 filiam
341 1504 484 1532 nostram
507 1501 746 1542 imperatricem
775 1500 965 1541 augustam⁶
989 1501 1182 1532 consistente
1212 1512 1230 1531 a
1254 1504 1357 1532 matre
1381 1500 1561 1541 peremptih
1586 1500 1708 1530 iuvenis
1732 1500 1867 1540 aliisque

220 1552 418 1594 parentibusi
442 1552 538 1583 fuerit
566 1552 731 1592 impetitus
755 1554 787 1583 et
809 1552 850 1582 ad
874 1552 1105 1593 purificandum
1131 1563 1164 1583 se
1189 1563 1208 1583 a
1231 1552 1322 1583 nobis
1350 1562 1408 1593 per
1432 1552 1617 1592 frequentes
1649 1552 1867 1582 exeommuni-

221 1605 358 1635 catorias
387 1604 539 1645 epistolas
571 1603 764 1635 accesseritk
791 1603 930 1635 Romam
962 1607 1105 1643 coactus,
1136 1603 1301 1634 serenitati
1329 1606 1434 1634 vestre
1464 1602 1623 1634 credimus
1651 1602 1866 1633 manifestum.

220 1655 285 1687 Sed
320 1656 395 1696 quia
428 1655 515 1686 idem
546 1655 685 1686 Romam
720 1655 850 1686 veniens
882 1656 1085 1696 purgacionis
1110 1665 1165 1685 sue
1195 1658 1320 1695 tempus
1351 1655 1507 1695 preripuit
1536 1657 1569 1685 et
1598 1654 1717 1684 indicta
1747 1664 1803 1694 pro
1834 1663 1867 1684 se

219 1707 331 1738 sinodo
357 1707 546 1748 deputatum
570 1706 629 1737 sibi
653 1718 671 1737 a
695 1706 787 1738 nobis
810 1707 915 1738 locum
940 1706 1173 1738 fraudulentus¹
1197 1706 1384 1737 excedensffl
1408 1717 1496 1737 more
1522 1706 1598 1736 furis
1622 1716 1679 1746 per
1696 1705 1790 1736 Urbis
1814 1709 1868 1735 sen

218 1769 326 1789 muros
351 1759 468 1790 deiecit
491 1762 523 1789 et
540 1768 616 1789 vera
640 1758 737 1789 fuisse
762 1759 904 1798 crimina,
929 1768 992 1800 que
1016 1758 1077 1789 sibi
1099 1758 1190 1789 illata
1213 1760 1294 1797 sunt,
1318 1757 1470 1788 iudicium
1491 1757 1728 1798 subterfugiens
1752 1767 1868 1798 propa—

219 1810 312 1849 lavit,
336 1810 419 1841 hunc
442 1810 635 1841 auctoritate
659 1810 739 1840 Dei⁰
764 1811 1013 1851 omnipotentis⁰
1037 1813 1219 1841 sanctorum
1243 1809 1460 1850 apostolorum
1485 1809 1682 1850 principumP
1707 1812 1738 1839 et
1762 1811 1867 1839 nostre

219 1861 448 1892 mediocritatis
472 1861 511 1892 ab
536 1862 622 1892 omni
646 1862 863 1893 ecclesiastica
887 1862 1065 1902 simulque‘l
1089 1864 1121 1893 et
1144 1861 1325 1892 Christiana
1350 1861 1572 1892 communione
1599 1860 1724 1901 penitus
1752 1870 1867 1900 seque-

218 1916 364 1943 stramus.

329 2024 354 2056 ²³)
374 2023 485 2049 Lemma
504 2026 527 2049 εἰ
546 2024 737 2056 superswiptio
755 2023 786 2049 ‘in
805 2023 846 2049 D:
874 2023 914 2049 De
933 2022 1218 2050 excommunicatione
1237 2024 1265 2049 et
1289 2021 1499 2056 irrecuperabili
1517 2020 1693 2055 depositione
1712 2020 1868 2047 homicidae

374 2066 507 2100 episcopi.
544 2067 660 2093 Ioannes
680 2068 794 2093 octavus
814 2066 953 2092 Ludovico
973 2065 1144 2099 imperatori.

324 2135 347 2167 ὃ)
366 2136 511 2160 Luifridum
531 2135 563 2160 A.
651 2134 676 2167 b)
696 2143 744 2160 om.
764 2135 797 2160 D.
886 2135 908 2167 c)
929 2144 976 2160 om.
995 2135 1028 2160 D.
1117 2134 1141 2167 d)
1161 2144 1277 2160 accersas
1295 2135 1329 2160 D.
1418 2136 1441 2165 e)
1461 2143 1508 2160 om.
1527 2134 1560 2159 D.
1648 2132 1667 2165 ί)
1687 2133 1814 2165 Radulphi
1833 2132 1867 2157 D.

220 2178 244 2211 Β)
263 2179 375 2204 humane
395 2178 428 2203 A.
516 2176 542 2209 ¹¹)
562 2178 635 2202 vobis
654 2178 817 2202 sacerdotalis
837 2178 871 2203 D.
959 2177 978 2210 i)
997 2178 1193 2210 sanctitatisque
1212 2178 1244 2202 A.
1332 2176 1357 2208 k)
1377 2186 1425 2202 om.
1445 2176 1477 2201 D.

321 2225 362 2250 56.
391 2224 414 2255 a)
435 2225 519 2249 littera
536 2224 645 2248 initialis
663 2224 690 2248 in
707 2233 790 2257 marg.
811 2228 900 2249 notata
918 2224 945 2248 in
964 2223 996 2249 A.
1079 2223 1103 2255 b)
1122 2225 1263 2249 Rainaldus
1282 2224 1316 2249 D.
1402 2224 1423 2255 c)
1444 2225 1494 2256 que
1516 2224 1578 2248 add.
1598 2224 1630 2248 A.
1713 2222 1738 2255 d)
1758 2231 1867 2247 momen-

218 2269 328 2293 colatore
347 2268 380 2293 A.
469 2268 491 2298 e)
510 2267 688 2300 apocrissiario
707 2267 740 2292 A.
828 2266 847 2298 ί)
866 2267 964 2292 illustre
985 2267 1016 2291 A.
1100 2268 1124 2298 Β)
1144 2268 1287 2292 venestario
1306 2267 1339 2291 D.
1421 2265 1447 2298 h)
1467 2267 1564 2299 perepti
1582 2267 1615 2290 A.
1698 2265 1715 2297 i)
1734 2270 1867 2298 parentem

218 2312 287 2336 tibus
307 2311 340 2334 A.
437 2309 462 2341 k)
482 2310 617 2335 accerserit
636 2310 668 2334 A.
766 2308 783 2341 l)
802 2310 992 2335 fraudulentius
1011 2309 1044 2335 A.
1137 2310 1168 2341 m)
1188 2311 1332 2336 exceudens
1351 2309 1383 2334 A.
1480 2310 1505 2340 Β)
1525 2318 1571 2334 om.
1592 2309 1625 2334 A.
1722 2311 1746 2339 0)
1766 2316 1813 2333 om.
1834 2308 1866 2332 A.

217 2354 243 2385 P)
262 2354 406 2386 principum
426 2353 599 2385 apostolorum
619 2353 652 2377 A.
741 2351 764 2383 ι1)
784 2353 860 2377 simul
879 2352 912 2377 D.

324 2421 350 2452 1)
369 2419 458 2446 Hodie
470 2419 584 2445 (ΡΜ-ἰεῦ.
613 2419 789 2451 Liutfoedum
809 2419 960 2452 episcopum
978 2419 1004 2446 d.
1019 2422 1042 2446 8.
1055 2420 1153 2445 Martii
1171 2419 1264 2446 obiisse
1280 2420 1393 2446 tradunt
1411 2419 1561 2453 nem-oloyia
1579 2419 1699 2445 eeclesiae
1714 2417 1866 2451 Papiensis,

218 2466 252 2497 cf.
274 2463 389 2490 Fero-ari
409 2463 493 2489 C'atal.
508 2463 623 2496 ⁴qeneral.
643 2465 796 2488 sanctorum
814 2463 946 2496 (Vcnetiis
959 2464 1031 2496 1625)
1046 2466 1149 2496 1³·103r'
1168 2463 1198 2489 de
1217 2471 1291 2489 anno
1308 2463 1398 2489 mortis
1417 2463 1481 2494 cius,
1501 2470 1561 2488 cum
1580 2461 1688 2487 notitiae
1707 2461 1799 2491 desint,
1818 2460 1867 2485 riri

218 2506 286 2532 docti
298 2498 467 2538 dissentiunt]
486 2506 521 2537 cf.
535 2505 661 2531 Robolz'm'
679 2505 814 2531 ‘Menam-ie
826 2505 893 2531 (Zella
911 2514 961 2531 sua
977 2505 1079 2538 patria'
1092 2506 1133 2538 ΙΙ,
1149 2509 1189 2537 34,
1204 2510 1261 2538 139,
1280 2514 1327 2531 ‘nec
1346 2505 1494 2538 sequendus
1513 2507 1550 2530 est
1568 2504 1667 2538 Uyhellz'
1686 2503 1771 2529 Italia
1789 2510 1866 2528 saera

220 2549 259 2581 1²,
274 2552 340 2575 1085
359 2548 415 2581 (ubi
433 2548 459 2574 d.
474 2551 498 2574 8.
512 2547 582 2573 Maii
596 2555 646 2580 per
658 2556 770 2574 errorem
784 2548 917 2581 ponitur),
936 2548 982 2581 qui
1000 2551 1109 2574 mortem
1123 2548 1263 2580 Imitfrecli
1280 2548 1318 2574 acl
1335 2557 1359 2574 a.
1370 2552 1420 2574 874
1433 2548 1521 2579 refert,
1540 2547 1602 2572 haec
1621 2547 1690 2572 enim
1707 2546 1817 2578 epistola
1835 2545 1866 2570 ol)

219 2592 296 2617 rerba
315 2591 449 2625 preterite
469 2590 586 2624 septime
605 2590 767 2617 indictionis
780 2592 817 2623 (p.
827 2594 878 2617 308
891 2591 906 2616 Ζ.
917 2592 960 2624 22)
973 2593 1043 2617 ceo-to
1061 2591 1098 2617 ad
1116 2600 1140 2616 α.
1153 2595 1202 2618 875
1220 2592 1342 2624 pertinet.
1371 2591 1468 2623 Itaque
1485 2598 1541 2616 non
1558 2591 1620 2615 ante
1633 2589 1658 2615 d.
1670 2592 1694 2615 8.
1705 2588 1804 2613 Martii
1816 2590 1866 2613 875

220 2637 342 2661 mortuus
359 2637 395 2660 est
414 2633 584 2665 Luitsreclus.
622 2633 663 2665 Cf.
683 2634 760 2659 etiam
780 2633 880 2659 Ewald
901 2634 932 2659 in
951 2634 1012 2660 NA.
1038 2634 1066 2666 V,
1084 2637 1133 2660 314
1152 2637 1244 2661 annot.
1257 2638 1281 2660 8.
1386 2634 1413 2665 2)
1432 2633 1521 2659 Hodie
1538 2631 1700 2663 ‘Piacenza¹,
1723 2631 1757 2662 cf.
1774 2638 1801 2663 p.
1816 2634 1865 2656 125

219 2680 313 2704 annot.
326 2680 349 2703 3.
429 2677 455 2709 3)
476 2677 516 2702 II.
535 2677 697 2709 imperatori.
717 2691 748 2695 —
767 2676 809 2702 De
826 2684 853 2702 re
872 2679 907 2710 cf.
927 2676 1043 2709 Lapbtre
1062 2677 1078 2702 l.
1091 2677 1108 2703 l.
1127 2677 1152 2708 I,
1172 2680 1218 2703 252
1235 2680 1327 2703 annot.
1342 2682 1362 2703 1.
1442 2676 1468 2708 4)
1487 2675 1576 2701 Hodie
1594 2674 1676 2700 ‘Cinci
1695 2673 1723 2699 (ἷί
1737 2672 1864 2699 castellot

220 2721 245 2752 5)
268 2720 320 2753 Qui
338 2719 412 2746 ambo
432 2722 525 2753 postea
548 2727 573 2745 a.
586 2722 636 2745 876
652 2719 682 2744 in
700 2718 802 2752 synodo
822 2719 947 2745 Romana
969 2728 1028 2745 mm
1050 2727 1110 2745 cum
1129 2719 1257 2746 Fm‘moso
1276 2728 1314 2753 ep.
1328 2718 1471 2745 portuensi
1492 2716 1709 2743 eoeeommztnt'euti
1730 2718 1805 2747 sunt,
1830 2718 1865 2747 cs.

219 2771 302 2796 supra
322 2771 348 2789 n.
362 2766 403 2795 24,
417 2771 444 2795 p.
460 2766 499 2795 22,
517 2762 655 2788 Diimmler
674 2762 690 2787 I.
705 2762 720 2787 I.
741 2762 814 2794 111²,
834 2766 874 2788 23.
962 2762 988 2794 6)
1007 2762 1200 2795 Anyilbeoyam.
