<?xml version="1.0" encoding="UTF-8"?>
<!DOCTYPE html PUBLIC "-//W3C//DTD XHTML 1.0 Transitional//EN"
    "http://www.w3.org/TR/xhtml1/DTD/xhtml1-transitional.dtd">
<html xmlns="http://www.w3.org/1999/xhtml" xml:lang="en" lang="en">
 <head>
  <title>
</title>
<meta http-equiv="Content-Type" content="text/html;charset=utf-8" />
  <meta name='ocr-system' content='tesseract 3.04.00' />
  <meta name='ocr-capabilities' content='ocr_page ocr_carea ocr_par ocr_line ocrx_word'/>
</head>
<body>
  <div class='ocr_page' id='page_1' title='image "./monumentagerman07geseuoft_0182.png"; bbox 0 0 2189 3042; ppageno 0'>
   <div class='ocr_carea' id='block_1_1' title="bbox 179 1347 333 1420">
    <p class='ocr_par' dir='ltr' id='par_1_1' title="bbox 179 1347 333 1420">
     <span class='ocr_line' id='line_1_1' title="bbox 184 1347 333 1372; baseline 0 -5"><span class='ocrx_word' id='word_1_1' title='bbox 184 1347 272 1369; x_wconf 55' lang='lat' dir='ltr'><strong>ctffob.</strong></span> <span class='ocrx_word' id='word_1_2' title='bbox 284 1349 333 1372; x_wconf 50' lang='lat' dir='ltr'><strong>4,st</strong></span> 
     </span>
     <span class='ocr_line' id='line_1_2' title="bbox 179 1399 331 1420; baseline -0.013 -1"><span class='ocrx_word' id='word_1_3' title='bbox 179 1399 331 1420; x_wconf 64' lang='lat' dir='ltr'><strong>Ps.111,1—2.</strong></span> 
     </span>
    </p>
   </div>
   <div class='ocr_carea' id='block_1_2' title="bbox 216 1502 334 1526">
    <p class='ocr_par' dir='ltr' id='par_1_2' title="bbox 216 1502 334 1526">
     <span class='ocr_line' id='line_1_3' title="bbox 216 1502 334 1526; baseline -0.017 -4"><span class='ocrx_word' id='word_1_4' title='bbox 216 1502 247 1522; x_wconf 85' lang='lat'><strong>10.</strong></span> <span class='ocrx_word' id='word_1_5' title='bbox 259 1503 291 1526; x_wconf 71' lang='lat'><strong>14,</strong></span> <span class='ocrx_word' id='word_1_6' title='bbox 302 1504 334 1522; x_wconf 75' lang='lat'><strong>23.</strong></span> 
     </span>
    </p>
   </div>
   <div class='ocr_carea' id='block_1_3' title="bbox 145 1657 335 1682">
    <p class='ocr_par' dir='ltr' id='par_1_3' title="bbox 145 1657 335 1682">
     <span class='ocr_line' id='line_1_4' title="bbox 145 1657 335 1682; baseline 0 -4"><span class='ocrx_word' id='word_1_7' title='bbox 145 1658 173 1678; x_wconf 74' lang='lat' dir='ltr'><strong>cf.</strong></span> <span class='ocrx_word' id='word_1_8' title='bbox 185 1657 264 1682; x_wconf 64' lang='lat' dir='ltr'>LRGg.</span> <span class='ocrx_word' id='word_1_9' title='bbox 275 1659 294 1681; x_wconf 82' lang='lat'><strong>2,</strong></span> <span class='ocrx_word' id='word_1_10' title='bbox 305 1659 335 1678; x_wconf 81' lang='lat'><strong>30.</strong></span> 
     </span>
    </p>
   </div>
   <div class='ocr_carea' id='block_1_4' title="bbox 340 189 1505 231">
    <p class='ocr_par' dir='ltr' id='par_1_4' title="bbox 340 189 1505 231">
     <span class='ocr_line' id='line_1_5' title="bbox 340 189 1505 231; baseline -0.014 0"><span class='ocrx_word' id='word_1_11' title='bbox 340 201 399 231; x_wconf 84' lang='lat'><strong>152</strong></span> <span class='ocrx_word' id='word_1_12' title='bbox 819 191 998 219; x_wconf 72' lang='lat' dir='ltr'>IOHANNIS</span> <span class='ocrx_word' id='word_1_13' title='bbox 1018 191 1091 217; x_wconf 90' lang='lat' dir='ltr'>V111.</span> <span class='ocrx_word' id='word_1_14' title='bbox 1111 190 1230 216; x_wconf 80' lang='lat' dir='ltr'>PAPAE</span> <span class='ocrx_word' id='word_1_15' title='bbox 1254 190 1429 217; x_wconf 73' lang='lat' dir='ltr'>EPISTOLA</span> <span class='ocrx_word' id='word_1_16' title='bbox 1449 189 1505 216; x_wconf 88' lang='lat'>190.</span> 
     </span>
    </p>
   </div>
   <div class='ocr_carea' id='block_1_5' title="bbox 453 281 795 314">
    <p class='ocr_par' dir='ltr' id='par_1_5' title="bbox 453 281 795 314">
     <span class='ocr_line' id='line_1_6' title="bbox 453 281 795 314; baseline -0.012 -6"><span class='ocrx_word' id='word_1_17' title='bbox 453 282 529 308; x_wconf 76' lang='lat' dir='ltr'><strong>Cod.:</strong></span> <span class='ocrx_word' id='word_1_18' title='bbox 558 281 584 307; x_wconf 81' lang='lat' dir='ltr'><em>R</em></span> <span class='ocrx_word' id='word_1_19' title='bbox 601 283 622 314; x_wconf 83' lang='lat' dir='ltr'><strong>f.</strong></span> <span class='ocrx_word' id='word_1_20' title='bbox 640 282 678 306; x_wconf 79' lang='lat'><strong>73¹</strong></span> <span class='ocrx_word' id='word_1_21' title='bbox 700 288 724 305; x_wconf 79' lang='grc' dir='ltr'><strong>η.</strong></span> <span class='ocrx_word' id='word_1_22' title='bbox 743 283 795 305; x_wconf 77' lang='lat'><strong>191.</strong></span> 
     </span>
    </p>
   </div>
   <div class='ocr_carea' id='block_1_6' title="bbox 343 325 1989 407">
    <p class='ocr_par' dir='ltr' id='par_1_6' title="bbox 343 325 1989 407">
     <span class='ocr_line' id='line_1_7' title="bbox 443 325 1989 363; baseline -0.005 -5"><span class='ocrx_word' id='word_1_23' title='bbox 443 333 528 358; x_wconf 68' lang='lat' dir='ltr'><strong>Echi..-</strong></span> <span class='ocrx_word' id='word_1_24' title='bbox 556 332 650 358; x_wconf 77' lang='lat' dir='ltr'><strong>Editio</strong></span> <span class='ocrx_word' id='word_1_25' title='bbox 663 332 787 357; x_wconf 77' lang='lat' dir='ltr'><strong>Romana</strong></span> <span class='ocrx_word' id='word_1_26' title='bbox 801 330 862 362; x_wconf 67' lang='lat'><em>(1511</em></span> <span class='ocrx_word' id='word_1_27' title='bbox 869 330 889 363; x_wconf 88' lang='grc'><strong>1)</strong></span> <span class='ocrx_word' id='word_1_28' title='bbox 903 328 962 360; x_wconf 88' lang='grc' dir='ltr'><em>ΙΙΙ,</em></span> <span class='ocrx_word' id='word_1_29' title='bbox 977 331 1024 354; x_wconf 74' lang='lat'><strong>421</strong></span> <span class='ocrx_word' id='word_1_30' title='bbox 1043 331 1138 354; x_wconf 48' lang='grc' dir='ltr'><strong>φι,.184.</strong></span> <span class='ocrx_word' id='word_1_31' title='bbox 1168 327 1262 353; x_wconf 76' lang='lat' dir='ltr'><strong>Mansi</strong></span> <span class='ocrx_word' id='word_1_32' title='bbox 1284 327 1362 353; x_wconf 74' lang='lat' dir='ltr'><strong>Cone.</strong></span> <span class='ocrx_word' id='word_1_33' title='bbox 1372 327 1429 353; x_wconf 82' lang='lat' dir='ltr'><strong>coll.</strong></span> <span class='ocrx_word' id='word_1_34' title='bbox 1442 327 1541 359; x_wconf 87' lang='lat' dir='ltr'><em>XVII,</em></span> <span class='ocrx_word' id='word_1_35' title='bbox 1557 330 1606 353; x_wconf 80' lang='lat'><strong>125</strong></span> <span class='ocrx_word' id='word_1_36' title='bbox 1625 335 1651 353; x_wconf 77' lang='lat' dir='ltr'><strong>n.</strong></span> <span class='ocrx_word' id='word_1_37' title='bbox 1663 329 1722 352; x_wconf 74' lang='lat'><strong><em>184.</em></strong></span> <span class='ocrx_word' id='word_1_38' title='bbox 1750 326 1845 359; x_wconf 70' lang='lat' dir='ltr'><strong>Miyne</strong></span> <span class='ocrx_word' id='word_1_39' title='bbox 1857 325 1932 350; x_wconf 76' lang='lat' dir='ltr'><strong>Patr.</strong></span> <span class='ocrx_word' id='word_1_40' title='bbox 1944 325 1989 350; x_wconf 83' lang='lat' dir='ltr'><strong>lat.</strong></span> 
     </span>
     <span class='ocr_line' id='line_1_8' title="bbox 343 370 1654 407; baseline -0.005 -5"><span class='ocrx_word' id='word_1_41' title='bbox 343 376 427 402; x_wconf 82' lang='lat' dir='ltr'><strong>CXX</strong></span> <span class='ocrx_word' id='word_1_42' title='bbox 435 376 480 407; x_wconf 64' lang='lat'><strong>1⁷1,</strong></span> <span class='ocrx_word' id='word_1_43' title='bbox 497 380 546 401; x_wconf 70' lang='lat'><strong>841</strong></span> <span class='ocrx_word' id='word_1_44' title='bbox 567 383 592 400; x_wconf 78' lang='grc' dir='ltr'><strong>η.</strong></span> <span class='ocrx_word' id='word_1_45' title='bbox 605 379 659 400; x_wconf 69' lang='lat'><strong>22⁹.</strong></span> <span class='ocrx_word' id='word_1_46' title='bbox 697 372 776 405; x_wconf 68' lang='lat' dir='ltr'><strong>que&#39;r</strong></span> <span class='ocrx_word' id='word_1_47' title='bbox 798 371 858 398; x_wconf 72' lang='lat' dir='ltr'><strong>Coa.</strong></span> <span class='ocrx_word' id='word_1_48' title='bbox 871 371 934 404; x_wconf 75' lang='lat' dir='ltr'><strong>dipl.</strong></span> <span class='ocrx_word' id='word_1_49' title='bbox 950 372 1116 405; x_wconf 44' lang='lat' dir='ltr'><strong>Hu&#39;nqariae</strong></span> <span class='ocrx_word' id='word_1_50' title='bbox 1133 371 1156 403; x_wconf 86' lang='lat' dir='ltr'><strong>J,</strong></span> <span class='ocrx_word' id='word_1_51' title='bbox 1175 375 1229 397; x_wconf 69' lang='lat'>⁴207.</span> <span class='ocrx_word' id='word_1_52' title='bbox 1248 386 1281 389; x_wconf 96' lang='lat'><strong>—</strong></span> <span class='ocrx_word' id='word_1_53' title='bbox 1302 370 1374 402; x_wconf 76' lang='lat' dir='ltr'><strong>Jaffe&#39;</strong></span> <span class='ocrx_word' id='word_1_54' title='bbox 1392 370 1456 404; x_wconf 74' lang='lat' dir='ltr'><strong>Rey.</strong></span> <span class='ocrx_word' id='word_1_55' title='bbox 1470 374 1535 396; x_wconf 75' lang='lat'><em>3259</em></span> <span class='ocrx_word' id='word_1_56' title='bbox 1554 370 1654 403; x_wconf 72' lang='lat'><em>(2478).</em></span> 
     </span>
    </p>
   </div>
   <div class='ocr_carea' id='block_1_7' title="bbox 928 457 1406 482">
    <p class='ocr_par' dir='ltr' id='par_1_7' title="bbox 928 457 1406 482">
     <span class='ocr_line' id='line_1_9' title="bbox 928 457 1406 482; baseline -0.002 0"><span class='ocrx_word' id='word_1_57' title='bbox 928 458 1075 482; x_wconf 84' lang='lat' dir='ltr'>DILECTO</span> <span class='ocrx_word' id='word_1_58' title='bbox 1098 458 1190 482; x_wconf 89' lang='lat' dir='ltr'>FILIO</span> <span class='ocrx_word' id='word_1_59' title='bbox 1214 457 1406 482; x_wconf 52' lang='lat' dir='ltr'>BRANIMIRR</span> 
     </span>
    </p>
   </div>
   <div class='ocr_carea' id='block_1_8' title="bbox 341 506 2048 2198">
    <p class='ocr_par' dir='ltr' id='par_1_8' title="bbox 341 506 2048 2198">
     <span class='ocr_line' id='line_1_10' title="bbox 447 506 2034 552; baseline -0.003 -11"><span class='ocrx_word' id='word_1_60' title='bbox 447 511 644 552; x_wconf 84' lang='lat' dir='ltr'><strong>Relegentes</strong></span> <span class='ocrx_word' id='word_1_61' title='bbox 667 510 843 540; x_wconf 82' lang='lat' dir='ltr'><strong>nobilitatis</strong></span> <span class='ocrx_word' id='word_1_62' title='bbox 867 512 920 549; x_wconf 77' lang='lat' dir='ltr'><strong>tue</strong></span> <span class='ocrx_word' id='word_1_63' title='bbox 947 509 1085 548; x_wconf 77' lang='lat' dir='ltr'><strong>litteras,</strong></span> <span class='ocrx_word' id='word_1_64' title='bbox 1110 519 1189 550; x_wconf 88' lang='lat' dir='ltr'><strong>quas</strong></span> <span class='ocrx_word' id='word_1_65' title='bbox 1212 518 1271 548; x_wconf 90' lang='lat' dir='ltr'><strong>per</strong></span> <span class='ocrx_word' id='word_1_66' title='bbox 1293 508 1471 539; x_wconf 84' lang='lat' dir='ltr'>Iohannem</span> <span class='ocrx_word' id='word_1_67' title='bbox 1495 507 1714 539; x_wconf 84' lang='lat' dir='ltr'><strong>venerabilem</strong></span> <span class='ocrx_word' id='word_1_68' title='bbox 1736 506 1992 548; x_wconf 79' lang='lat' dir='ltr'><strong>presbyterum²‚</strong></span> <span class='ocrx_word' id='word_1_69' title='bbox 2023 516 2034 534; x_wconf 85' lang='lat'><strong>5</strong></span> 
     </span>
     <span class='ocr_line' id='line_1_11' title="bbox 342 559 1993 601; baseline -0.003 -7"><span class='ocrx_word' id='word_1_70' title='bbox 342 573 543 594; x_wconf 87' lang='lat' dir='ltr'><strong>communem</strong></span> <span class='ocrx_word' id='word_1_71' title='bbox 578 561 722 600; x_wconf 70' lang='lat' dir='ltr'><strong>fidelem,</strong></span> <span class='ocrx_word' id='word_1_72' title='bbox 756 561 848 591; x_wconf 90' lang='lat' dir='ltr'><strong>nobis</strong></span> <span class='ocrx_word' id='word_1_73' title='bbox 883 560 1057 600; x_wconf 76' lang='lat' dir='ltr'><strong>mandasti⁷</strong></span> <span class='ocrx_word' id='word_1_74' title='bbox 1093 563 1245 601; x_wconf 88' lang='lat' dir='ltr'><strong>quantam</strong></span> <span class='ocrx_word' id='word_1_75' title='bbox 1277 559 1376 590; x_wconf 86' lang='lat' dir='ltr'><strong>fidem</strong></span> <span class='ocrx_word' id='word_1_76' title='bbox 1409 562 1441 590; x_wconf 89' lang='lat' dir='ltr'><strong>et</strong></span> <span class='ocrx_word' id='word_1_77' title='bbox 1475 560 1632 590; x_wconf 83' lang='lat' dir='ltr'><strong>sinceram</strong></span> <span class='ocrx_word' id='word_1_78' title='bbox 1668 559 1873 590; x_wconf 85' lang='lat' dir='ltr'><strong>devotionem</strong></span> <span class='ocrx_word' id='word_1_79' title='bbox 1909 559 1993 589; x_wconf 88' lang='lat' dir='ltr'><strong>circa</strong></span> 
     </span>
     <span class='ocr_line' id='line_1_12' title="bbox 343 610 1992 654; baseline -0.003 -9"><span class='ocrx_word' id='word_1_80' title='bbox 343 615 511 646; x_wconf 82' lang='lat' dir='ltr'><strong>eeclesiam</strong></span> <span class='ocrx_word' id='word_1_81' title='bbox 536 616 717 644; x_wconf 86' lang='lat' dir='ltr'><strong>sanctorum</strong></span> <span class='ocrx_word' id='word_1_82' title='bbox 741 612 958 654; x_wconf 87' lang='lat' dir='ltr'><strong>apostolorum</strong></span> <span class='ocrx_word' id='word_1_83' title='bbox 982 611 1073 642; x_wconf 83' lang='lat' dir='ltr'><strong>Petri</strong></span> <span class='ocrx_word' id='word_1_84' title='bbox 1096 622 1134 642; x_wconf 90' lang='lat' dir='ltr'><strong>ac</strong></span> <span class='ocrx_word' id='word_1_85' title='bbox 1157 611 1251 642; x_wconf 84' lang='lat' dir='ltr'><strong>Pauli</strong></span> <span class='ocrx_word' id='word_1_86' title='bbox 1276 614 1308 642; x_wconf 87' lang='lat' dir='ltr'><strong>et</strong></span> <span class='ocrx_word' id='word_1_87' title='bbox 1332 612 1415 642; x_wconf 85' lang='lat' dir='ltr'><strong>circa</strong></span> <span class='ocrx_word' id='word_1_88' title='bbox 1438 621 1495 641; x_wconf 91' lang='lat' dir='ltr'><strong>nos</strong></span> <span class='ocrx_word' id='word_1_89' title='bbox 1517 610 1650 650; x_wconf 83' lang='lat' dir='ltr'><strong>habeas,</strong></span> <span class='ocrx_word' id='word_1_90' title='bbox 1674 610 1745 640; x_wconf 88' lang='lat' dir='ltr'><strong>luce</strong></span> <span class='ocrx_word' id='word_1_91' title='bbox 1771 610 1886 640; x_wconf 87' lang='lat' dir='ltr'><strong>clarius</strong></span> <span class='ocrx_word' id='word_1_92' title='bbox 1903 610 1992 640; x_wconf 84' lang='lat' dir='ltr'><strong>novi-</strong></span> 
     </span>
     <span class='ocr_line' id='line_1_13' title="bbox 341 661 1993 706; baseline -0.004 -9"><span class='ocrx_word' id='word_1_93' title='bbox 341 678 420 698; x_wconf 90' lang='lat' dir='ltr'><strong>mus.</strong></span> <span class='ocrx_word' id='word_1_94' title='bbox 464 666 506 696; x_wconf 84' lang='lat' dir='ltr'><strong>Et</strong></span> <span class='ocrx_word' id='word_1_95' title='bbox 530 666 604 706; x_wconf 87' lang='lat' dir='ltr'><strong>quia</strong></span> <span class='ocrx_word' id='word_1_96' title='bbox 626 665 697 695; x_wconf 91' lang='lat' dir='ltr'><strong>Deo</strong></span> <span class='ocrx_word' id='word_1_97' title='bbox 722 664 851 695; x_wconf 84' lang='lat' dir='ltr'><strong>favente</strong></span> <span class='ocrx_word' id='word_1_98' title='bbox 877 664 967 705; x_wconf 85' lang='lat' dir='ltr'><strong>quasi</strong></span> <span class='ocrx_word' id='word_1_99' title='bbox 991 663 1126 694; x_wconf 89' lang='lat' dir='ltr'><strong>dilectus</strong></span> <span class='ocrx_word' id='word_1_100' title='bbox 1149 662 1232 693; x_wconf 82' lang='lat' dir='ltr'><strong>filius</strong></span> <span class='ocrx_word' id='word_1_101' title='bbox 1256 665 1365 693; x_wconf 88' lang='lat' dir='ltr'><strong>sancto</strong></span> <span class='ocrx_word' id='word_1_102' title='bbox 1390 662 1488 693; x_wconf 89' lang='lat' dir='ltr'><strong>Petro</strong></span> <span class='ocrx_word' id='word_1_103' title='bbox 1514 665 1545 693; x_wconf 92' lang='lat' dir='ltr'><strong>et</strong></span> <span class='ocrx_word' id='word_1_104' title='bbox 1568 662 1670 700; x_wconf 75' lang='lat' dir='ltr'><strong>nobis,</strong></span> <span class='ocrx_word' id='word_1_105' title='bbox 1695 662 1747 702; x_wconf 91' lang='lat' dir='ltr'><strong>qui</strong></span> <span class='ocrx_word' id='word_1_106' title='bbox 1772 671 1829 702; x_wconf 88' lang='lat' dir='ltr'><strong>per</strong></span> <span class='ocrx_word' id='word_1_107' title='bbox 1853 661 1993 692; x_wconf 87' lang='lat' dir='ltr'><strong>divinam</strong></span> 
     </span>
     <span class='ocr_line' id='line_1_14' title="bbox 343 712 1994 760; baseline -0.004 -11"><span class='ocrx_word' id='word_1_108' title='bbox 343 719 479 760; x_wconf 75' lang='lat' dir='ltr'><strong>gratiam</strong></span> <span class='ocrx_word' id='word_1_109' title='bbox 503 718 605 747; x_wconf 84' lang='lat' dir='ltr'><strong>vicem</strong></span> <span class='ocrx_word' id='word_1_110' title='bbox 631 716 699 746; x_wconf 88' lang='lat' dir='ltr'><strong>eius</strong></span> <span class='ocrx_word' id='word_1_111' title='bbox 722 719 882 755; x_wconf 75' lang='lat' dir='ltr'><strong>tenemus,</strong></span> <span class='ocrx_word' id='word_1_112' title='bbox 912 715 1015 745; x_wconf 86' lang='lat' dir='ltr'><strong>fidelis</strong></span> <span class='ocrx_word' id='word_1_113' title='bbox 1042 715 1074 745; x_wconf 92' lang='lat' dir='ltr'><strong>in</strong></span> <span class='ocrx_word' id='word_1_114' title='bbox 1099 713 1244 745; x_wconf 85' lang='lat' dir='ltr'><strong>omnibus</strong></span> <span class='ocrx_word' id='word_1_115' title='bbox 1273 717 1307 744; x_wconf 84' lang='lat' dir='ltr'><strong>et</strong></span> <span class='ocrx_word' id='word_1_116' title='bbox 1336 713 1490 745; x_wconf 87' lang='lat' dir='ltr'><strong>obediens</strong></span> <span class='ocrx_word' id='word_1_117' title='bbox 1519 723 1588 744; x_wconf 86' lang='lat' dir='ltr'><strong>esse</strong></span> <span class='ocrx_word' id='word_1_118' title='bbox 1617 713 1727 754; x_wconf 90' lang='lat' dir='ltr'><strong>cupias</strong></span> <span class='ocrx_word' id='word_1_119' title='bbox 1755 716 1808 744; x_wconf 62' lang='lat' dir='ltr'><strong>eta</strong></span> <span class='ocrx_word' id='word_1_120' title='bbox 1830 712 1994 743; x_wconf 86' lang='lat' dir='ltr'><strong>humiliter</strong></span> 
     </span>
     <span class='ocr_line' id='line_1_15' title="bbox 342 764 2038 811; baseline -0.004 -11"><span class='ocrx_word' id='word_1_121' title='bbox 342 770 510 811; x_wconf 77' lang='lat' dir='ltr'><strong>profiteris,</strong></span> <span class='ocrx_word' id='word_1_122' title='bbox 535 772 588 808; x_wconf 75' lang='lat' dir='ltr'><strong>tue</strong></span> <span class='ocrx_word' id='word_1_123' title='bbox 612 767 770 798; x_wconf 85' lang='lat' dir='ltr'><strong>nobilitati</strong></span> <span class='ocrx_word' id='word_1_124' title='bbox 793 767 905 807; x_wconf 83' lang='lat' dir='ltr'><strong>dignas</strong></span> <span class='ocrx_word' id='word_1_125' title='bbox 921 766 1015 797; x_wconf 78' lang='lat' dir='ltr'><strong>valde</strong></span> <span class='ocrx_word' id='word_1_126' title='bbox 1039 766 1158 807; x_wconf 80' lang='lat' dir='ltr'><strong>gratias</strong></span> <span class='ocrx_word' id='word_1_127' title='bbox 1182 765 1230 795; x_wconf 88' lang='lat' dir='ltr'><strong>his</strong></span> <span class='ocrx_word' id='word_1_128' title='bbox 1254 766 1354 796; x_wconf 81' lang='lat' dir='ltr'><strong>nostri</strong></span> <span class='ocrx_word' id='word_1_129' title='bbox 1377 764 1577 806; x_wconf 85' lang='lat' dir='ltr'><strong>apostolatus</strong></span> <span class='ocrx_word' id='word_1_130' title='bbox 1599 764 1715 795; x_wconf 82' lang='lat' dir='ltr'><strong>litteris</strong></span> <span class='ocrx_word' id='word_1_131' title='bbox 1738 765 1863 805; x_wconf 84' lang='lat' dir='ltr'><strong>agimus</strong></span> <span class='ocrx_word' id='word_1_132' title='bbox 1885 766 1993 805; x_wconf 87' lang='lat' dir='ltr'><strong>pater·</strong></span> <span class='ocrx_word' id='word_1_133' title='bbox 2013 772 2038 791; x_wconf 79' lang='grc' dir='ltr'><strong>ιο</strong></span> 
     </span>
     <span class='ocr_line' id='line_1_16' title="bbox 343 815 1994 862; baseline -0.004 -11"><span class='ocrx_word' id='word_1_134' title='bbox 343 831 449 862; x_wconf 89' lang='lat' dir='ltr'><strong>noque</strong></span> <span class='ocrx_word' id='word_1_135' title='bbox 477 830 586 850; x_wconf 82' lang='lat' dir='ltr'><strong>amore</strong></span> <span class='ocrx_word' id='word_1_136' title='bbox 615 822 727 860; x_wconf 81' lang='lat' dir='ltr'><strong>utpote</strong></span> <span class='ocrx_word' id='word_1_137' title='bbox 756 819 960 849; x_wconf 87' lang='lat' dir='ltr'><strong>karissimum</strong></span> <span class='ocrx_word' id='word_1_138' title='bbox 984 817 1084 848; x_wconf 89' lang='lat' dir='ltr'><strong>filium</strong></span> <span class='ocrx_word' id='word_1_139' title='bbox 1109 817 1150 847; x_wconf 87' lang='lat' dir='ltr'><strong>ad</strong></span> <span class='ocrx_word' id='word_1_140' title='bbox 1173 817 1331 858; x_wconf 88' lang='lat' dir='ltr'><strong>gremium</strong></span> <span class='ocrx_word' id='word_1_141' title='bbox 1355 820 1464 857; x_wconf 72' lang='lat' dir='ltr'><strong>sancte</strong></span> <span class='ocrx_word' id='word_1_142' title='bbox 1489 816 1574 847; x_wconf 87' lang='lat' dir='ltr'><strong>sedis</strong></span> <span class='ocrx_word' id='word_1_143' title='bbox 1597 815 1772 856; x_wconf 74' lang='lat' dir='ltr'><strong>apostolice</strong></span> <span class='ocrx_word' id='word_1_144' title='bbox 1796 816 1907 846; x_wconf 88' lang='lat' dir='ltr'><strong>matris</strong></span> <span class='ocrx_word' id='word_1_145' title='bbox 1930 818 1994 856; x_wconf 68' lang='lat' dir='ltr'><strong>tue,</strong></span> 
     </span>
     <span class='ocr_line' id='line_1_17' title="bbox 344 867 1995 911; baseline -0.004 -8"><span class='ocrx_word' id='word_1_146' title='bbox 344 873 384 903; x_wconf 91' lang='lat' dir='ltr'><strong>de</strong></span> <span class='ocrx_word' id='word_1_147' title='bbox 418 872 506 903; x_wconf 87' lang='lat' dir='ltr'><strong>cuius</strong></span> <span class='ocrx_word' id='word_1_148' title='bbox 541 871 692 902; x_wconf 86' lang='lat' dir='ltr'><strong>videlicet</strong></span> <span class='ocrx_word' id='word_1_149' title='bbox 726 871 896 911; x_wconf 86' lang='lat' dir='ltr'><strong>purissimo</strong></span> <span class='ocrx_word' id='word_1_150' title='bbox 926 869 1014 900; x_wconf 82' lang='lat' dir='ltr'><strong>fonte</strong></span> <span class='ocrx_word' id='word_1_151' title='bbox 1045 872 1154 909; x_wconf 84' lang='lat' dir='ltr'><strong>patres</strong></span> <span class='ocrx_word' id='word_1_152' title='bbox 1184 868 1229 899; x_wconf 87' lang='lat' dir='ltr'><strong>tui</strong></span> <span class='ocrx_word' id='word_1_153' title='bbox 1257 868 1411 899; x_wconf 89' lang='lat' dir='ltr'><strong>melliflua</strong></span> <span class='ocrx_word' id='word_1_154' title='bbox 1442 871 1550 908; x_wconf 68' lang='lat' dir='ltr'><strong>sancte</strong></span> <span class='ocrx_word' id='word_1_155' title='bbox 1581 867 1810 909; x_wconf 77' lang='lat' dir='ltr'><strong>predicationis</strong></span> <span class='ocrx_word' id='word_1_156' title='bbox 1840 869 1995 908; x_wconf 84' lang='lat' dir='ltr'><strong>potavere</strong></span> 
     </span>
     <span class='ocr_line' id='line_1_18' title="bbox 344 918 1996 962; baseline -0.004 -8"><span class='ocrx_word' id='word_1_157' title='bbox 344 925 473 960; x_wconf 78' lang='lat' dir='ltr'><strong>fluenta,</strong></span> <span class='ocrx_word' id='word_1_158' title='bbox 497 923 687 953; x_wconf 86' lang='lat' dir='ltr'><strong>redeuntem</strong></span> <span class='ocrx_word' id='word_1_159' title='bbox 711 922 899 962; x_wconf 73' lang='lat' dir='ltr'><strong>suscipimus</strong></span> <span class='ocrx_word' id='word_1_160' title='bbox 923 924 956 951; x_wconf 91' lang='lat' dir='ltr'><strong>et</strong></span> <span class='ocrx_word' id='word_1_161' title='bbox 971 920 1166 961; x_wconf 83' lang='lat' dir='ltr'><strong>spiritalibus</strong></span> <span class='ocrx_word' id='word_1_162' title='bbox 1183 919 1408 960; x_wconf 79' lang='lat' dir='ltr'><strong>amplectimur</strong></span> <span class='ocrx_word' id='word_1_163' title='bbox 1424 919 1526 950; x_wconf 77' lang='lat' dir='ltr'><strong>ulnisb</strong></span> <span class='ocrx_word' id='word_1_164' title='bbox 1543 921 1640 960; x_wconf 87' lang='lat' dir='ltr'><strong>atque</strong></span> <span class='ocrx_word' id='word_1_165' title='bbox 1657 919 1834 960; x_wconf 86' lang='lat' dir='ltr'><strong>apostolica</strong></span> <span class='ocrx_word' id='word_1_166' title='bbox 1850 918 1996 949; x_wconf 86' lang='lat' dir='ltr'><strong>volumus</strong></span> 
     </span>
     <span class='ocr_line' id='line_1_19' title="bbox 345 970 1995 1016; baseline -0.004 -10"><span class='ocrx_word' id='word_1_167' title='bbox 345 976 543 1016; x_wconf 75' lang='lat' dir='ltr'><strong>benignitate</strong></span> <span class='ocrx_word' id='word_1_168' title='bbox 568 974 687 1013; x_wconf 74' lang='lat' dir='ltr'><strong>fovere,</strong></span> <span class='ocrx_word' id='word_1_169' title='bbox 710 977 745 1003; x_wconf 85' lang='lat' dir='ltr'><strong>ut</strong></span> <span class='ocrx_word' id='word_1_170' title='bbox 768 973 905 1013; x_wconf 78' lang='lat' dir='ltr'><strong>gratiam</strong></span> <span class='ocrx_word' id='word_1_171' title='bbox 930 976 962 1003; x_wconf 85' lang='lat' dir='ltr'><strong>et</strong></span> <span class='ocrx_word' id='word_1_172' title='bbox 979 971 1237 1003; x_wconf 84' lang='lat' dir='ltr'><strong>benedictionem</strong></span> <span class='ocrx_word' id='word_1_173' title='bbox 1253 971 1316 1001; x_wconf 90' lang='lat' dir='ltr'><strong>Dei</strong></span> <span class='ocrx_word' id='word_1_174' title='bbox 1332 975 1578 1012; x_wconf 88' lang='lat' dir='ltr'><strong>sanctorumque</strong></span> <span class='ocrx_word' id='word_1_175' title='bbox 1595 971 1686 1001; x_wconf 86' lang='lat' dir='ltr'><strong>Petri</strong></span> <span class='ocrx_word' id='word_1_176' title='bbox 1702 980 1739 1001; x_wconf 88' lang='lat' dir='ltr'><strong>ac</strong></span> <span class='ocrx_word' id='word_1_177' title='bbox 1755 970 1849 1001; x_wconf 89' lang='lat' dir='ltr'><strong>Pauli</strong></span> <span class='ocrx_word' id='word_1_178' title='bbox 1866 972 1995 1010; x_wconf 86' lang='lat' dir='ltr'><strong>aposto-</strong></span> 
     </span>
     <span class='ocr_line' id='line_1_20' title="bbox 345 1021 2039 1067; baseline -0.004 -9"><span class='ocrx_word' id='word_1_179' title='bbox 345 1028 448 1059; x_wconf 88' lang='lat' dir='ltr'><strong>lorum</strong></span> <span class='ocrx_word' id='word_1_180' title='bbox 482 1026 678 1067; x_wconf 81' lang='lat' dir='ltr'><strong>principumc</strong></span> <span class='ocrx_word' id='word_1_181' title='bbox 710 1028 742 1055; x_wconf 84' lang='lat' dir='ltr'><strong>et</strong></span> <span class='ocrx_word' id='word_1_182' title='bbox 775 1027 915 1055; x_wconf 86' lang='lat' dir='ltr'><strong>nostram</strong></span> <span class='ocrx_word' id='word_1_183' title='bbox 951 1034 1047 1065; x_wconf 88' lang='lat' dir='ltr'><strong>super</strong></span> <span class='ocrx_word' id='word_1_184' title='bbox 1075 1027 1106 1054; x_wconf 87' lang='lat' dir='ltr'><strong>te</strong></span> <span class='ocrx_word' id='word_1_185' title='bbox 1135 1023 1259 1054; x_wconf 86' lang='lat' dir='ltr'><strong>habens</strong></span> <span class='ocrx_word' id='word_1_186' title='bbox 1288 1022 1437 1053; x_wconf 87' lang='lat' dir='ltr'><strong>diffusam</strong></span> <span class='ocrx_word' id='word_1_187' title='bbox 1469 1032 1487 1052; x_wconf 86' lang='lat' dir='ltr'><strong>a</strong></span> <span class='ocrx_word' id='word_1_188' title='bbox 1517 1021 1695 1052; x_wconf 83' lang='lat' dir='ltr'><strong>visibilibus</strong></span> <span class='ocrx_word' id='word_1_189' title='bbox 1724 1025 1756 1053; x_wconf 84' lang='lat' dir='ltr'><strong>et</strong></span> <span class='ocrx_word' id='word_1_190' title='bbox 1785 1021 1996 1052; x_wconf 86' lang='lat' dir='ltr'><strong>invisibilibus</strong></span> <span class='ocrx_word' id='word_1_191' title='bbox 2015 1029 2039 1048; x_wconf 83' lang='lat'><strong>15</strong></span> 
     </span>
     <span class='ocr_line' id='line_1_21' title="bbox 345 1073 1998 1118; baseline -0.004 -9"><span class='ocrx_word' id='word_1_192' title='bbox 345 1079 499 1117; x_wconf 82' lang='lat' dir='ltr'><strong>hostibus,</strong></span> <span class='ocrx_word' id='word_1_193' title='bbox 525 1079 577 1118; x_wconf 89' lang='lat' dir='ltr'><strong>qui</strong></span> <span class='ocrx_word' id='word_1_194' title='bbox 601 1077 695 1107; x_wconf 85' lang='lat' dir='ltr'><strong>saluti</strong></span> <span class='ocrx_word' id='word_1_195' title='bbox 718 1076 857 1116; x_wconf 72' lang='lat' dir='ltr'><strong>humane</strong></span> <span class='ocrx_word' id='word_1_196' title='bbox 881 1075 1024 1106; x_wconf 85' lang='lat' dir='ltr'><strong>insidiari</strong></span> <span class='ocrx_word' id='word_1_197' title='bbox 1049 1078 1081 1106; x_wconf 86' lang='lat' dir='ltr'><strong>et</strong></span> <span class='ocrx_word' id='word_1_198' title='bbox 1103 1074 1260 1116; x_wconf 83' lang='lat' dir='ltr'><strong>impedire</strong></span> <span class='ocrx_word' id='word_1_199' title='bbox 1284 1085 1347 1105; x_wconf 89' lang='lat' dir='ltr'><strong>non</strong></span> <span class='ocrx_word' id='word_1_200' title='bbox 1365 1077 1500 1113; x_wconf 70' lang='lat' dir='ltr'><strong>cessant,</strong></span> <span class='ocrx_word' id='word_1_201' title='bbox 1525 1073 1631 1104; x_wconf 90' lang='lat' dir='ltr'><strong>salvus</strong></span> <span class='ocrx_word' id='word_1_202' title='bbox 1655 1083 1783 1114; x_wconf 88' lang='lat' dir='ltr'><strong>semper</strong></span> <span class='ocrx_word' id='word_1_203' title='bbox 1806 1083 1843 1104; x_wconf 87' lang='lat' dir='ltr'><strong>ac</strong></span> <span class='ocrx_word' id='word_1_204' title='bbox 1867 1083 1998 1104; x_wconf 89' lang='lat' dir='ltr'><strong>securus</strong></span> 
     </span>
     <span class='ocr_line' id='line_1_22' title="bbox 347 1125 1997 1169; baseline -0.003 -9"><span class='ocrx_word' id='word_1_205' title='bbox 347 1131 465 1161; x_wconf 80' lang='lat' dir='ltr'><strong>existas</strong></span> <span class='ocrx_word' id='word_1_206' title='bbox 494 1132 701 1169; x_wconf 85' lang='lat' dir='ltr'><strong>optat-amque</strong></span> <span class='ocrx_word' id='word_1_207' title='bbox 731 1127 770 1158; x_wconf 86' lang='lat' dir='ltr'><strong>de</strong></span> <span class='ocrx_word' id='word_1_208' title='bbox 798 1127 934 1158; x_wconf 86' lang='lat' dir='ltr'><strong>inimicis</strong></span> <span class='ocrx_word' id='word_1_209' title='bbox 962 1127 1127 1158; x_wconf 86' lang='lat' dir='ltr'><strong>victoriam</strong></span> <span class='ocrx_word' id='word_1_210' title='bbox 1156 1127 1281 1157; x_wconf 85' lang='lat' dir='ltr'><strong>facilius</strong></span> <span class='ocrx_word' id='word_1_211' title='bbox 1310 1126 1412 1167; x_wconf 90' lang='lat' dir='ltr'><strong>possis</strong></span> <span class='ocrx_word' id='word_1_212' title='bbox 1440 1125 1571 1156; x_wconf 87' lang='lat' dir='ltr'><strong>habere.</strong></span> <span class='ocrx_word' id='word_1_213' title='bbox 1617 1125 1702 1156; x_wconf 84' lang='lat' dir='ltr'><strong>Nam</strong></span> <span class='ocrx_word' id='word_1_214' title='bbox 1726 1128 1844 1166; x_wconf 86' lang='lat' dir='ltr'><strong>quanto</strong></span> <span class='ocrx_word' id='word_1_215' title='bbox 1868 1125 1936 1166; x_wconf 87' lang='lat' dir='ltr'><strong>ipse</strong></span> <span class='ocrx_word' id='word_1_216' title='bbox 1965 1127 1997 1155; x_wconf 86' lang='lat' dir='ltr'><strong>te</strong></span> 
     </span>
     <span class='ocr_line' id='line_1_23' title="bbox 346 1177 1997 1220; baseline -0.004 -8"><span class='ocrx_word' id='word_1_217' title='bbox 346 1182 416 1213; x_wconf 89' lang='lat' dir='ltr'><strong>Deo</strong></span> <span class='ocrx_word' id='word_1_218' title='bbox 445 1181 609 1211; x_wconf 85' lang='lat' dir='ltr'><strong>humiliter</strong></span> <span class='ocrx_word' id='word_1_219' title='bbox 635 1179 771 1210; x_wconf 86' lang='lat' dir='ltr'><strong>subdere</strong></span> <span class='ocrx_word' id='word_1_220' title='bbox 796 1180 977 1219; x_wconf 80' lang='lat' dir='ltr'><strong>sanctisque</strong></span> <span class='ocrx_word' id='word_1_221' title='bbox 1001 1179 1100 1220; x_wconf 88' lang='lat' dir='ltr'><strong>ipsius</strong></span> <span class='ocrx_word' id='word_1_222' title='bbox 1124 1178 1257 1209; x_wconf 89' lang='lat' dir='ltr'><strong>obedire</strong></span> <span class='ocrx_word' id='word_1_223' title='bbox 1281 1178 1442 1219; x_wconf 76' lang='lat' dir='ltr'><strong>preceptis</strong></span> <span class='ocrx_word' id='word_1_224' title='bbox 1466 1177 1625 1208; x_wconf 72' lang='lat' dir='ltr'><strong>studueris</strong></span> <span class='ocrx_word' id='word_1_225' title='bbox 1649 1180 1746 1218; x_wconf 86' lang='lat' dir='ltr'><strong>atque</strong></span> <span class='ocrx_word' id='word_1_226' title='bbox 1770 1177 1868 1218; x_wconf 88' lang='lat' dir='ltr'><strong>ipsius</strong></span> <span class='ocrx_word' id='word_1_227' title='bbox 1892 1186 1997 1207; x_wconf 86' lang='lat' dir='ltr'><strong>sacer-</strong></span> 
     </span>
     <span class='ocr_line' id='line_1_24' title="bbox 348 1228 1998 1270; baseline -0.003 -7"><span class='ocrx_word' id='word_1_228' title='bbox 348 1233 474 1264; x_wconf 84' lang='lat' dir='ltr'><strong>dotibus</strong></span> <span class='ocrx_word' id='word_1_229' title='bbox 499 1235 531 1263; x_wconf 89' lang='lat' dir='ltr'><strong>et</strong></span> <span class='ocrx_word' id='word_1_230' title='bbox 553 1232 703 1262; x_wconf 76' lang='lat' dir='ltr'><strong>ministris</strong></span> <span class='ocrx_word' id='word_1_231' title='bbox 726 1231 881 1261; x_wconf 88' lang='lat' dir='ltr'><strong>honorem</strong></span> <span class='ocrx_word' id='word_1_232' title='bbox 898 1229 1136 1270; x_wconf 71' lang='lat' dir='ltr'><strong>debitumdpro</strong></span> <span class='ocrx_word' id='word_1_233' title='bbox 1159 1240 1268 1260; x_wconf 89' lang='lat' dir='ltr'><strong>amore</strong></span> <span class='ocrx_word' id='word_1_234' title='bbox 1284 1229 1415 1260; x_wconf 89' lang='lat' dir='ltr'><strong>Domini</strong></span> <span class='ocrx_word' id='word_1_235' title='bbox 1433 1228 1628 1268; x_wconf 82' lang='lat' dir='ltr'><strong>exhibueris,</strong></span> <span class='ocrx_word' id='word_1_236' title='bbox 1652 1231 1740 1259; x_wconf 86' lang='lat' dir='ltr'><strong>tanto</strong></span> <span class='ocrx_word' id='word_1_237' title='bbox 1757 1238 1854 1269; x_wconf 89' lang='lat' dir='ltr'><strong>super</strong></span> <span class='ocrx_word' id='word_1_238' title='bbox 1870 1232 1998 1259; x_wconf 74' lang='lat' dir='ltr'><strong>omnese</strong></span> 
     </span>
     <span class='ocr_line' id='line_1_25' title="bbox 346 1279 2044 1322; baseline -0.004 -6"><span class='ocrx_word' id='word_1_239' title='bbox 346 1286 491 1316; x_wconf 88' lang='lat' dir='ltr'><strong>inimicos</strong></span> <span class='ocrx_word' id='word_1_240' title='bbox 516 1288 586 1314; x_wconf 88' lang='lat' dir='ltr'><strong>tuos</strong></span> <span class='ocrx_word' id='word_1_241' title='bbox 604 1286 635 1314; x_wconf 88' lang='lat' dir='ltr'><strong>et</strong></span> <span class='ocrx_word' id='word_1_242' title='bbox 651 1283 790 1313; x_wconf 83' lang='lat' dir='ltr'><strong>rebelles</strong></span> <span class='ocrx_word' id='word_1_243' title='bbox 808 1282 1009 1313; x_wconf 84' lang='lat' dir='ltr'><strong>adversarios</strong></span> <span class='ocrx_word' id='word_1_244' title='bbox 1026 1283 1087 1312; x_wconf 90' lang='lat' dir='ltr'><strong>eris</strong></span> <span class='ocrx_word' id='word_1_245' title='bbox 1103 1281 1214 1322; x_wconf 90' lang='lat' dir='ltr'><strong>procul</strong></span> <span class='ocrx_word' id='word_1_246' title='bbox 1231 1281 1328 1312; x_wconf 89' lang='lat' dir='ltr'><strong>dubio</strong></span> <span class='ocrx_word' id='word_1_247' title='bbox 1346 1282 1449 1311; x_wconf 86' lang='lat' dir='ltr'><strong>victor</strong></span> <span class='ocrx_word' id='word_1_248' title='bbox 1466 1284 1497 1311; x_wconf 88' lang='lat' dir='ltr'><strong>et</strong></span> <span class='ocrx_word' id='word_1_249' title='bbox 1514 1283 1637 1321; x_wconf 73' lang='lat' dir='ltr'><strong>potens</strong></span> <span class='ocrx_word' id='word_1_250' title='bbox 1683 1279 1725 1310; x_wconf 86' lang='lat' dir='ltr'><strong>Et</strong></span> <span class='ocrx_word' id='word_1_251' title='bbox 1740 1279 1814 1310; x_wconf 90' lang='lat' dir='ltr'><strong>ideo</strong></span> <span class='ocrx_word' id='word_1_252' title='bbox 1832 1289 1999 1310; x_wconf 90' lang='lat' dir='ltr'><strong>monemus</strong></span> <span class='ocrx_word' id='word_1_253' title='bbox 2019 1286 2044 1305; x_wconf 79' lang='lat'><strong>2⁰</strong></span> 
     </span>
     <span class='ocr_line' id='line_1_26' title="bbox 348 1331 2000 1375; baseline -0.004 -8"><span class='ocrx_word' id='word_1_254' title='bbox 348 1336 535 1367; x_wconf 81' lang='lat' dir='ltr'><strong>industriam</strong></span> <span class='ocrx_word' id='word_1_255' title='bbox 565 1338 665 1375; x_wconf 70' lang='lat' dir='ltr'><strong>tuam,</strong></span> <span class='ocrx_word' id='word_1_256' title='bbox 696 1337 731 1364; x_wconf 74' lang='lat' dir='ltr'><strong>ut</strong></span> <span class='ocrx_word' id='word_1_257' title='bbox 759 1335 790 1364; x_wconf 91' lang='lat' dir='ltr'><strong>in</strong></span> <span class='ocrx_word' id='word_1_258' title='bbox 815 1334 961 1364; x_wconf 88' lang='lat' dir='ltr'><strong>omnibus</strong></span> <span class='ocrx_word' id='word_1_259' title='bbox 985 1334 1046 1364; x_wconf 83' lang='lat' dir='ltr'><strong>tuis</strong></span> <span class='ocrx_word' id='word_1_260' title='bbox 1071 1333 1194 1364; x_wconf 87' lang='lat' dir='ltr'><strong>actibus</strong></span> <span class='ocrx_word' id='word_1_261' title='bbox 1218 1332 1340 1363; x_wconf 71' lang='lat' dir='ltr'><strong>Deum‘</strong></span> <span class='ocrx_word' id='word_1_262' title='bbox 1362 1343 1492 1373; x_wconf 85' lang='lat' dir='ltr'><strong>semper</strong></span> <span class='ocrx_word' id='word_1_263' title='bbox 1516 1343 1572 1373; x_wconf 90' lang='lat' dir='ltr'><strong>pre</strong></span> <span class='ocrx_word' id='word_1_264' title='bbox 1598 1331 1697 1363; x_wconf 85' lang='lat' dir='ltr'><strong>oculis</strong></span> <span class='ocrx_word' id='word_1_265' title='bbox 1720 1331 1855 1371; x_wconf 77' lang='lat' dir='ltr'><strong>habeas,</strong></span> <span class='ocrx_word' id='word_1_266' title='bbox 1885 1332 2000 1362; x_wconf 86' lang='lat' dir='ltr'><strong>timeas</strong></span> 
     </span>
     <span class='ocr_line' id='line_1_27' title="bbox 348 1382 2000 1427; baseline -0.003 -9"><span class='ocrx_word' id='word_1_267' title='bbox 348 1391 379 1419; x_wconf 88' lang='lat' dir='ltr'><strong>et</strong></span> <span class='ocrx_word' id='word_1_268' title='bbox 403 1391 470 1419; x_wconf 90' lang='lat' dir='ltr'><strong>toto</strong></span> <span class='ocrx_word' id='word_1_269' title='bbox 495 1387 609 1427; x_wconf 79' lang='lat' dir='ltr'><strong>diligas</strong></span> <span class='ocrx_word' id='word_1_270' title='bbox 633 1386 745 1424; x_wconf 66' lang='lat' dir='ltr'><strong>corde,</strong></span> <span class='ocrx_word' id='word_1_271' title='bbox 773 1386 923 1426; x_wconf 79' lang='lat' dir='ltr'><strong>quoniam</strong></span> <span class='ocrx_word' id='word_1_272' title='bbox 948 1385 1075 1415; x_wconf 78' lang='lat' dir='ltr'><strong>dicente</strong></span> <span class='ocrx_word' id='word_1_273' title='bbox 1099 1385 1279 1425; x_wconf 84' lang='lat' dir='ltr'><strong>psalmista:</strong></span> <span class='ocrx_word' id='word_1_274' title='bbox 1308 1384 1441 1414; x_wconf 82' lang='lat' dir='ltr'><strong>‘Beatus</strong></span> <span class='ocrx_word' id='word_1_275' title='bbox 1466 1387 1514 1414; x_wconf 87' lang='lat' dir='ltr'><strong>est</strong></span> <span class='ocrx_word' id='word_1_276' title='bbox 1537 1384 1598 1423; x_wconf 78' lang='lat' dir='ltr'><strong>vir,</strong></span> <span class='ocrx_word' id='word_1_277' title='bbox 1623 1384 1676 1424; x_wconf 90' lang='lat' dir='ltr'><strong>qui</strong></span> <span class='ocrx_word' id='word_1_278' title='bbox 1700 1384 1793 1413; x_wconf 87' lang='lat' dir='ltr'><strong>timet</strong></span> <span class='ocrx_word' id='word_1_279' title='bbox 1814 1382 2000 1422; x_wconf 86' lang='lat' dir='ltr'><strong>Dominum,</strong></span> 
     </span>
     <span class='ocr_line' id='line_1_28' title="bbox 346 1434 1999 1477; baseline -0.004 -7"><span class='ocrx_word' id='word_1_280' title='bbox 346 1441 377 1470; x_wconf 89' lang='lat' dir='ltr'><strong>in</strong></span> <span class='ocrx_word' id='word_1_281' title='bbox 406 1438 565 1469; x_wconf 84' lang='lat' dir='ltr'><strong>mandatis</strong></span> <span class='ocrx_word' id='word_1_282' title='bbox 593 1438 662 1468; x_wconf 87' lang='lat' dir='ltr'><strong>eius</strong></span> <span class='ocrx_word' id='word_1_283' title='bbox 690 1437 777 1477; x_wconf 87' lang='lat' dir='ltr'><strong>cupit</strong></span> <span class='ocrx_word' id='word_1_284' title='bbox 804 1437 912 1473; x_wconf 89' lang='lat' dir='ltr'><strong>nin1is;</strong></span> <span class='ocrx_word' id='word_1_285' title='bbox 943 1439 1058 1477; x_wconf 86' lang='lat' dir='ltr'><strong>potens</strong></span> <span class='ocrx_word' id='word_1_286' title='bbox 1086 1436 1117 1466; x_wconf 91' lang='lat' dir='ltr'><strong>in</strong></span> <span class='ocrx_word' id='word_1_287' title='bbox 1142 1439 1227 1466; x_wconf 86' lang='lat' dir='ltr'><strong>terra</strong></span> <span class='ocrx_word' id='word_1_288' title='bbox 1256 1436 1316 1466; x_wconf 87' lang='lat' dir='ltr'><strong>erit</strong></span> <span class='ocrx_word' id='word_1_289' title='bbox 1343 1445 1455 1466; x_wconf 89' lang='lat' dir='ltr'><strong>semen</strong></span> <span class='ocrx_word' id='word_1_290' title='bbox 1479 1435 1567 1476; x_wconf 66' lang='lat' dir='ltr'><strong>eius²‚</strong></span> <span class='ocrx_word' id='word_1_291' title='bbox 1601 1438 1632 1466; x_wconf 88' lang='lat' dir='ltr'><strong>et</strong></span> <span class='ocrx_word' id='word_1_292' title='bbox 1662 1436 1731 1476; x_wconf 93' lang='lat' dir='ltr'><strong>ipse</strong></span> <span class='ocrx_word' id='word_1_293' title='bbox 1760 1435 1792 1464; x_wconf 91' lang='lat' dir='ltr'><strong>in</strong></span> <span class='ocrx_word' id='word_1_294' title='bbox 1817 1434 1999 1475; x_wconf 86' lang='lat' dir='ltr'><strong>evangelio:</strong></span> 
     </span>
     <span class='ocr_line' id='line_1_29' title="bbox 350 1484 2002 1530; baseline -0.003 -9"><span class='ocrx_word' id='word_1_295' title='bbox 350 1491 424 1526; x_wconf 83' lang='lat' dir='ltr'><strong>‘Qui</strong></span> <span class='ocrx_word' id='word_1_296' title='bbox 447 1490 519 1525; x_wconf 71' lang='lat' dir='ltr'><strong>me‘,</strong></span> <span class='ocrx_word' id='word_1_297' title='bbox 544 1490 654 1530; x_wconf 74' lang='lat' dir='ltr'><strong>inquit,</strong></span> <span class='ocrx_word' id='word_1_298' title='bbox 678 1488 808 1529; x_wconf 63' lang='lat' dir='ltr'><strong>‘dilig-git,</strong></span> <span class='ocrx_word' id='word_1_299' title='bbox 836 1498 1017 1518; x_wconf 84' lang='lat' dir='ltr'><strong>sermonem</strong></span> <span class='ocrx_word' id='word_1_300' title='bbox 1041 1498 1148 1518; x_wconf 89' lang='lat' dir='ltr'><strong>meum</strong></span> <span class='ocrx_word' id='word_1_301' title='bbox 1172 1487 1333 1518; x_wconf 79' lang='lat' dir='ltr'><strong>servabitg</strong></span> <span class='ocrx_word' id='word_1_302' title='bbox 1357 1490 1388 1518; x_wconf 86' lang='lat' dir='ltr'><strong>et</strong></span> <span class='ocrx_word' id='word_1_303' title='bbox 1412 1490 1505 1528; x_wconf 88' lang='lat' dir='ltr'><strong>pater</strong></span> <span class='ocrx_word' id='word_1_304' title='bbox 1532 1497 1622 1518; x_wconf 89' lang='lat' dir='ltr'><strong>meus</strong></span> <span class='ocrx_word' id='word_1_305' title='bbox 1651 1486 1783 1527; x_wconf 80' lang='lat' dir='ltr'><strong>diligeth</strong></span> <span class='ocrx_word' id='word_1_306' title='bbox 1807 1496 1881 1516; x_wconf 91' lang='lat' dir='ltr'><strong>eum</strong></span> <span class='ocrx_word' id='word_1_307' title='bbox 1905 1488 1937 1516; x_wconf 92' lang='lat' dir='ltr'><strong>et</strong></span> <span class='ocrx_word' id='word_1_308' title='bbox 1960 1484 2002 1515; x_wconf 89' lang='lat' dir='ltr'><strong>ad</strong></span> 
     </span>
     <span class='ocr_line' id='line_1_30' title="bbox 352 1536 2045 1580; baseline -0.004 -7"><span class='ocrx_word' id='word_1_309' title='bbox 352 1553 424 1574; x_wconf 91' lang='lat' dir='ltr'><strong>eum</strong></span> <span class='ocrx_word' id='word_1_310' title='bbox 454 1542 618 1572; x_wconf 79' lang='lat' dir='ltr'><strong>veniemus</strong></span> <span class='ocrx_word' id='word_1_311' title='bbox 653 1543 685 1571; x_wconf 85' lang='lat' dir='ltr'><strong>et</strong></span> <span class='ocrx_word' id='word_1_312' title='bbox 718 1541 915 1570; x_wconf 85' lang='lat' dir='ltr'><strong>mansionem</strong></span> <span class='ocrx_word' id='word_1_313' title='bbox 949 1539 1034 1580; x_wconf 89' lang='lat' dir='ltr'><strong>apud</strong></span> <span class='ocrx_word' id='word_1_314' title='bbox 1063 1549 1135 1569; x_wconf 90' lang='lat' dir='ltr'><strong>eum</strong></span> <span class='ocrx_word' id='word_1_315' title='bbox 1167 1538 1341 1569; x_wconf 63' lang='lat' dir='ltr'><strong>faciemus*⁴</strong></span> <span class='ocrx_word' id='word_1_316' title='bbox 1389 1538 1482 1574; x_wconf 84' lang='lat' dir='ltr'><strong>Quod</strong></span> <span class='ocrx_word' id='word_1_317' title='bbox 1512 1549 1583 1569; x_wconf 89' lang='lat' dir='ltr'><strong>cum</strong></span> <span class='ocrx_word' id='word_1_318' title='bbox 1611 1539 1656 1569; x_wconf 84' lang='lat' dir='ltr'><strong>ita</strong></span> <span class='ocrx_word' id='word_1_319' title='bbox 1685 1539 1738 1577; x_wconf 80' lang='lat' dir='ltr'><strong>sit,</strong></span> <span class='ocrx_word' id='word_1_320' title='bbox 1769 1538 1795 1567; x_wconf 88' lang='lat' dir='ltr'><strong>si</strong></span> <span class='ocrx_word' id='word_1_321' title='bbox 1822 1538 1883 1568; x_wconf 89' lang='lat' dir='ltr'><strong>tuis</strong></span> <span class='ocrx_word' id='word_1_322' title='bbox 1911 1536 2001 1567; x_wconf 90' lang='lat' dir='ltr'><strong>bonis</strong></span> <span class='ocrx_word' id='word_1_323' title='bbox 2020 1543 2045 1562; x_wconf 81' lang='lat'><strong>2⁵</strong></span> 
     </span>
     <span class='ocr_line' id='line_1_31' title="bbox 353 1588 2003 1635; baseline -0.004 -10"><span class='ocrx_word' id='word_1_324' title='bbox 353 1593 502 1635; x_wconf 89' lang='lat' dir='ltr'><strong>operibus</strong></span> <span class='ocrx_word' id='word_1_325' title='bbox 525 1593 556 1623; x_wconf 86' lang='lat' dir='ltr'><strong>in</strong></span> <span class='ocrx_word' id='word_1_326' title='bbox 580 1592 721 1632; x_wconf 82' lang='lat' dir='ltr'><strong>presenti</strong></span> <span class='ocrx_word' id='word_1_327' title='bbox 745 1590 925 1622; x_wconf 78' lang='lat' dir='ltr'><strong>lucentibus</strong></span> <span class='ocrx_word' id='word_1_328' title='bbox 948 1591 1053 1621; x_wconf 90' lang='lat' dir='ltr'><strong>Deum</strong></span> <span class='ocrx_word' id='word_1_329' title='bbox 1079 1590 1317 1631; x_wconf 85' lang='lat' dir='ltr'><strong>glorificaveris,</strong></span> <span class='ocrx_word' id='word_1_330' title='bbox 1341 1590 1445 1631; x_wconf 84' lang='lat' dir='ltr'><strong>gloria</strong></span> <span class='ocrx_word' id='word_1_331' title='bbox 1470 1591 1532 1620; x_wconf 87' lang='lat' dir='ltr'><strong>eris</strong></span> <span class='ocrx_word' id='word_1_332' title='bbox 1553 1590 1748 1631; x_wconf 85' lang='lat' dir='ltr'><strong>sempiterna</strong></span> <span class='ocrx_word' id='word_1_333' title='bbox 1764 1589 1794 1618; x_wconf 91' lang='lat' dir='ltr'><strong>in</strong></span> <span class='ocrx_word' id='word_1_334' title='bbox 1813 1588 1918 1619; x_wconf 85' lang='lat' dir='ltr'><strong>futuro</strong></span> <span class='ocrx_word' id='word_1_335' title='bbox 1935 1588 2003 1618; x_wconf 88' lang='lat' dir='ltr'><strong>sine</strong></span> 
     </span>
     <span class='ocr_line' id='line_1_32' title="bbox 353 1639 2003 1683; baseline -0.004 -7"><span class='ocrx_word' id='word_1_336' title='bbox 353 1645 460 1676; x_wconf 62' lang='lat' dir='ltr'><strong>dubioi</strong></span> <span class='ocrx_word' id='word_1_337' title='bbox 486 1645 669 1681; x_wconf 72' lang='lat' dir='ltr'><strong>decoratus,</strong></span> <span class='ocrx_word' id='word_1_338' title='bbox 696 1643 845 1683; x_wconf 85' lang='lat' dir='ltr'><strong>quoniam</strong></span> <span class='ocrx_word' id='word_1_339' title='bbox 869 1643 937 1682; x_wconf 88' lang='lat' dir='ltr'><strong>ipse</strong></span> <span class='ocrx_word' id='word_1_340' title='bbox 963 1652 1020 1682; x_wconf 84' lang='lat' dir='ltr'><strong>per</strong></span> <span class='ocrx_word' id='word_1_341' title='bbox 1043 1641 1177 1682; x_wconf 85' lang='lat' dir='ltr'><strong>Moysen</strong></span> <span class='ocrx_word' id='word_1_342' title='bbox 1200 1641 1261 1672; x_wconf 91' lang='lat' dir='ltr'><strong>hoc</strong></span> <span class='ocrx_word' id='word_1_343' title='bbox 1284 1651 1318 1672; x_wconf 91' lang='lat' dir='ltr'><strong>se</strong></span> <span class='ocrx_word' id='word_1_344' title='bbox 1343 1641 1449 1672; x_wconf 84' lang='lat' dir='ltr'><strong>facere</strong></span> <span class='ocrx_word' id='word_1_345' title='bbox 1467 1644 1602 1672; x_wconf 82' lang='lat' dir='ltr'><strong>testatus</strong></span> <span class='ocrx_word' id='word_1_346' title='bbox 1627 1640 1750 1671; x_wconf 89' lang='lat' dir='ltr'><strong>dicens:</strong></span> <span class='ocrx_word' id='word_1_347' title='bbox 1780 1639 2003 1670; x_wconf 82' lang='lat' dir='ltr'><strong>Glorificantes</strong></span> 
     </span>
     <span class='ocr_line' id='line_1_33' title="bbox 352 1690 2002 1737; baseline -0.004 -10"><span class='ocrx_word' id='word_1_348' title='bbox 352 1707 402 1728; x_wconf 92' lang='lat' dir='ltr'><strong>me</strong></span> <span class='ocrx_word' id='word_1_349' title='bbox 431 1695 627 1737; x_wconf 85' lang='lat' dir='ltr'><strong>glorificabo.</strong></span> <span class='ocrx_word' id='word_1_350' title='bbox 676 1694 763 1725; x_wconf 83' lang='lat' dir='ltr'><strong>Sicut</strong></span> <span class='ocrx_word' id='word_1_351' title='bbox 793 1697 901 1724; x_wconf 84' lang='lat' dir='ltr'><strong>autem</strong></span> <span class='ocrx_word' id='word_1_352' title='bbox 930 1696 1037 1723; x_wconf 85' lang='lat' dir='ltr'><strong>nostro</strong></span> <span class='ocrx_word' id='word_1_353' title='bbox 1066 1692 1241 1733; x_wconf 67' lang='lat' dir='ltr'><strong>presul-atui</strong></span> <span class='ocrx_word' id='word_1_354' title='bbox 1273 1703 1332 1733; x_wconf 83' lang='lat' dir='ltr'><strong>per</strong></span> <span class='ocrx_word' id='word_1_355' title='bbox 1353 1692 1522 1723; x_wconf 86' lang='lat' dir='ltr'><strong>iamfatum</strong></span> <span class='ocrx_word' id='word_1_356' title='bbox 1550 1692 1773 1733; x_wconf 82' lang='lat' dir='ltr'><strong>presbyterum</strong></span> <span class='ocrx_word' id='word_1_357' title='bbox 1797 1690 1905 1721; x_wconf 74' lang='lat' dir='ltr'><strong>variak</strong></span> <span class='ocrx_word' id='word_1_358' title='bbox 1929 1701 2002 1731; x_wconf 79' lang='lat' dir='ltr'><strong>sug-</strong></span> 
     </span>
     <span class='ocr_line' id='line_1_34' title="bbox 352 1743 2002 1789; baseline -0.004 -11"><span class='ocrx_word' id='word_1_359' title='bbox 352 1747 502 1789; x_wconf 74' lang='lat' dir='ltr'><strong>gessisti¹‚</strong></span> <span class='ocrx_word' id='word_1_360' title='bbox 534 1750 689 1787; x_wconf 82' lang='lat' dir='ltr'><strong>quatenus</strong></span> <span class='ocrx_word' id='word_1_361' title='bbox 718 1749 825 1775; x_wconf 85' lang='lat' dir='ltr'><strong>nostro</strong></span> <span class='ocrx_word' id='word_1_362' title='bbox 854 1745 913 1775; x_wconf 85' lang='lat' dir='ltr'><strong>tibi</strong></span> <span class='ocrx_word' id='word_1_363' title='bbox 942 1755 996 1775; x_wconf 88' lang='lat' dir='ltr'><strong>ore</strong></span> <span class='ocrx_word' id='word_1_364' title='bbox 1026 1745 1202 1785; x_wconf 84' lang='lat' dir='ltr'><strong>apostolico</strong></span> <span class='ocrx_word' id='word_1_365' title='bbox 1227 1744 1508 1783; x_wconf 62' lang='lat' dir='ltr'><strong>benediceremus,</strong></span> <span class='ocrx_word' id='word_1_366' title='bbox 1536 1754 1593 1784; x_wconf 84' lang='lat' dir='ltr'><strong>pro</strong></span> <span class='ocrx_word' id='word_1_367' title='bbox 1618 1746 1671 1784; x_wconf 69' lang='lat' dir='ltr'><strong>tue</strong></span> <span class='ocrx_word' id='word_1_368' title='bbox 1696 1743 1806 1773; x_wconf 85' lang='lat' dir='ltr'><strong>salutis</strong></span> <span class='ocrx_word' id='word_1_369' title='bbox 1830 1745 2002 1783; x_wconf 84' lang='lat' dir='ltr'><strong>augmento</strong></span> 
     </span>
     <span class='ocr_line' id='line_1_35' title="bbox 352 1794 2047 1839; baseline -0.004 -10"><span class='ocrx_word' id='word_1_370' title='bbox 352 1799 385 1830; x_wconf 88' lang='lat' dir='ltr'><strong>id</strong></span> <span class='ocrx_word' id='word_1_371' title='bbox 419 1800 522 1839; x_wconf 88' lang='lat' dir='ltr'><strong>ipsum</strong></span> <span class='ocrx_word' id='word_1_372' title='bbox 556 1798 694 1828; x_wconf 89' lang='lat' dir='ltr'><strong>libenter</strong></span> <span class='ocrx_word' id='word_1_373' title='bbox 726 1796 869 1827; x_wconf 85' lang='lat' dir='ltr'><strong>fecimus.</strong></span> <span class='ocrx_word' id='word_1_374' title='bbox 914 1795 998 1826; x_wconf 84' lang='lat' dir='ltr'><strong>Nam</strong></span> <span class='ocrx_word' id='word_1_375' title='bbox 1034 1797 1065 1826; x_wconf 92' lang='lat' dir='ltr'><strong>in</strong></span> <span class='ocrx_word' id='word_1_376' title='bbox 1102 1795 1152 1826; x_wconf 88' lang='lat' dir='ltr'><strong>die</strong></span> <span class='ocrx_word' id='word_1_377' title='bbox 1185 1795 1379 1825; x_wconf 85' lang='lat' dir='ltr'><strong>ascensionis</strong></span> <span class='ocrx_word' id='word_1_378' title='bbox 1409 1795 1559 1825; x_wconf 83' lang='lat' dir='ltr'><strong>Domini³</strong></span> <span class='ocrx_word' id='word_1_379' title='bbox 1594 1795 1677 1825; x_wconf 83' lang='lat' dir='ltr'><strong>inter</strong></span> <span class='ocrx_word' id='word_1_380' title='bbox 1711 1804 1802 1824; x_wconf 85' lang='lat' dir='ltr'><strong>sacra</strong></span> <span class='ocrx_word' id='word_1_381' title='bbox 1835 1794 2003 1824; x_wconf 87' lang='lat' dir='ltr'><strong>missarum</strong></span> <span class='ocrx_word' id='word_1_382' title='bbox 2023 1802 2047 1821; x_wconf 83' lang='lat'><strong>30</strong></span> 
     </span>
     <span class='ocr_line' id='line_1_36' title="bbox 354 1845 2003 1891; baseline -0.004 -10"><span class='ocrx_word' id='word_1_383' title='bbox 354 1850 544 1891; x_wconf 84' lang='lat' dir='ltr'><strong>sollempnia</strong></span> <span class='ocrx_word' id='word_1_384' title='bbox 568 1858 664 1889; x_wconf 86' lang='lat' dir='ltr'><strong>super</strong></span> <span class='ocrx_word' id='word_1_385' title='bbox 687 1858 810 1878; x_wconf 83' lang='lat' dir='ltr'><strong>sacrum</strong></span> <span class='ocrx_word' id='word_1_386' title='bbox 835 1848 963 1878; x_wconf 83' lang='lat' dir='ltr'><strong>altarem</strong></span> <span class='ocrx_word' id='word_1_387' title='bbox 986 1847 1073 1877; x_wconf 85' lang='lat' dir='ltr'><strong>beati</strong></span> <span class='ocrx_word' id='word_1_388' title='bbox 1089 1847 1179 1877; x_wconf 87' lang='lat' dir='ltr'><strong>Petri</strong></span> <span class='ocrx_word' id='word_1_389' title='bbox 1204 1847 1342 1887; x_wconf 85' lang='lat' dir='ltr'><strong>apostoli</strong></span> <span class='ocrx_word' id='word_1_390' title='bbox 1359 1846 1560 1877; x_wconf 82' lang='lat' dir='ltr'><strong>celebrantes</strong></span> <span class='ocrx_word' id='word_1_391' title='bbox 1585 1846 1738 1877; x_wconf 83' lang='lat' dir='ltr'><strong>elevatisu</strong></span> <span class='ocrx_word' id='word_1_392' title='bbox 1756 1856 1879 1876; x_wconf 88' lang='lat' dir='ltr'><strong>sursum</strong></span> <span class='ocrx_word' id='word_1_393' title='bbox 1901 1845 2003 1875; x_wconf 83' lang='lat' dir='ltr'><strong>mani—</strong></span> 
     </span>
     <span class='ocr_line' id='line_1_37' title="bbox 354 1897 2004 1939; baseline -0.005 -5"><span class='ocrx_word' id='word_1_394' title='bbox 354 1904 413 1934; x_wconf 89' lang='lat' dir='ltr'><strong>bus</strong></span> <span class='ocrx_word' id='word_1_395' title='bbox 446 1901 672 1933; x_wconf 84' lang='lat' dir='ltr'><strong>benediximus</strong></span> <span class='ocrx_word' id='word_1_396' title='bbox 704 1900 762 1930; x_wconf 87' lang='lat' dir='ltr'><strong>tibi</strong></span> <span class='ocrx_word' id='word_1_397' title='bbox 797 1903 829 1930; x_wconf 90' lang='lat' dir='ltr'><strong>et</strong></span> <span class='ocrx_word' id='word_1_398' title='bbox 857 1900 942 1929; x_wconf 90' lang='lat' dir='ltr'><strong>omni</strong></span> <span class='ocrx_word' id='word_1_399' title='bbox 971 1899 1090 1939; x_wconf 91' lang='lat' dir='ltr'><strong>populo</strong></span> <span class='ocrx_word' id='word_1_400' title='bbox 1121 1901 1175 1928; x_wconf 90' lang='lat' dir='ltr'><strong>tuo</strong></span> <span class='ocrx_word' id='word_1_401' title='bbox 1210 1898 1359 1939; x_wconf 88' lang='lat' dir='ltr'><strong>omnique</strong></span> <span class='ocrx_word' id='word_1_402' title='bbox 1393 1901 1477 1937; x_wconf 67' lang='lat' dir='ltr'><strong>terre</strong></span> <span class='ocrx_word' id='word_1_403' title='bbox 1502 1902 1569 1938; x_wconf 72' lang='lat' dir='ltr'><strong>tue,</strong></span> <span class='ocrx_word' id='word_1_404' title='bbox 1602 1900 1637 1928; x_wconf 84' lang='lat' dir='ltr'><strong>ut</strong></span> <span class='ocrx_word' id='word_1_405' title='bbox 1664 1897 1715 1928; x_wconf 89' lang='lat' dir='ltr'><strong>hie</strong></span> <span class='ocrx_word' id='word_1_406' title='bbox 1745 1900 1777 1928; x_wconf 88' lang='lat' dir='ltr'><strong>et</strong></span> <span class='ocrx_word' id='word_1_407' title='bbox 1804 1898 1836 1926; x_wconf 92' lang='lat' dir='ltr'><strong>in</strong></span> <span class='ocrx_word' id='word_1_408' title='bbox 1860 1900 2004 1935; x_wconf 71' lang='lat' dir='ltr'><strong>eternum</strong></span> 
     </span>
     <span class='ocr_line' id='line_1_38' title="bbox 356 1948 2004 1995; baseline -0.004 -11"><span class='ocrx_word' id='word_1_409' title='bbox 356 1963 489 1995; x_wconf 84' lang='lat' dir='ltr'><strong>corpore</strong></span> <span class='ocrx_word' id='word_1_410' title='bbox 513 1952 607 1983; x_wconf 88' lang='lat' dir='ltr'><strong>simul</strong></span> <span class='ocrx_word' id='word_1_411' title='bbox 636 1955 667 1982; x_wconf 82' lang='lat' dir='ltr'><strong>et</strong></span> <span class='ocrx_word' id='word_1_412' title='bbox 699 1952 804 1982; x_wconf 88' lang='lat' dir='ltr'><strong>anima</strong></span> <span class='ocrx_word' id='word_1_413' title='bbox 837 1951 977 1981; x_wconf 80' lang='lat' dir='ltr'><strong>salvatus</strong></span> <span class='ocrx_word' id='word_1_414' title='bbox 1007 1953 1039 1980; x_wconf 87' lang='lat' dir='ltr'><strong>et</strong></span> <span class='ocrx_word' id='word_1_415' title='bbox 1066 1950 1277 1990; x_wconf 86' lang='lat' dir='ltr'><strong>principatum</strong></span> <span class='ocrx_word' id='word_1_416' title='bbox 1308 1952 1485 1990; x_wconf 78' lang='lat' dir='ltr'><strong>terrenum,</strong></span> <span class='ocrx_word' id='word_1_417' title='bbox 1517 1960 1612 1990; x_wconf 89' lang='lat' dir='ltr'><strong>quem</strong></span> <span class='ocrx_word' id='word_1_418' title='bbox 1640 1948 1755 1988; x_wconf 75' lang='lat' dir='ltr'><strong>habes⁷</strong></span> <span class='ocrx_word' id='word_1_419' title='bbox 1786 1958 1938 1988; x_wconf 85' lang='lat' dir='ltr'><strong>prospere</strong></span> <span class='ocrx_word' id='word_1_420' title='bbox 1967 1957 2004 1977; x_wconf 82' lang='lat' dir='ltr'><strong>ac</strong></span> 
     </span>
     <span class='ocr_line' id='line_1_39' title="bbox 356 1998 2006 2045; baseline -0.004 -9"><span class='ocrx_word' id='word_1_421' title='bbox 356 2006 508 2037; x_wconf 86' lang='lat' dir='ltr'><strong>securiter</strong></span> <span class='ocrx_word' id='word_1_422' title='bbox 531 2013 646 2045; x_wconf 81' lang='lat' dir='ltr'><strong>regere</strong></span> <span class='ocrx_word' id='word_1_423' title='bbox 669 2003 785 2043; x_wconf 82' lang='lat' dir='ltr'><strong>possis,</strong></span> <span class='ocrx_word' id='word_1_424' title='bbox 816 2005 847 2032; x_wconf 85' lang='lat' dir='ltr'><strong>et</strong></span> <span class='ocrx_word' id='word_1_425' title='bbox 876 2002 907 2031; x_wconf 92' lang='lat' dir='ltr'><strong>in</strong></span> <span class='ocrx_word' id='word_1_426' title='bbox 935 2001 1047 2041; x_wconf 69' lang='lat' dir='ltr'><strong>celesti</strong></span> <span class='ocrx_word' id='word_1_427' title='bbox 1076 2002 1206 2042; x_wconf 79' lang='lat' dir='ltr'><strong>regione</strong></span> <span class='ocrx_word' id='word_1_428' title='bbox 1235 2004 1309 2042; x_wconf 87' lang='lat' dir='ltr'><strong>post</strong></span> <span class='ocrx_word' id='word_1_429' title='bbox 1338 2004 1475 2032; x_wconf 88' lang='lat' dir='ltr'><strong>mortem</strong></span> <span class='ocrx_word' id='word_1_430' title='bbox 1504 2011 1574 2031; x_wconf 91' lang='lat' dir='ltr'><strong>cum</strong></span> <span class='ocrx_word' id='word_1_431' title='bbox 1598 2000 1668 2031; x_wconf 92' lang='lat' dir='ltr'><strong>Deo</strong></span> <span class='ocrx_word' id='word_1_432' title='bbox 1698 2000 1834 2031; x_wconf 84' lang='lat' dir='ltr'><strong>feliciter</strong></span> <span class='ocrx_word' id='word_1_433' title='bbox 1862 1998 2006 2040; x_wconf 78' lang='lat' dir='ltr'><strong>gaudeas</strong></span> 
     </span>
     <span class='ocr_line' id='line_1_40' title="bbox 358 2050 2048 2097; baseline -0.004 -10"><span class='ocrx_word' id='word_1_434' title='bbox 358 2061 389 2088; x_wconf 86' lang='lat' dir='ltr'><strong>et</strong></span> <span class='ocrx_word' id='word_1_435' title='bbox 421 2058 452 2087; x_wconf 89' lang='lat' dir='ltr'><strong>in</strong></span> <span class='ocrx_word' id='word_1_436' title='bbox 487 2058 680 2097; x_wconf 86' lang='lat' dir='ltr'><strong>perpetuum</strong></span> <span class='ocrx_word' id='word_1_437' title='bbox 714 2064 839 2094; x_wconf 69' lang='lat' dir='ltr'><strong>regnes</strong></span> <span class='ocrx_word' id='word_1_438' title='bbox 886 2053 927 2083; x_wconf 82' lang='lat' dir='ltr'><strong>Et</strong></span> <span class='ocrx_word' id='word_1_439' title='bbox 958 2054 1032 2093; x_wconf 90' lang='lat' dir='ltr'><strong>quia</strong></span> <span class='ocrx_word' id='word_1_440' title='bbox 1061 2053 1143 2083; x_wconf 86' lang='lat' dir='ltr'><strong>hunc</strong></span> <span class='ocrx_word' id='word_1_441' title='bbox 1173 2054 1276 2093; x_wconf 89' lang='lat' dir='ltr'><strong>ipsum</strong></span> <span class='ocrx_word' id='word_1_442' title='bbox 1307 2052 1485 2083; x_wconf 83' lang='lat' dir='ltr'><strong>Iohannem</strong></span> <span class='ocrx_word' id='word_1_443' title='bbox 1516 2052 1740 2093; x_wconf 80' lang='lat' dir='ltr'><strong>presbyterum</strong></span> <span class='ocrx_word' id='word_1_444' title='bbox 1768 2051 1825 2082; x_wconf 87' lang='lat' dir='ltr'><strong>tibi</strong></span> <span class='ocrx_word' id='word_1_445' title='bbox 1856 2054 1888 2081; x_wconf 86' lang='lat' dir='ltr'><strong>et</strong></span> <span class='ocrx_word' id='word_1_446' title='bbox 1914 2050 2005 2081; x_wconf 85' lang='lat' dir='ltr'><strong>nobis</strong></span> <span class='ocrx_word' id='word_1_447' title='bbox 2025 2060 2048 2079; x_wconf 80' lang='lat'><strong>³5</strong></span> 
     </span>
     <span class='ocr_line' id='line_1_41' title="bbox 356 2102 2005 2145; baseline -0.004 -6"><span class='ocrx_word' id='word_1_448' title='bbox 356 2119 467 2139; x_wconf 85' lang='lat' dir='ltr'><strong>verum</strong></span> <span class='ocrx_word' id='word_1_449' title='bbox 490 2107 619 2138; x_wconf 87' lang='lat' dir='ltr'><strong>fidelem</strong></span> <span class='ocrx_word' id='word_1_450' title='bbox 642 2107 673 2136; x_wconf 90' lang='lat' dir='ltr'><strong>in</strong></span> <span class='ocrx_word' id='word_1_451' title='bbox 698 2105 844 2136; x_wconf 86' lang='lat' dir='ltr'><strong>omnibus</strong></span> <span class='ocrx_word' id='word_1_452' title='bbox 869 2115 938 2136; x_wconf 88' lang='lat' dir='ltr'><strong>esse</strong></span> <span class='ocrx_word' id='word_1_453' title='bbox 964 2105 1195 2145; x_wconf 74' lang='lat' dir='ltr'><strong>cognoscimuS,</strong></span> <span class='ocrx_word' id='word_1_454' title='bbox 1220 2104 1366 2135; x_wconf 86' lang='lat' dir='ltr'><strong>dedimus</strong></span> <span class='ocrx_word' id='word_1_455' title='bbox 1390 2104 1435 2134; x_wconf 92' lang='lat' dir='ltr'><strong>illi</strong></span> <span class='ocrx_word' id='word_1_456' title='bbox 1452 2107 1593 2134; x_wconf 88' lang='lat' dir='ltr'><strong>nostram</strong></span> <span class='ocrx_word' id='word_1_457' title='bbox 1610 2103 1819 2144; x_wconf 87' lang='lat' dir='ltr'><strong>apostolicam</strong></span> <span class='ocrx_word' id='word_1_458' title='bbox 1837 2102 2005 2143; x_wconf 89' lang='lat' dir='ltr'><strong>epistolam</strong></span> 
     </span>
     <span class='ocr_line' id='line_1_42' title="bbox 358 2154 2006 2198; baseline -0.004 -8"><span class='ocrx_word' id='word_1_459' title='bbox 358 2159 567 2191; x_wconf 86' lang='lat' dir='ltr'><strong>deferendam</strong></span> <span class='ocrx_word' id='word_1_460' title='bbox 591 2158 679 2198; x_wconf 81' lang='lat' dir='ltr'><strong>regio</strong></span> <span class='ocrx_word' id='word_1_461' title='bbox 695 2157 938 2197; x_wconf 43' lang='lat' dir='ltr'><strong>Uulgarorum&amp;</strong></span> <span class='ocrx_word' id='word_1_462' title='bbox 978 2156 1057 2187; x_wconf 89' lang='lat' dir='ltr'><strong>Ideo</strong></span> <span class='ocrx_word' id='word_1_463' title='bbox 1082 2157 1231 2196; x_wconf 68' lang='lat' dir='ltr'><strong>1)etimu3‚</strong></span> <span class='ocrx_word' id='word_1_464' title='bbox 1255 2159 1291 2186; x_wconf 87' lang='lat' dir='ltr'><strong>ut</strong></span> <span class='ocrx_word' id='word_1_465' title='bbox 1313 2166 1370 2196; x_wconf 92' lang='lat' dir='ltr'><strong>pro</strong></span> <span class='ocrx_word' id='word_1_466' title='bbox 1396 2166 1506 2186; x_wconf 89' lang='lat' dir='ltr'><strong>amore</strong></span> <span class='ocrx_word' id='word_1_467' title='bbox 1531 2155 1631 2185; x_wconf 83' lang='lat' dir='ltr'><strong>sancti</strong></span> <span class='ocrx_word' id='word_1_468' title='bbox 1647 2154 1737 2186; x_wconf 86' lang='lat' dir='ltr'><strong>Petri</strong></span> <span class='ocrx_word' id='word_1_469' title='bbox 1761 2157 1793 2185; x_wconf 86' lang='lat' dir='ltr'><strong>et</strong></span> <span class='ocrx_word' id='word_1_470' title='bbox 1808 2156 1916 2185; x_wconf 83' lang='lat' dir='ltr'><strong>nostro</strong></span> <span class='ocrx_word' id='word_1_471' title='bbox 1935 2163 2006 2184; x_wconf 90' lang='lat' dir='ltr'><strong>cum</strong></span> 
     </span>
    </p>
   </div>
   <div class='ocr_carea' id='block_1_9' title="bbox 358 2205 2007 2303">
    <p class='ocr_par' dir='ltr' id='par_1_9' title="bbox 358 2205 2007 2303">
     <span class='ocr_line' id='line_1_43' title="bbox 358 2205 2007 2251; baseline -0.004 -10"><span class='ocrx_word' id='word_1_472' title='bbox 358 2216 413 2242; x_wconf 81' lang='lat' dir='ltr'><strong>tua</strong></span> <span class='ocrx_word' id='word_1_473' title='bbox 440 2212 509 2251; x_wconf 89' lang='lat' dir='ltr'><strong>ipse</strong></span> <span class='ocrx_word' id='word_1_474' title='bbox 539 2210 667 2240; x_wconf 87' lang='lat' dir='ltr'><strong>licentia</strong></span> <span class='ocrx_word' id='word_1_475' title='bbox 697 2208 893 2249; x_wconf 83' lang='lat' dir='ltr'><strong>legationem</strong></span> <span class='ocrx_word' id='word_1_476' title='bbox 924 2208 1005 2238; x_wconf 85' lang='lat' dir='ltr'><strong>hanc</strong></span> <span class='ocrx_word' id='word_1_477' title='bbox 1034 2210 1175 2238; x_wconf 88' lang='lat' dir='ltr'><strong>nostram</strong></span> <span class='ocrx_word' id='word_1_478' title='bbox 1203 2207 1270 2238; x_wconf 90' lang='lat' dir='ltr'><strong>sine</strong></span> <span class='ocrx_word' id='word_1_479' title='bbox 1294 2206 1465 2238; x_wconf 79' lang='lat' dir='ltr'><strong>tarditatep</strong></span> <span class='ocrx_word' id='word_1_480' title='bbox 1489 2206 1648 2247; x_wconf 82' lang='lat' dir='ltr'><strong>perficiat,</strong></span> <span class='ocrx_word' id='word_1_481' title='bbox 1678 2209 1713 2236; x_wconf 88' lang='lat' dir='ltr'><strong>ut</strong></span> <span class='ocrx_word' id='word_1_482' title='bbox 1738 2208 1769 2236; x_wconf 87' lang='lat' dir='ltr'><strong>et</strong></span> <span class='ocrx_word' id='word_1_483' title='bbox 1792 2208 1924 2246; x_wconf 86' lang='lat' dir='ltr'><strong>propter</strong></span> <span class='ocrx_word' id='word_1_484' title='bbox 1946 2205 2007 2235; x_wconf 89' lang='lat' dir='ltr'><strong>hoc</strong></span> 
     </span>
     <span class='ocr_line' id='line_1_44' title="bbox 359 2258 1166 2303; baseline -0.006 -10"><span class='ocrx_word' id='word_1_485' title='bbox 359 2266 412 2303; x_wconf 70' lang='lat' dir='ltr'><strong>tue</strong></span> <span class='ocrx_word' id='word_1_486' title='bbox 437 2261 600 2292; x_wconf 83' lang='lat' dir='ltr'><strong>dilectioni</strong></span> <span class='ocrx_word' id='word_1_487' title='bbox 623 2259 815 2300; x_wconf 82' lang='lat' dir='ltr'><strong>multiplices</strong></span> <span class='ocrx_word' id='word_1_488' title='bbox 838 2260 958 2299; x_wconf 83' lang='lat' dir='ltr'><strong>gratias</strong></span> <span class='ocrx_word' id='word_1_489' title='bbox 981 2258 1166 2289; x_wconf 85' lang='lat' dir='ltr'><strong>habeamus.</strong></span> 
     </span>
    </p>
   </div>
   <div class='ocr_carea' id='block_1_10' title="bbox 472 2439 1604 2461">
    <p class='ocr_par' dir='ltr' id='par_1_10' title="bbox 472 2439 1604 2461">
     <span class='ocr_line' id='line_1_45' title="bbox 472 2439 1604 2461; baseline 0 0"><span class='ocrx_word' id='word_1_490' title='bbox 472 2439 1604 2461; x_wconf 95' lang='lat' dir='ltr'><strong> </strong></span> 
     </span>
    </p>
   </div>
   <div class='ocr_carea' id='block_1_11' title="bbox 361 2319 2052 2605">
    <p class='ocr_par' dir='ltr' id='par_1_11' title="bbox 463 2319 2052 2347">
     <span class='ocr_line' id='line_1_46' title="bbox 463 2319 2052 2347; baseline -0.004 -2"><span class='ocrx_word' id='word_1_491' title='bbox 463 2322 557 2346; x_wconf 75' lang='lat' dir='ltr'><strong>DATA</strong></span> <span class='ocrx_word' id='word_1_492' title='bbox 576 2322 633 2345; x_wconf 88' lang='lat' dir='ltr'>VII.</span> <span class='ocrx_word' id='word_1_493' title='bbox 652 2321 710 2344; x_wconf 82' lang='lat' dir='ltr'><strong>DIE</strong></span> <span class='ocrx_word' id='word_1_494' title='bbox 733 2320 855 2344; x_wconf 85' lang='lat' dir='ltr'>MENSIS</span> <span class='ocrx_word' id='word_1_495' title='bbox 877 2320 974 2347; x_wconf 79' lang='lat' dir='ltr'>IUNII,</span> <span class='ocrx_word' id='word_1_496' title='bbox 994 2319 1193 2343; x_wconf 71' lang='lat' dir='ltr'><strong>lNDIC&#39;l&#39;IONE</strong></span> <span class='ocrx_word' id='word_1_497' title='bbox 1216 2319 1272 2342; x_wconf 79' lang='lat' dir='ltr'>XII.</span> <span class='ocrx_word' id='word_1_498' title='bbox 2026 2320 2052 2339; x_wconf 78' lang='lat'><strong>40</strong></span> 
     </span>
    </p>

    <p class='ocr_par' dir='ltr' id='par_1_12' title="bbox 361 2483 2009 2605">
     <span class='ocr_line' id='line_1_47' title="bbox 465 2483 2009 2519; baseline -0.001 -8"><span class='ocrx_word' id='word_1_499' title='bbox 465 2488 521 2512; x_wconf 85' lang='lat'>190.</span> <span class='ocrx_word' id='word_1_500' title='bbox 550 2487 573 2518; x_wconf 76' lang='lat'><strong>2)</strong></span> <span class='ocrx_word' id='word_1_501' title='bbox 593 2488 681 2519; x_wconf 79' lang='lat' dir='ltr'><strong>cupias</strong></span> <span class='ocrx_word' id='word_1_502' title='bbox 699 2496 765 2512; x_wconf 82' lang='lat' dir='ltr'><strong>corr.</strong></span> <span class='ocrx_word' id='word_1_503' title='bbox 779 2495 808 2510; x_wconf 72' lang='lat' dir='ltr'><strong>esc</strong></span> <span class='ocrx_word' id='word_1_504' title='bbox 828 2487 937 2518; x_wconf 72' lang='lat' dir='ltr'><strong>cupiatis</strong></span> <span class='ocrx_word' id='word_1_505' title='bbox 957 2486 988 2510; x_wconf 80' lang='lat' dir='ltr'><strong>R.</strong></span> <span class='ocrx_word' id='word_1_506' title='bbox 1059 2485 1084 2518; x_wconf 77' lang='lat' dir='ltr'><strong>b)</strong></span> <span class='ocrx_word' id='word_1_507' title='bbox 1103 2486 1179 2511; x_wconf 87' lang='lat' dir='ltr'><strong>ulmis</strong></span> <span class='ocrx_word' id='word_1_508' title='bbox 1198 2486 1229 2511; x_wconf 78' lang='lat' dir='ltr'><strong>R.</strong></span> <span class='ocrx_word' id='word_1_509' title='bbox 1301 2486 1323 2517; x_wconf 81' lang='lat' dir='ltr'><strong>e)</strong></span> <span class='ocrx_word' id='word_1_510' title='bbox 1344 2486 1466 2518; x_wconf 84' lang='lat' dir='ltr'><strong>principis</strong></span> <span class='ocrx_word' id='word_1_511' title='bbox 1484 2485 1516 2510; x_wconf 82' lang='lat' dir='ltr'><strong>R.</strong></span> <span class='ocrx_word' id='word_1_512' title='bbox 1593 2484 1616 2517; x_wconf 81' lang='lat' dir='ltr'><strong>d)</strong></span> <span class='ocrx_word' id='word_1_513' title='bbox 1636 2486 1651 2510; x_wconf 92' lang='lat' dir='ltr'><strong>b</strong></span> <span class='ocrx_word' id='word_1_514' title='bbox 1672 2493 1738 2510; x_wconf 84' lang='lat' dir='ltr'><strong>corr.</strong></span> <span class='ocrx_word' id='word_1_515' title='bbox 1751 2493 1781 2509; x_wconf 76' lang='lat' dir='ltr'><strong>ea:</strong></span> <span class='ocrx_word' id='word_1_516' title='bbox 1799 2493 1817 2509; x_wconf 87' lang='lat' dir='ltr'><strong>u</strong></span> <span class='ocrx_word' id='word_1_517' title='bbox 1835 2484 1867 2509; x_wconf 80' lang='lat' dir='ltr'><strong>R.</strong></span> <span class='ocrx_word' id='word_1_518' title='bbox 1943 2483 1965 2517; x_wconf 80' lang='lat' dir='ltr'><strong>e)</strong></span> <span class='ocrx_word' id='word_1_519' title='bbox 1983 2488 2009 2509; x_wconf 86' lang='lat' dir='ltr'><strong>te</strong></span> 
     </span>
     <span class='ocr_line' id='line_1_48' title="bbox 365 2526 2008 2561; baseline -0.003 -5"><span class='ocrx_word' id='word_1_520' title='bbox 365 2531 413 2556; x_wconf 78' lang='lat' dir='ltr'><strong>del.</strong></span> <span class='ocrx_word' id='word_1_521' title='bbox 431 2535 488 2555; x_wconf 80' lang='lat' dir='ltr'><strong>ante</strong></span> <span class='ocrx_word' id='word_1_522' title='bbox 511 2538 598 2559; x_wconf 75' lang='lat' dir='ltr'><strong>omncs</strong></span> <span class='ocrx_word' id='word_1_523' title='bbox 617 2530 648 2554; x_wconf 78' lang='lat' dir='ltr'><strong>R.</strong></span> <span class='ocrx_word' id='word_1_524' title='bbox 741 2528 758 2561; x_wconf 83' lang='lat' dir='ltr'><strong>f)</strong></span> <span class='ocrx_word' id='word_1_525' title='bbox 778 2531 819 2555; x_wconf 73' lang='lat' dir='ltr'><strong>cli—n</strong></span> <span class='ocrx_word' id='word_1_526' title='bbox 844 2538 910 2553; x_wconf 82' lang='lat' dir='ltr'><strong>corr.</strong></span> <span class='ocrx_word' id='word_1_527' title='bbox 928 2538 958 2553; x_wconf 69' lang='lat' dir='ltr'><strong>ex</strong></span> <span class='ocrx_word' id='word_1_528' title='bbox 981 2530 1015 2553; x_wconf 77' lang='lat' dir='ltr'><strong>dn</strong></span> <span class='ocrx_word' id='word_1_529' title='bbox 1035 2529 1065 2553; x_wconf 79' lang='lat' dir='ltr'><strong>R.</strong></span> <span class='ocrx_word' id='word_1_530' title='bbox 1161 2530 1185 2559; x_wconf 75' lang='grc' dir='ltr'><strong>Β)</strong></span> <span class='ocrx_word' id='word_1_531' title='bbox 1204 2530 1320 2554; x_wconf 85' lang='lat' dir='ltr'><strong>serbauit</strong></span> <span class='ocrx_word' id='word_1_532' title='bbox 1338 2529 1369 2554; x_wconf 80' lang='lat' dir='ltr'><strong>R.</strong></span> <span class='ocrx_word' id='word_1_533' title='bbox 1463 2527 1488 2559; x_wconf 88' lang='lat' dir='ltr'><strong>h)</strong></span> <span class='ocrx_word' id='word_1_534' title='bbox 1508 2529 1591 2560; x_wconf 82' lang='lat' dir='ltr'><strong>diligit</strong></span> <span class='ocrx_word' id='word_1_535' title='bbox 1610 2528 1641 2552; x_wconf 78' lang='lat' dir='ltr'><strong>R.</strong></span> <span class='ocrx_word' id='word_1_536' title='bbox 1733 2526 1750 2558; x_wconf 82' lang='lat' dir='ltr'><strong>i)</strong></span> <span class='ocrx_word' id='word_1_537' title='bbox 1770 2528 1786 2552; x_wconf 95' lang='lat' dir='ltr'><strong>b</strong></span> <span class='ocrx_word' id='word_1_538' title='bbox 1805 2536 1872 2552; x_wconf 76' lang='lat' dir='ltr'><strong>corr.</strong></span> <span class='ocrx_word' id='word_1_539' title='bbox 1885 2535 1915 2552; x_wconf 71' lang='lat' dir='ltr'><strong>ex</strong></span> <span class='ocrx_word' id='word_1_540' title='bbox 1937 2536 1955 2551; x_wconf 91' lang='lat' dir='ltr'><strong>u</strong></span> <span class='ocrx_word' id='word_1_541' title='bbox 1976 2527 2008 2551; x_wconf 79' lang='lat' dir='ltr'><strong>R.</strong></span> 
     </span>
     <span class='ocr_line' id='line_1_49' title="bbox 361 2570 2008 2605; baseline -0.002 -8"><span class='ocrx_word' id='word_1_542' title='bbox 361 2573 386 2605; x_wconf 78' lang='lat' dir='ltr'><strong>k)</strong></span> <span class='ocrx_word' id='word_1_543' title='bbox 405 2574 458 2598; x_wconf 77' lang='lat' dir='ltr'><strong>aria</strong></span> <span class='ocrx_word' id='word_1_544' title='bbox 476 2573 508 2604; x_wconf 78' lang='lat' dir='ltr'><strong>B,</strong></span> <span class='ocrx_word' id='word_1_545' title='bbox 526 2577 616 2604; x_wconf 76' lang='lat' dir='ltr'><strong>postea</strong></span> <span class='ocrx_word' id='word_1_546' title='bbox 634 2573 683 2597; x_wconf 76' lang='lat' dir='ltr'><strong>del.</strong></span> <span class='ocrx_word' id='word_1_547' title='bbox 765 2572 783 2600; x_wconf 83' lang='lat' dir='ltr'><strong>l)</strong></span> <span class='ocrx_word' id='word_1_548' title='bbox 803 2573 923 2603; x_wconf 79' lang='lat' dir='ltr'><strong>sugesisti</strong></span> <span class='ocrx_word' id='word_1_549' title='bbox 943 2572 974 2597; x_wconf 82' lang='lat' dir='ltr'><strong>R.</strong></span> <span class='ocrx_word' id='word_1_550' title='bbox 1053 2571 1084 2603; x_wconf 77' lang='lat'>¹¹³)</span> <span class='ocrx_word' id='word_1_551' title='bbox 1104 2581 1169 2597; x_wconf 76' lang='lat' dir='ltr'><strong>corr.</strong></span> <span class='ocrx_word' id='word_1_552' title='bbox 1184 2580 1213 2596; x_wconf 77' lang='lat' dir='ltr'><strong>ex</strong></span> <span class='ocrx_word' id='word_1_553' title='bbox 1232 2572 1312 2597; x_wconf 86' lang='lat' dir='ltr'><strong>altore</strong></span> <span class='ocrx_word' id='word_1_554' title='bbox 1332 2572 1361 2596; x_wconf 82' lang='lat' dir='ltr'><strong>R.</strong></span> <span class='ocrx_word' id='word_1_555' title='bbox 1442 2571 1467 2603; x_wconf 86' lang='lat'><strong>11)</strong></span> <span class='ocrx_word' id='word_1_556' title='bbox 1487 2572 1594 2596; x_wconf 83' lang='lat' dir='ltr'><strong>elebatis</strong></span> <span class='ocrx_word' id='word_1_557' title='bbox 1613 2570 1645 2595; x_wconf 84' lang='lat' dir='ltr'><strong>R.</strong></span> <span class='ocrx_word' id='word_1_558' title='bbox 1729 2570 1752 2602; x_wconf 92' lang='lat'><strong>0)</strong></span> <span class='ocrx_word' id='word_1_559' title='bbox 1770 2579 1836 2595; x_wconf 81' lang='lat' dir='ltr'><strong>corr.</strong></span> <span class='ocrx_word' id='word_1_560' title='bbox 1850 2578 1881 2595; x_wconf 71' lang='lat' dir='ltr'><strong>ex</strong></span> <span class='ocrx_word' id='word_1_561' title='bbox 1899 2578 1958 2602; x_wconf 81' lang='lat' dir='ltr'><strong>rege</strong></span> <span class='ocrx_word' id='word_1_562' title='bbox 1977 2570 2008 2595; x_wconf 83' lang='lat' dir='ltr'><strong>R.</strong></span> 
     </span>
    </p>
   </div>
   <div class='ocr_carea' id='block_1_12' title="bbox 362 2616 840 2647">
    <p class='ocr_par' dir='ltr' id='par_1_13' title="bbox 362 2616 840 2647">
     <span class='ocr_line' id='line_1_50' title="bbox 362 2616 840 2647; baseline 0 -8"><span class='ocrx_word' id='word_1_563' title='bbox 362 2616 386 2647; x_wconf 76' lang='lat' dir='ltr'><strong>P)</strong></span> <span class='ocrx_word' id='word_1_564' title='bbox 406 2625 472 2641; x_wconf 77' lang='lat' dir='ltr'><strong>corr.</strong></span> <span class='ocrx_word' id='word_1_565' title='bbox 486 2624 516 2640; x_wconf 60' lang='grc' dir='ltr'><strong>επ</strong></span> <span class='ocrx_word' id='word_1_566' title='bbox 535 2616 653 2640; x_wconf 73' lang='lat' dir='ltr'><strong>traditate</strong></span> <span class='ocrx_word' id='word_1_567' title='bbox 673 2616 707 2640; x_wconf 85' lang='lat' dir='ltr'><strong>al.</strong></span> <span class='ocrx_word' id='word_1_568' title='bbox 720 2624 787 2640; x_wconf 78' lang='lat' dir='ltr'><strong>man.</strong></span> <span class='ocrx_word' id='word_1_569' title='bbox 808 2616 840 2639; x_wconf 84' lang='lat' dir='ltr'><strong>R.</strong></span> 
     </span>
    </p>
   </div>
   <div class='ocr_carea' id='block_1_13' title="bbox 364 2671 2054 2749">
    <p class='ocr_par' dir='ltr' id='par_1_14' title="bbox 364 2671 2054 2749">
     <span class='ocr_line' id='line_1_51' title="bbox 467 2671 2054 2707; baseline -0.001 -7"><span class='ocrx_word' id='word_1_570' title='bbox 467 2676 492 2707; x_wconf 90' lang='lat'><strong>1)</strong></span> <span class='ocrx_word' id='word_1_571' title='bbox 514 2674 567 2707; x_wconf 69' lang='lat' dir='ltr'><strong>Qui</strong></span> <span class='ocrx_word' id='word_1_572' title='bbox 584 2674 633 2700; x_wconf 85' lang='lat' dir='ltr'><strong>hoc</strong></span> <span class='ocrx_word' id='word_1_573' title='bbox 652 2674 706 2706; x_wconf 74' lang='lat' dir='ltr'><strong>ipso</strong></span> <span class='ocrx_word' id='word_1_574' title='bbox 725 2682 798 2699; x_wconf 78' lang='lat' dir='ltr'><strong>mmo</strong></span> <span class='ocrx_word' id='word_1_575' title='bbox 810 2677 866 2706; x_wconf 79' lang='grc'><strong>879,</strong></span> <span class='ocrx_word' id='word_1_576' title='bbox 885 2674 969 2699; x_wconf 74' lang='lat' dir='ltr'><strong>occiso</strong></span> <span class='ocrx_word' id='word_1_577' title='bbox 984 2673 1137 2699; x_wconf 54' lang='lat' dir='ltr'><strong>Sedeswlam</strong></span> <span class='ocrx_word' id='word_1_578' title='bbox 1154 2673 1231 2706; x_wconf 69' lang='lat' dir='ltr'><strong>parti</strong></span> <span class='ocrx_word' id='word_1_579' title='bbox 1248 2673 1410 2699; x_wconf 76' lang='lat' dir='ltr'><strong>Graecorum</strong></span> <span class='ocrx_word' id='word_1_580' title='bbox 1428 2673 1541 2705; x_wconf 70' lang='lat' dir='ltr'><strong>sar-ente,</strong></span> <span class='ocrx_word' id='word_1_581' title='bbox 1561 2673 1606 2698; x_wconf 76' lang='lat' dir='ltr'><strong>cm·</strong></span> <span class='ocrx_word' id='word_1_582' title='bbox 1624 2672 1710 2698; x_wconf 69' lang='lat' dir='ltr'><strong>adime</strong></span> <span class='ocrx_word' id='word_1_583' title='bbox 1728 2671 1830 2698; x_wconf 75' lang='lat' dir='ltr'><strong>directa</strong></span> <span class='ocrx_word' id='word_1_584' title='bbox 1848 2673 1882 2697; x_wconf 77' lang='lat' dir='ltr'><strong>est</strong></span> <span class='ocrx_word' id='word_1_585' title='bbox 1899 2671 2011 2705; x_wconf 78' lang='lat' dir='ltr'><strong>epistola</strong></span> <span class='ocrx_word' id='word_1_586' title='bbox 2029 2679 2054 2698; x_wconf 83' lang='lat'><strong>45</strong></span> 
     </span>
     <span class='ocr_line' id='line_1_52' title="bbox 364 2714 2010 2749; baseline -0.002 -6"><span class='ocrx_word' id='word_1_587' title='bbox 364 2721 465 2749; x_wconf 67' lang='grc' dir='ltr'><em>η.184,</em></span> <span class='ocrx_word' id='word_1_588' title='bbox 490 2717 615 2742; x_wconf 70' lang='lat' dir='ltr'><strong>dzwutzcm</strong></span> <span class='ocrx_word' id='word_1_589' title='bbox 637 2717 827 2742; x_wconf 59' lang='lat' dir='ltr'><strong>(Vtrobatorzcm</strong></span> <span class='ocrx_word' id='word_1_590' title='bbox 850 2719 1033 2748; x_wconf 61' lang='lat' dir='ltr'><strong>occupaverat,</strong></span> <span class='ocrx_word' id='word_1_591' title='bbox 1059 2716 1092 2747; x_wconf 80' lang='lat' dir='ltr'><strong>cf.</strong></span> <span class='ocrx_word' id='word_1_592' title='bbox 1113 2716 1251 2742; x_wconf 65' lang='lat' dir='ltr'><strong>Dihnmlcr</strong></span> <span class='ocrx_word' id='word_1_593' title='bbox 1268 2715 1413 2743; x_wconf 47' lang='lat' dir='ltr'><strong>‘Sita-Ber.</strong></span> <span class='ocrx_word' id='word_1_594' title='bbox 1431 2716 1455 2742; x_wconf 76' lang='lat' dir='ltr'><strong>d.</strong></span> <span class='ocrx_word' id='word_1_595' title='bbox 1475 2716 1579 2742; x_wconf 74' lang='lat' dir='ltr'><strong>Wiener</strong></span> <span class='ocrx_word' id='word_1_596' title='bbox 1597 2714 1697 2741; x_wconf 56' lang='lat' dir='ltr'><strong>Alani?</strong></span> <span class='ocrx_word' id='word_1_597' title='bbox 1717 2714 1779 2740; x_wconf 83' lang='lat' dir='ltr'><strong>XX</strong></span> <span class='ocrx_word' id='word_1_598' title='bbox 1800 2715 1887 2747; x_wconf 80' lang='lat'><em>(1856)</em></span> <span class='ocrx_word' id='word_1_599' title='bbox 1906 2722 1935 2747; x_wconf 76' lang='lat' dir='ltr'><strong>p.</strong></span> <span class='ocrx_word' id='word_1_600' title='bbox 1952 2717 2010 2740; x_wconf 83' lang='lat'><em>407.</em></span> 
     </span>
    </p>
   </div>
   <div class='ocr_carea' id='block_1_14' title="bbox 364 2756 2011 2835">
    <p class='ocr_par' dir='ltr' id='par_1_15' title="bbox 364 2756 2011 2835">
     <span class='ocr_line' id='line_1_53' title="bbox 364 2756 2011 2793; baseline -0.002 -8"><span class='ocrx_word' id='word_1_601' title='bbox 364 2761 390 2793; x_wconf 80' lang='lat'><strong>2)</strong></span> <span class='ocrx_word' id='word_1_602' title='bbox 413 2760 548 2792; x_wconf 69' lang='lat' dir='ltr'><strong>Venatum,</strong></span> <span class='ocrx_word' id='word_1_603' title='bbox 574 2760 629 2785; x_wconf 77' lang='lat' dir='ltr'><strong>iam</strong></span> <span class='ocrx_word' id='word_1_604' title='bbox 649 2759 728 2792; x_wconf 75' lang='lat' dir='ltr'><strong>prius</strong></span> <span class='ocrx_word' id='word_1_605' title='bbox 748 2767 799 2791; x_wconf 76' lang='lat' dir='ltr'><strong>pro</strong></span> <span class='ocrx_word' id='word_1_606' title='bbox 818 2759 991 2791; x_wconf 73' lang='lat' dir='ltr'><strong>acquirendis</strong></span> <span class='ocrx_word' id='word_1_607' title='bbox 1012 2759 1152 2785; x_wconf 77' lang='lat' dir='ltr'><strong>Romanae</strong></span> <span class='ocrx_word' id='word_1_608' title='bbox 1170 2759 1269 2784; x_wconf 77' lang='lat' dir='ltr'><strong>ditioni</strong></span> <span class='ocrx_word' id='word_1_609' title='bbox 1291 2759 1444 2792; x_wconf 71' lang='lat' dir='ltr'><strong>reyionibzcs</strong></span> <span class='ocrx_word' id='word_1_610' title='bbox 1462 2759 1515 2784; x_wconf 71' lang='lat' dir='ltr'><strong>illis</strong></span> <span class='ocrx_word' id='word_1_611' title='bbox 1535 2758 1709 2790; x_wconf 77' lang='lat' dir='ltr'><strong>laborantem,</strong></span> <span class='ocrx_word' id='word_1_612' title='bbox 1735 2757 1769 2789; x_wconf 78' lang='lat' dir='ltr'><strong>cf.</strong></span> <span class='ocrx_word' id='word_1_613' title='bbox 1789 2757 1925 2783; x_wconf 66' lang='lat' dir='ltr'><strong>Dummzer</strong></span> <span class='ocrx_word' id='word_1_614' title='bbox 1941 2756 2011 2783; x_wconf 80' lang='lat' dir='ltr'><strong>‘Ost-</strong></span> 
     </span>
     <span class='ocr_line' id='line_1_54' title="bbox 364 2802 1386 2835; baseline -0.001 -7"><span class='ocrx_word' id='word_1_615' title='bbox 364 2803 529 2834; x_wconf 69' lang='lat' dir='ltr'><strong>src&#39;tnkischcs</strong></span> <span class='ocrx_word' id='word_1_616' title='bbox 549 2803 639 2830; x_wconf 76' lang='lat' dir='ltr'><strong>Rciclz&#39;</strong></span> <span class='ocrx_word' id='word_1_617' title='bbox 659 2803 714 2835; x_wconf 84' lang='lat'><em>11²,</em></span> <span class='ocrx_word' id='word_1_618' title='bbox 734 2805 787 2828; x_wconf 80' lang='lat'><em>375.</em></span> <span class='ocrx_word' id='word_1_619' title='bbox 875 2802 902 2830; x_wconf 75' lang='grc'><strong>3)</strong></span> <span class='ocrx_word' id='word_1_620' title='bbox 922 2802 956 2827; x_wconf 87' lang='lat' dir='ltr'><strong>D.</strong></span> <span class='ocrx_word' id='word_1_621' title='bbox 970 2806 1007 2828; x_wconf 81' lang='lat'><strong>21,</strong></span> <span class='ocrx_word' id='word_1_622' title='bbox 1022 2811 1052 2827; x_wconf 86' lang='lat' dir='ltr'><strong>m.</strong></span> <span class='ocrx_word' id='word_1_623' title='bbox 1070 2802 1147 2828; x_wconf 76' lang='lat' dir='ltr'><strong>Maii.</strong></span> <span class='ocrx_word' id='word_1_624' title='bbox 1233 2802 1260 2833; x_wconf 89' lang='grc'><strong>4)</strong></span> <span class='ocrx_word' id='word_1_625' title='bbox 1279 2802 1314 2828; x_wconf 89' lang='lat' dir='ltr'><strong>N.</strong></span> <span class='ocrx_word' id='word_1_626' title='bbox 1330 2805 1386 2828; x_wconf 78' lang='lat'><em>192.</em></span> 
     </span>
    </p>
   </div>
  </div>
 </body>
</html>
