2189 3042
220 442 238 459 2⁷.
250 439 296 457 Cor.
310 441 328 461 ly
338 440 356 456 lt.

190 541 218 559 ct.
229 539 284 559 Luc.
298 543 315 560 1,
326 542 357 559 0321.

196 645 212 662 1.
224 642 270 661 Cor.
283 642 314 664 12¹,
326 642 356 660 31.

194 692 221 713 cs.
233 692 286 711 Luc.
295 692 356 711 :2-14.

181 744 208 763 cs.
223 742 299 763 Α11111111,
311 745 329 764 5,
341 744 358 763 S,

211 1369 239 1388 ct.
254 1366 302 1387 Gal.
314 1371 332 1389 6,
343 1371 361 1386 ·.’.

249 1467 290 1488 lex.
303 1471 321 1491 1,
334 1470 363 1488 lo.

372 189 408 216 6,]
713 168 718 174 ¹
852 181 1028 208 IOHANNIS
1047 181 1121 207 VIII.
1141 180 1259 206 PAPAE
1281 179 1456 206 EPISTOLA
1479 180 1521 207 69.

561 278 797 303 DlLlcc'rlssulO
815 278 912 302 NOBIS
932 278 974 301 ΕΤ
993 276 1253 301 DESIDERABILla
1272 276 1362 301 FILIO
1381 276 1515 301 BASILIO
1533 276 1830 302 CHRISTIANISSIMO

884 320 927 344 ET
945 319 1256 350 TRANQUILLISSIMO
1276 319 1511 344 IMPERATORF.

622 374 719 397 MlSSA
740 373 804 396 PER
823 372 965 396 PAULUM
984 372 1028 395 ET
1048 371 1226 395 EUGENIUM
1246 371 1560 396 REVERENTISSIMOS
1580 371 1768 396 EPISCOPOS.

479 423 683 455 ‘Benedictus
712 423 801 453 Deus
832 425 864 453 et
896 425 988 463 pater
1017 421 1136 452 domini
1164 421 1263 452 nostri
1291 421 1366 452 Iesu
1389 420 1522 462 Christi,
1553 425 1645 462 pater
1674 421 1963 453 misericordiarum
1988 425 2021 453 ct

373 477 579 518 Deus-,totius
600 473 845 514 consolationis³‚
871 474 924 514 qui
948 474 1097 504 misertus
1121 475 1153 504 et
1177 472 1358 503 consolatus
1382 476 1430 504 est
1452 483 1509 503 nos
1533 473 1562 503 in
1587 473 1729 514 presenti
1749 473 1856 513 seculo
1872 484 2020 515 nequam,
2051 486 2063 505 5

374 529 504 558 visitans
534 530 566 558 ct
598 526 853 567 redemptionem
885 525 1021 563 faciens,
1057 528 1122 555 tam
1155 525 1242 565 pium
1273 527 1404 565 tamque
1436 524 1609 565 benignum
1640 525 1767 565 imperii
1797 525 1893 556 vestri
1925 535 2022 556 cornu

374 580 484 610 salutis
508 577 660 619 erigendo
684 579 714 608 in
740 577 834 607 domo
859 576 978 615 David,
1003 576 1120 607 Christi
1144 575 1308 614 videlicet,
1333 576 1425 616 pueri
1448 576 1506 607 sui.
1552 575 1619 607 Vos
1644 577 1746 615 enim,
1777 575 1821 606 fili
1844 576 2021 616 karissime,

372 632 474 662 minus
491 629 715 670 impe1·atoria¹'
729 629 895 670 dignitate,
912 627 1086 659 secundum
1103 627 1294 668 apostolum,
1309 627 1362 668 qui
1379 627 1436 658 ait:
1450 626 1646 667 ‘emulamini
1663 627 1855 659 charismata
1868 627 2022 666 meliora’,

373 683 523 719 contenti,
548 682 645 712 ctiam
669 681 856 721 angelorum
880 681 955 720 estis
978 679 1187 710 ministerium
1212 679 1337 718 imitati,
1362 678 1436 709 dum
1454 689 1566 720 pacem
1590 680 1621 709 in
1645 683 1731 710 terra
1747 679 1829 710 bone
1851 679 2023 710 voluntatis

375 734 555 765 hominibus
585 733 745 773 exoptatis
774 736 806 763 et
837 732 949 762 beatos
979 742 1036 772 per
1066 731 1098 761 id
1126 741 1163 761 ac
1186 730 1292 761 Deum
1316 740 1373 761 vos
1396 731 1519 761 visuros
1546 731 1617 762 luce
1646 731 1761 762 clarius
1785 731 2021 762 demonstratis.
2042 741 2066 760 io

373 786 518 826 Utraque
547 784 705 825 siquidem
735 784 871 825 epistola
899 787 1004 814 vestra
1032 782 1195 823 pontificio
1225 784 1333 812 nostro
1362 782 1477 813 missa²
1506 782 1598 813 huius
1622 793 1677 813 vos
1701 783 1838 823 flagrare
1863 782 2022 813 desiderio

374 840 522 878 patenter
545 837 682 867 insinuat
707 839 738 867 et
765 835 846 866 hanc
871 846 926 866 vos
954 834 994 865 ad
1022 837 1140 865 statum
1172 833 1323 873 ecclesie,
1354 833 1438 865 unde
1468 845 1639 874 pravorum
1670 834 1866 865 dissensione
1895 833 2024 875 repulsa

374 892 431 928 ost,
456 888 614 919 inhianter
638 887 738 918 vellec
762 887 945 925 reducerec,
969 885 1086 917 indicio
1112 885 1252 916 evidenti
1277 885 1485 918 demonstrat.
1523 886 1553 916 A
1575 885 1646 916 Deo
1670 887 1790 927 quippe
1814 884 2024 926 proveetumd

374 940 543 981 imperium
567 942 717 978 vestrum,
742 938 827 979 quod
852 948 889 969 eo
914 940 1045 968 auctore
1062 938 1182 968 iustitia
1207 940 1238 967 et
1261 936 1429 977 triumphis
1446 938 1574 977 ornatis,
1599 937 1701 968 minus
1717 938 1865 968 nimirum
1882 937 2023 968 validum

375 992 541 1032 minusque
565 991 738 1032 gloriosum
762 990 891 1031 putatis,
915 990 973 1019 nisi
995 990 1092 1020 etiam
1110 999 1233 1019 summa
1250 988 1465 1019 condecorare
1489 999 1569 1029 pace
1593 999 1648 1020 seu
1673 989 1843 1020 concordia
1859 989 2022 1030 satagatis.
2043 1001 2067 1020 15

375 1043 441 1074 Nos
465 1046 586 1079 autem,
619 1042 838 1081 dilectissime,
868 1041 1036 1072 audientes
1065 1042 1096 1071 in
1121 1040 1495 1081 Constantinopolitanae
1525 1040 1662 1072 ecclesia
1692 1040 1895 1071 dissensionis
1918 1040 2025 1072 adhuc

375 1094 526 1126 scandala
560 1094 714 1124 fluctuare
748 1093 979 1134 nonnullosque
1014 1092 1170 1134 religiosis
1200 1092 1327 1123 habitus
1358 1093 1443 1123 viros
1475 1092 1535 1123 hac
1567 1092 1705 1134 illacque
1735 1092 1896 1133 dispersos
1926 1096 2023 1134 atque

377 1147 520 1178 deiectos
543 1146 752 1187 ignominiose
778 1146 936 1185 tractarig,
965 1145 1079 1175 merito
1104 1145 1341 1185 ingemiscimus
1366 1148 1398 1175 et
1421 1145 1521 1175 multa
1550 1144 1690 1175 mestitia
1715 1144 1896 1185 fatigamur.
1943 1144 2023 1175 Pre-

375 1199 466 1239 cipuc
495 1197 629 1239 pacem¹¹
655 1197 808 1228 sentimus
836 1197 899 1227 illic
928 1197 1077 1227 continua
1107 1197 1310 1227 contentione
1341 1196 1528 1236 turbatam³‚
1564 1206 1660 1237 quam
1694 1206 1753 1237 per
1786 1195 1903 1226 multos
1939 1195 2025 1226 sedis

376 1249 549 1290 apostolice
583 1249 710 1279 labores
744 1249 807 1279 iam
842 1247 1053 1279 credebamus
1082 1248 1261 1278 edificatam
1293 1250 1325 1278 et
1359 1250 1501 1278 sacratos
1534 1247 1691 1289 quosdam
1723 1247 1864 1278 diversas
1894 1247 2024 1278 iniurias
2043 1257 2069 1276 20

379 1301 527 1331 discimus
544 1311 664 1342 passOS,
682 1311 760 1341 quos
784 1300 824 1330 ab
850 1300 935 1330 omni
959 1300 1172 1340 oppressionis
1193 1299 1263 1330 face
1288 1299 1497 1340 sperabamus
1522 1299 1681 1340 erept0s³.
1719 1299 1889 1330 Portamus⁴¹
1905 1299 2024 1340 quippe

378 1357 501 1384 omnium
519 1365 612 1388 onera,
634 1357 682 1390 qui
704 1358 867 1391 gravantur.
891 1356 988 1382 immo
1012 1357 1109 1390 portat
1132 1356 1183 1391 hec
1207 1356 1235 1381 in
1259 1355 1340 1382 nobis
1364 1354 1489 1382 amator
1505 1355 1611 1382 vester
1630 1356 1730 1382 beatus
1746 1356 1846 1382 Petrus
1870 1355 2024 1389 apostolus,

377 1409 425 1442 qui
453 1418 504 1435 nos
534 1408 563 1434 in
591 1408 719 1435 omnibus
750 1408 1017 1434 sollicitudinis
1048 1416 1096 1443 sue
1127 1407 1253 1441 protegit
1282 1416 1323 1434 ac
1353 1409 1449 1434 tuetur
1480 1408 1604 1434 heredes.
1656 1402 1720 1434 Sed
1755 1403 1829 1443 quia
1862 1402 1922 1433 dek
1951 1413 2024 1443 pro-

378 1455 524 1486 fessionis
550 1455 671 1486 nostre¹
701 1455 805 1485 officio
837 1465 907 1485 cum
936 1455 1103 1485 Hieremia
1134 1454 1356 1485 nichilominus
1388 1454 1515 1485 dicitur:
1552 1453 1652 1485 ‘Ecce
1686 1454 1834 1485 constitui
1864 1456 1897 1484 te
1927 1453 2025 1484 hodie

378 1517 474 1548 super
496 1511 609 1548 gentes
633 1511 665 1538 et
688 1518 784 1547 super
807 1518 919 1548 regna,
950 1511 985 1537 ut
1013 1507 1133 1537 evellas
1160 1509 1192 1537 ct
1222 1507 1367 1537 destruas
1396 1510 1429 1537 et
1460 1506 1626 1548 disperdas
1651 1510 1683 1537 et
1706 1506 1842 1547 dissipes
1867 1504 1911 1548 [et
1935 1505 2024 1545 edifi-
2045 1513 2070 1532 2⁵

377 1557 467 1600 ces]¹¹¹
496 1562 528 1589 et
561 1558 707 1599 plantes³,
743 1559 839 1589 etiam
870 1562 975 1589 vestra
1010 1559 1113 1599 pietas
1148 1558 1188 1589 ab
1224 1559 1407 1599 apostolatu
1441 1561 1548 1589 nostro
1583 1569 1640 1599 pro
1674 1559 1733 1589 hoc
1768 1559 1837 1599 ipso
1873 1567 2025 1598 personas

377 1610 531 1650 postulat,
561 1620 634 1641 ecce
658 1613 803 1641 strenuos
828 1620 844 1640 c
868 1610 969 1641 latere
993 1613 1100 1641 nostro
1124 1611 1208 1641 viros
1232 1610 1411 1651 dirigimus,
1442 1610 1494 1651 qui
1504 1635 1510 1648 .,
1542 1610 1567 1640 si
1592 1620 1654 1650 qua
1678 1610 1742 1640 illic
1765 1610 1848 1640 inter
1871 1609 1929 1648 hec
1954 1607 2024 1638 dili-

380 1662 466 1702 genti
497 1661 601 1692 studio
626 1661 897 1702 deprehendantu,
926 1665 958 1692 et
985 1661 1033 1692 his
1057 1662 1208 1692 radicitus
1236 1661 1411 1692 secundum
1434 1661 1564 1692 Domini
1591 1661 1778 1692 mandatum
1808 1660 1938 1697 evulsis,
1968 1659 2024 1690 de-

379 1713 514 1751 structis,
540 1713 689 1754 dispersis
713 1716 744 1743 et
768 1713 938 1754 dissipatis,
963 1723 1075 1754 pacem
1100 1717 1131 1744 et
1156 1714 1310 1744 unitatem
1335 1716 1366 1744 et
1390 1714 1558 1744 caritatem
1583 1716 1616 1743 et
1639 1715 1853 1753 congruenter
1877 1711 2026 1752 edificent

380 1765 472 1794 simul
497 1768 529 1794 et
552 1764 724 1805 plantent‘).
770 1764 853 1795 Nam
878 1764 1039 1805 quomodo
1067 1764 1186 1795 habere
1210 1768 1361 1805 poterunt
1389 1765 1569 1805 caritatem,
1602 1765 1655 1805 qui
1683 1764 1828 1795 dividunt
1850 1764 2025 1794 unitatem?
2045 1775 2070 1794 ³⁰

380 1816 446 1846 Nos
470 1818 578 1846 autem
602 1826 658 1856 pro
684 1815 809 1847 Christo
838 1816 1000 1857 legatione
1027 1816 1138 1857 procul
1167 1816 1264 1847 dubio
1289 1816 1462 1857 fungimur,
1495 1827 1566 1847 cum
1596 1816 1690 1857 paoiv
1721 1816 1857 1855 ecclesie
1888 1814 2028 1845 studium

380 1867 555 1908 inpendere
579 1877 794 1908 procuramus
842 1867 924 1903 Quia
941 1878 1016 1898 vero
1033 1867 1104 1898 Deo
1122 1868 1279 1898 amabiles
1295 1868 1388 1908 viros,
1414 1878 1492 1908 quos
1509 1868 1697 1898 nominatim
1714 1867 1828 1898 litteris
1844 1865 1996 1907 expetitis
2006 1865 2027 1903 ⁵,

382 1919 571 1960 quibusdam
601 1919 810 1950 incommodis
839 1919 1010 1960 impeditos
1035 1919 1195 1951 destinare
1226 1921 1408 1961 nequimus,
1439 1920 1582 1951 misimus
1605 1920 1743 1951 Paulum
1773 1923 1806 1950 et
1836 1918 2027 1959 Eugenium,

381 1971 595 2001 sanctissimos
627 1974 659 2001 et
688 1971 881 2001 reverendos
906 1972 1073 2012 episcopos
1104 1971 1302 2012 dilectosque
1333 1971 1529 2002 consiliarios
1557 1975 1695 2011 nostros,
1724 1981 1857 2012 quorum
1881 1969 1973 2000 nobis
1997 1970 2029 1998 et

380 2023 459 2053 fides
483 2022 617 2063 probata
641 2026 673 2052 ct
695 2023 826 2053 scientia
842 2022 1012 2053 manifesta
1036 2026 1093 2054 est.
1140 2022 1261 2058 Quibus
1278 2024 1395 2064 scripto
1413 2023 1560 2055 dedimus
1583 2024 1614 2053 in
1638 2023 1806 2061 mandatis,
1830 2025 1866 2052 ut
1882 2020 2027 2052 omnibus
2047 2034 2071 2053 35

382 2073 595 2104 simultatibus
616 2074 726 2114 sopitis
747 2077 843 2114 atque
861 2073 989 2113 sedatis,
1015 2084 1074 2115 que
1099 2074 1139 2104 ad
1164 2084 1276 2115 pacem
1300 2078 1381 2115 sunt,
1406 2078 1585 2105 sanctorum
1602 2075 1756 2116 magistra
1772 2073 1884 2115 regula
1900 2075 2027 2114 patrum

382 2129 448 2156 toto
483 2125 649 2155 conamine
684 2127 868 2155 construant
899 2128 931 2155 et
965 2126 1050 2156 omni
1083 2126 1285 2156 contentione
1318 2126 1445 2157 sublata
1474 2126 1592 2157 iustitie
1621 2126 1761 2157 tribuant
1787 2126 1858 2157 Deo
1889 2124 2028 2166 propitio

382 2176 536 2217 palmam,
566 2176 626 2206 hoc
655 2175 822 2206 dumtaxat
849 2175 890 2206 ad
917 2176 1045 2207 laudem
1070 2176 1132 2207 Dei
1156 2180 1289 2217 agentes
1319 2180 1351 2208 et
1382 2177 1422 2208 ad
1446 2178 1670 2218 preconiorum
1695 2180 1869 2208 vestrorum
1893 2177 2029 2214 culmen,

382 2229 462 2259 sicut
485 2238 541 2257 vos
564 2237 661 2268 agere
686 2227 725 2258 de
751 2227 802 2258 die
826 2228 858 2258 in
881 2228 967 2258 diem
989 2228 1091 2268 decet,
1115 2228 1280 2259 addentes.
1319 2228 1551 2259 Verumtamen
1573 2230 1721 2270 ignorare
1737 2229 1825 2270 pium
1840 2229 2030 2270 imperiumq

485 2322 526 2347 69.
551 2323 574 2353 ¹³)
593 2329 702 2346 -1DERA-
721 2323 747 2347 in
765 2331 817 2347 ras.
837 2322 868 2347 R.
947 2322 972 2354 b)
991 2324 1136 2356 imperatori
1156 2324 1187 2349 R.
1267 2323 1290 2356 c)
1308 2325 1402 2349 vellere
1421 2325 1514 2350 ducere
1532 2324 1564 2349 R.
1643 2323 1668 2358 d)
1687 2329 1810 2358 provectu
1829 2324 1860 2349 R.
1941 2324 1963 2356 θ)
1982 2333 2027 2350 -na
2045 2334 2072 2354 40

382 2375 448 2391 corr.
467 2374 497 2390 cx
516 2374 588 2389 -nam
609 2365 638 2390 R.
728 2364 745 2396 s)
764 2366 893 2397 religionis
912 2366 943 2391 B.
1031 2366 1056 2397 δ’)
1074 2368 1161 2392 tratari
1180 2367 1212 2391 R.
1300 2367 1326 2399 l¹)
1345 2376 1412 2393 corr.
1432 2376 1463 2393 ex
1485 2376 1501 2392 a
1519 2376 1583 2400 pace
1607 2368 1643 2393 al.
1660 2377 1729 2392 man.
1748 2367 1780 2392 R.
1875 2367 1892 2399 i)
1911 2375 1977 2392 corr.
1997 2376 2028 2392 etz:

383 2410 485 2434 turbata
504 2409 538 2433 al.
551 2417 619 2433 man.
639 2408 670 2433 R.
748 2408 772 2439 ¹¹)
791 2413 816 2434 et
835 2409 866 2434 R.
942 2408 960 2439 l)
979 2411 1059 2434 nostri
1077 2410 1108 2434 R.
1185 2409 1216 2442 ¹¹¹)
1236 2419 1282 2435 om.
1296 2410 1332 2439 R,·
1351 2412 1384 2443 cf.
1404 2411 1455 2436 Ier.
1475 2412 1491 2435 I.
1506 2420 1525 2436 c.
1540 2415 1562 2436 ει
1581 2411 1655 2443 infra
1674 2411 1718 2436 lin.
1732 2410 1812 2443 28s29.
1894 2412 1919 2442 Π)
1939 2411 2026 2443 depre-

383 2452 478 2477 hendat
496 2451 527 2476 R.
615 2451 638 2482 0)
657 2452 753 2483 plantet
771 2451 803 2476 R.
890 2451 915 2484 1¹)
934 2461 996 2484 pace
1014 2452 1045 2477 R.
1134 2453 1158 2483 q)
1177 2462 1243 2478 corr.
1257 2462 1287 2478 ea:
1306 2454 1496 2486 imperatorium
1515 2454 1548 2479 R.

488 2511 512 2541 1)
532 2512 658 2535 867-86.
692 2508 732 2540 Cf.
752 2510 783 2535 A.
797 2509 858 2543 Vogst
877 2510 979 2536 ‘Basilo
993 2511 1014 2537 I.
1035 2511 1138 2543 (Paris’
1155 2513 1240 2544 1903).
1322 2513 1348 2543 2)
1369 2512 1504 2545 Epistulae
1521 2513 1578 2544 hae,
1598 2521 1664 2546 qaae
1682 2520 1766 2538 eausa
1785 2513 1927 2546 leyationis
1945 2512 2028 2538 Pauli

384 2556 408 2579 ct
428 2553 547 2587 Eutycnii
564 2552 648 2584 fuisso
668 2552 800 2584 videntur,
818 2560 873 2578 non
890 2556 953 2579 sunt
970 2557 1091 2579 servatae.
1170 2555 1196 2587 3)
1217 2555 1280 2581 Non
1297 2556 1362 2581 satis
1374 2555 1459 2581 lucide
1474 2558 1558 2588 patet,
1576 2556 1642 2588 qaid
1661 2556 1704 2582 hic
1720 2555 1826 2582 alludat
1840 2564 1925 2589 papa.
1958 2555 2025 2581 0οη-
2045 2565 2071 2584 45

384 2597 473 2622 cilium
493 2595 688 2621 oecmnen'icum
707 2604 730 2620 a.
745 2596 839 2628 869)70
856 2595 990 2622 damnatis
1008 2597 1096 2622 Plzot'iz'
1114 2598 1284 2623 sectatoribus
1302 2606 1396 2631 pacem
1417 2599 1571 2625 restituerat
1589 2599 1717 2625 ecclcsiae.
1754 2598 1870 2624 Iniuriis
1888 2605 2028 2631 oppressos

380 2642 472 2672 postca
492 2638 600 2663 rwnnisi
619 2637 765 2664 letimaos
783 2638 838 2664 dici
853 2646 929 2671 posse
948 2639 1140 2673 Herycnrotlzer
1158 2641 1173 2666 ἶ.
1188 2641 1202 2666 l.
1223 2641 1261 2672 11,
1282 2644 1330 2667 289
1339 2649 1376 2674 sq.
1395 2641 1536 2674 contendit,
1554 2641 1624 2668 unde
1642 2641 1747 2675 colligat,
1766 2641 1901 2674 epistolam
1919 2641 2028 2673 Basilii,

385 2682 429 2708 cut
447 2680 581 2713 respondet
593 2683 692 2713 nostra,
712 2680 745 2706 ab
757 2681 814 2713 *ipso
828 2681 924 2707 Phoc-io
936 2682 990 2707 iam
1008 2683 1128 2708 restituto
1139 2683 1216 2709 nulla
1229 2686 1315 2709 tamen
1334 2683 1364 2709 (lc
1376 2687 1456 2710 morte
1470 2684 1569 2717 Ifmatii
1587 2687 1610 2710 et
1628 2684 1712 2717 ipsius
1724 2684 1887 2710 restitutione
1899 2684 2028 2709 mentione

385 2726 459 2756 fincta
477 2726 524 2749 aut
542 2723 702 2756 inspiratam
722 2726 769 2749 tent
788 2723 915 2750 dictatam
934 2732 993 2750 esse.
1015 2740 1044 2743 —
1068 2724 1107 2756 Cs'.
1120 2726 1197 2751 etiam
1218 2730 1308 2752 ›t.177.
1395 2727 1422 2758 4)
1445 2727 1484 2758 Cf.
1504 2727 1594 2753 Stricti
1611 2735 1658 2760 pp.
1676 2727 1750 2760 epist.
1763 2726 1800 2752 ad
1818 2726 1970 2752 Himerium
1989 2734 2027 2759 ep.

390 2768 576 2798 Tarraconen„
597 2766 724 2799 Dionysii
739 2766 800 2792 Coll.
815 2766 884 2792 decr.
898 2766 988 2793 Sir-icit
1002 2768 1138 2800 praefatio
1151 2768 1202 2800 (ed.
1217 2769 1310 2802 Miglne
1324 2769 1450 2800 LXVII,
1464 2772 1530 2803 231),
1549 2769 1620 2801 Jaffel
1633 2769 1695 2803 Ray.
1706 2773 1751 2796 255
1763 2769 1825 2803 (65).
1897 2769 1923 2802 5)
1944 2768 2026 2802 Quos·
2045 2776 2072 2795 50

387 2819 448 2835 mem
468 2809 588 2835 Basilius
603 2808 773 2842 postularerit
791 2809 888 2843 leuatos
907 2811 1042 2836 nescimus
