2189 3042
170 713 195 732 10

172 974 195 992 15

173 1230 197 1249 20

175 1488 199 1507 25

172 1831 199 1851 80

174 2087 198 2107 35

735 157 915 183 STEPHANI
929 156 962 183 V.
982 156 1099 182 PAPAE
1119 156 1316 183 EPISTOLAE
1335 157 1358 182 5.
1806 158 1867 188 365

219 246 363 285 scedula,
395 245 472 286 ipsis
505 245 601 276 etiam
633 245 764 275 notariis
791 247 969 275 verteretur
1000 244 1030 274 in
1066 244 1220 275 nausiam.
1277 243 1427 279 Quereris
1456 243 1665 275 Bremensem
1699 243 1867 274 ecclesiam

219 298 418 338 Agrippinae
444 296 598 327 Coloniae
623 296 690 327 sedi
714 296 811 327 fuisse
835 295 1021 335 subiectam,
1050 296 1138 326 cuius
1167 296 1322 326 ecclesiae
1355 296 1487 326 antistes
1514 306 1615 336 nuper
1643 295 1684 326 ad
1714 306 1771 325 nos
1796 295 1866 325 diri>

220 359 299 390 gens
332 352 364 380 et
392 359 474 379 nunc
503 359 561 389 per
593 351 696 378 semet
726 347 883 378 accedens
917 347 1072 378 ecclesiae
1105 357 1182 378 suae
1215 347 1383 388 privilegia
1407 358 1425 377 a
1449 350 1480 377 te
1505 347 1556 377 vel
1580 350 1782 378 antecessore
1813 350 1868 377 tuo

221 403 351 441 questus
376 403 424 430 est
446 400 566 430 violare
591 399 708 430 conari.
757 399 804 430 De
829 399 1036 430 ecclesiarum
1065 399 1173 439 itaque
1201 399 1379 439 privilegio,
1404 398 1488 440 quod
1518 402 1673 429 terrarum
1701 397 1866 439 longitudo

221 451 386 482 obnubilat
410 455 442 482 et
472 452 719 492 praeteritorum
749 453 875 491 patrum
909 450 1081 481 auctoritas
1112 461 1174 481 non
1206 450 1399 489 manifestat,
1430 453 1551 481 temere
1582 450 1785 481 iudicandum
1811 460 1868 490 pro

219 503 312 533 libitu
336 503 522 543 cuiusquam
546 513 609 533 non
633 513 808 533 censemus.
855 501 1013 542 Scriptum
1038 502 1155 542 quippe
1180 505 1240 532 est:
1266 501 1425 541 Causam,
1455 511 1552 542 quam
1576 502 1770 541 nesciebam,
1798 501 1869 532 dili-

220 555 427 595 gentissime³
450 553 699 594 investigabam.³
748 553 818 589 Qua
842 564 898 594 pro
924 563 957 583 re
982 563 1045 583 non
1067 553 1267 583 atramentob
1291 556 1323 583 et
1345 552 1484 593 pellibus
1512 552 1592 583 haec
1617 552 1769 583 discussio
1795 563 1868 583 con-

221 605 367 636 cedenda
402 610 462 642 est,
498 605 555 636 sed
590 604 769 636 alternandi
807 605 1092 635 sermocinationec
1127 604 1184 634 sub
1219 604 1344 635 cautela
1383 607 1414 634 et
1449 604 1593 644 diligenti
1632 605 1869 635 examinatione

221 657 377 687 libranda.
423 657 516 688 Unde
548 660 675 697 oportet
704 659 856 696 utrosque
885 666 941 686 vos
968 656 998 686 in
1030 658 1170 686 nostram
1198 656 1307 685 venire
1338 657 1553 696 praesentiam
1584 659 1616 686 et
1645 656 1796 696 synodica
1823 655 1871 686 his

223 708 411 738 diffinitione
436 708 605 739 terminum
634 709 808 748 imponere,
838 717 878 737 ne
902 707 1034 737 ulterius
1062 706 1121 737 lisfl
1143 706 1286 737 rediviva
1310 706 1454 747 quolibet
1482 707 1555 738 odio
1586 706 1758 738 fraternam
1788 707 1869 737 cari-

222 762 322 789 tatem
347 759 501 790 obfuscet.
548 759 648 790 Nefas
673 760 791 799 quippe
817 762 875 798 est,
899 759 924 788 si
947 758 989 796 hi,
1015 759 1068 799 qui
1091 759 1122 788 in
1146 758 1275 799 specula
1298 758 1393 798 positi
1421 762 1493 789 sunt
1521 762 1553 789 et
1575 758 1655 789 alios
1678 758 1797 789 lumine
1821 758 1870 789 sui

223 811 363 851 exempli
391 810 567 841 accendere
597 811 732 841 debent⁰
761 810 801 841 ad
831 810 1035 841 dilectionem
1060 810 1275 850 ducatumque
1303 809 1460 850 praebere
1493 810 1534 841 ad
1563 811 1726 847 iustitiam,
1756 811 1872 851 lupinis

223 872 257 892 se
281 862 438 893 morsibus
468 863 597 893 laniant.
636 862 757 893 Verum
789 863 862 902 quia
891 862 1040 892 veniente
1063 861 1239 902 Adalgario
1264 861 1439 892 venerabili
1471 861 1643 902 episcop0¹
1668 863 1736 902 ipse
1761 862 1869 892 venire

224 913 374 944 distulisti
399 917 431 945 et
455 924 473 944 a
500 917 532 944 te
558 914 695 946 directis.
726 916 821 954 prout
846 913 907 954 ipsi
934 913 1127 952 fatebantur,
1157 912 1397 943 vicariationem
1427 916 1513 943 tuam
1545 913 1584 943 ad
1615 913 1775 952 integrum
1809 924 1872 944 non

224 966 419 1005 commisisti,
444 965 541 996 finem
564 966 730 1006 imponere
748 967 854 995 tantae
878 965 925 995 liti
948 965 1117 1003 noluimus,
1140 974 1180 994 ne
1198 964 1362 1004 quippiam
1380 974 1596 1005 praepropere
1621 965 1764 995 sanxisse
1781 964 1870 995 vide-

224 1026 341 1047 remur.
389 1016 452 1047 Sed
482 1020 517 1047 ut
544 1018 590 1047 rei
614 1017 732 1047 veritas
762 1017 793 1046 in
816 1014 989 1047 ‘clariorem
1018 1016 1121 1047 lucem
1153 1019 1313 1057 erumpat,
1343 1015 1481 1046 Folkoni
1504 1016 1679 1046 venerabili
1702 1016 1871 1047 Remensis

225 1068 398 1098 ecclesiaef
426 1068 688 1109 archiepiscopo²
712 1067 925 1108 scripsimus3,
955 1071 991 1098 ut
1019 1071 1127 1098 nostra
1150 1068 1219 1098 vice
1249 1067 1333 1108 apud
1357 1067 1584 1108 Vangionem4
1612 1067 1767 1108 synodum
1797 1077 1871 1098 con-

224 1122 318 1150 vocet
341 1129 450 1150 mense
466 1120 612 1160 Augusto
637 1120 668 1150 in
692 1119 909 1160 assumptione
925 1119 987 1150 Dei
1011 1119 1173 1159 genitricis
1197 1119 1326 1159 virginis
1349 1119 1471 1150 Mariae
1493 1118 1618 1150 futurae
1635 1118 1707 1149 Deo
1732 1119 1870 1159 propitio

226 1171 370 1201 decimae
394 1171 575 1201 indictionis
585 1172 606 1209 ⁵,
631 1171 671 1202 ad
689 1181 784 1212 quam
801 1173 888 1201 tuam
905 1171 1118 1201 reverentiam
1136 1174 1168 1202 et
1187 1170 1379 1201 Sunderoldi
1403 1170 1595 1201 venerabilis
1618 1170 1872 1211 archiepiscopi⁶

224 1226 433 1263 utrorumque
457 1222 729 1264 suffraganeorum
755 1226 788 1253 et
810 1222 953 1253 affinium
977 1222 1249 1253 sanctissimorum
1280 1222 1504 1263 episcoporum
1532 1225 1680 1253 coetum¹3
1703 1223 1872 1253 convenire

224 1284 400 1306 monemus.
437 1274 495 1304 Cui
520 1278 551 1305 ct
569 1274 705 1305 eundem
723 1274 934 1314 Adalgarium
951 1274 1244 1305 reverentissimum
1260 1275 1445 1314 episcopum
1470 1275 1624 1305 interesse
1648 1274 1872 1314 iniunximush,

226 1326 373 1366 quatinus
401 1325 486 1356 facta
508 1325 585 1356 inibi
610 1326 804 1357 examinatio
830 1325 905 1366 quid
933 1326 1042 1366 cuique
1066 1325 1223 1356 debeatur
1251 1325 1408 1365 ostendat,
1437 1326 1559 1357 nullum
1591 1329 1698 1356 tamen
1728 1326 1874 1366 imponat

225 1377 406 1407 terminum.
458 1376 584 1408 Deinde
614 1380 767 1418 utrosque
796 1387 861 1416 vos,
894 1377 919 1407 si
947 1377 1082 1407 facultas
1115 1378 1265 1418 suppetit,
1299 1377 1440 1417 alioquin
1474 1378 1518 1407 ita
1549 1387 1567 1407 a
1596 1377 1687 1407 vobis
1717 1376 1874 1418 utrisquei

225 1429 395 1459 instructos
416 1428 542 1469 legatos
566 1428 607 1458 ad
630 1432 770 1459 nostram
795 1429 1009 1469 praesentiam
1032 1428 1178 1459 iubemus
1199 1428 1326 1469 dirigite
1340 1429 1549 1472 yicariatione
1566 1432 1672 1459 vestra
1695 1430 1873 1470 commissa,

226 1482 262 1519 ut
285 1479 496 1520 disceptandi
508 1482 540 1510 et
564 1479 763 1511 deliberandi
788 1478 1164 1520 habeantjlibertatemK
1189 1480 1262 1520 quia
1287 1482 1319 1510 et
1342 1479 1383 1510 ad
1406 1480 1468 1511 hoc
1490 1480 1783 1511 reverentissimum
1799 1480 1872 1511 Fol-

226 1531 345 1562 konem
369 1524 553 1572 praesidere
577 1531 655 1561 inibi
677 1531 880 1571 instituimus,
903 1534 938 1561 ut
959 1530 1100 1562 veridica
1124 1531 1192 1561 eius
1215 1531 1391 1562 assertione
1414 1542 1473 1572 per
1495 1535 1658 1562 strenuum
1683 1531 1875 1574 episcopalis

227 1582 345 1613 ordinis
368 1583 467 1612 virum
499 1592 632 1613 noscere
656 1582 819 1613 valeamus
846 1583 892 1613 rei
916 1583 1084 1613 veritatem
1115 1583 1201 1613 omni
1230 1582 1443 1623 ambiguitate
1473 1585 1651 1624 postposita
1675 1587 1707 1614 et
1734 1585 1780 1615 ita
1802 1584 1873 1615 Deo

226 1634 355 1664 favente
381 1633 573 1673 deliberare,
596 1636 631 1664 ut
654 1633 747 1664 nullis
770 1633 854 1664 ultra
876 1633 1075 1675 temporibus
1100 1633 1140 1665 de
1168 1633 1229 1665 hac
1256 1644 1291 1665 re
1320 1635 1535 1665 necessarium
1564 1636 1604 1665 sit
1626 1638 1751 1667 vertere
1775 1646 1873 1677 quae-

225 1686 370 1716 stionem.

330 1823 353 1854 ³³)
373 1824 540 1849 dilemissime
559 1825 587 1848 T.
691 1824 714 1856 b)
734 1825 869 1849 atramenti
884 1825 910 1850 T.
1016 1824 1039 1856 0)
1058 1826 1244 1850 sermonatione
1262 1825 1288 1850 Τ.
1395 1824 1419 1857 d)
1438 1826 1563 1851 ulterialis
1581 1826 1608 1852 T.
1714 1827 1736 1857 θ)
1755 1827 1830 1852 debet
1847 1827 1875 1852 T.

222 1864 242 1898 1)
261 1875 310 1891 om.
327 1866 354 1891 T.
462 1867 487 1897 Β)
508 1876 596 1892 cecum
615 1868 643 1899 T,
662 1877 728 1893 corr.
742 1867 827 1893 Flossr
929 1866 955 1900 h)
974 1869 1115 1893 iniuximus
1133 1868 1160 1894 T.
1260 1867 1280 1899 i)
1299 1870 1401 1901 utrique
1420 1869 1446 1894 T.
1544 1867 1571 1897 k)
1590 1869 1768 1894 liberalitatem
1787 1869 1814 1901 Ἰζ
1831 1869 1876 1895 sed

224 1910 258 1942 cf.
272 1909 417 1934 Flodoard.
432 1910 482 1936 SS.
497 1911 580 1942 XIII,
594 1913 642 1936 558
661 1912 677 1936 Z.
692 1914 730 1937 21.

330 1995 355 2026 1)
375 1994 518 2027 Bremensi,
538 1995 732 2028 archiepiscopo
752 1995 953 2029 Hambwryensi
972 1999 1118 2022 888-909.
1206 1996 1232 2030 2)
1251 2000 1395 2023 883-900.
1483 1997 1509 2030 3)
1530 1997 1615 2024 Cuius
1632 1997 1758 2031 epistolae
1776 1999 1876 2025 mentio

223 2036 254 2068 fit
280 2036 311 2062 in
335 2036 488 2063 Flodoardi
511 2037 637 2063 Historia
661 2037 800 2064 Remensis
830 2039 954 2064 ecclesiae
978 2038 1029 2070 IV,
1042 2043 1062 2071 1,
1090 2038 1127 2065 ed.
1148 2039 1218 2066 ΜΘ.
1239 2039 1284 2065 SS.
1302 2039 1391 2072 XIII,
1406 2043 1461 2067 558.
1584 2041 1611 2073 4)
1632 2040 1718 2067 Hodie
1734 2041 1875 2069 ‘Wo‘rms’.

226 2080 253 2112 5)
273 2079 306 2104 Id
323 2082 360 2105 est
381 2082 430 2106 892
441 2080 562 2113 Au9.15.
678 2082 705 2114 6)
729 2081 885 2114 Moyuntim·
903 2085 1034 2108 889-891
1052 2081 1170 2109 I1m.26.

1885 508 1920 528 Iob
1936 508 1972 534 89,
1984 509 2017 530 1⁶.
