2189 3042
51 405 80 425 ef.
96 403 132 424 ΡΞ.
144 406 175 427 57,
187 406 205 423 5-

223 155 283 184 2236
651 148 830 175 IOHANNIS
850 148 924 174 VIII.
944 147 1063 173 PAPAE
1087 147 1286 174 EPISTOLAE
1309 148 1368 175 267.
1386 148 1446 175 268.

222 242 302 278 quea
326 236 364 268 ad
391 237 545 267 honorem
575 237 682 274 sancte
707 233 853 274 Romane
883 234 1019 274 ecclesie
1043 234 1218 275 pertinent,
1249 244 1448 276 exaggerare
1472 235 1599 276 penitus
1626 238 1825 277 satagemus,
1855 247 1874 267 a

221 288 334 330 quibus
358 298 414 318 nos
430 287 517 318 nulla
533 287 693 326 ferocitas,
717 285 804 316 nulla
820 286 978 316 malorum
994 285 1159 316 hominum
1176 286 1392 327 comminatio,
1414 286 1516 317 donec
1533 286 1661 327 spiritus
1677 287 1761 328 regit
1777 290 1873 328 artus,

221 339 339 380 poterit
366 342 578 380 sequestrare.
625 336 719 373 Quod
751 337 942 368 iussionemb
971 337 1069 367 nostri
1098 336 1250 378 pontificii
1280 338 1403 378 ingenti
1430 338 1670 379 presumptione
1702 338 1874 369 obsurdam

221 391 367 432 posuisti,
399 389 588 421 omnimodis
616 389 821 429 temetipsum
845 389 974 429 proprio
998 388 1102 419 iaculo
1126 387 1340 420 reverberasti
1370 392 1402 420 et
1425 388 1513 420 velut
1535 390 1621 430 aspis
1644 389 1740 421 surda
1764 390 1876 421 salutie

220 446 273 482 tue
302 441 549 483 congruentibus
577 451 686 472 aurem
717 451 778 471 non
808 441 1067 472 accommodasti.
1118 441 1183 472 Sed
1212 440 1289 483 quid
1319 440 1430 481 plura?
1469 441 1591 472 Iterum
1623 441 1728 482 adque
1758 441 1875 472 iterum

220 492 413 524 inhibendod
437 493 614 533 apostolica
645 493 835 523 auctoritate
864 493 1071 534 precipimus,
1103 494 1294 524 terminume
1317 493 1418 523 sancti
1441 492 1531 523 Petri
1561 492 1602 523 ad
1629 492 1876 533 ingrediendum

220 546 360 576 animum
377 548 517 575 vestrum
542 555 603 575 non
626 543 789 583 incitetisf,
815 554 979 585 quousque
999 544 1136 585 predicti
1160 544 1259 586 legati
1283 545 1381 575 nostri
1403 544 1443 575 ad
1467 554 1524 575 nos
1544 546 1745 575 revertantur
1769 545 1876 575 omnia

220 596 311 627 nobis
335 596 545 626 renuntiaturi
569 596 712 636 itemque
737 596 817 626 alios
840 595 881 626 ad
905 606 962 626 vos
985 596 1201 627 transmittere
1227 601 1402 627 curemusss.

325 661 419 684 DATA
438 661 507 684 vm.
528 660 712 685 KALENDAS
738 661 929 690 FEBRUARH,
948 661 1149 685 INDICTIONE
1167 661 1249 686 XIIII.

1014 807 1087 837 268.

329 866 486 898 Iohannes
509 865 604 896 VIII.
624 876 714 905 papa
730 866 888 897 Ludovico
905 866 1006 906 (III.)
1027 869 1055 897 ct
1072 865 1308 898 Karolomanno
1331 865 1454 905 reqibus
1469 865 1685 906 (occidentalis
1700 865 1875 906 Franciae)

221 920 249 948 ct
266 917 396 957 Huyoni
417 917 524 948 abbati
548 922 586 955 (s.
604 918 758 948 Germani
773 918 1077 958 Autissiodorensis)
1101 920 1213 957 rogatu
1231 917 1347 949 Kar-ozi
1367 917 1468 957 (III.)
1490 917 1691 956 imperatoris
1707 917 1877 956 praecipit,

221 971 258 999 ut
281 968 502 1008 Aozyilberyam
525 968 754 1007 imperatricem
778 968 911 1000 Romam
934 969 990 1000 sub
1014 969 1113 1000 tutela
1135 979 1160 1001 s.
1178 969 1268 1000 Petri
1291 969 1494 1000 constitutam
1517 969 1692 1006 remittant,
1723 978 1816 1007 quae,
1849 968 1878 999 si

224 1019 342 1051 Bosoni
364 1022 422 1050 aut
444 1019 503 1050 alii
526 1020 644 1051 homini
666 1020 710 1051 ad
732 1021 1001 1059 perturbationem
1024 1020 1114 1060 requi
1136 1019 1294 1051 aemilium
1315 1029 1414 1059 porro
1434 1020 1612 1059 praeberet,
1641 1019 1801 1050 reddenda
1823 1019 1875 1050 sit.

1533 1072 1595 1102 881
1619 1071 1721 1102 Mart.
1739 1071 1789 1103 12.

338 1113 414 1140 Coa„-
444 1113 470 1140 R
488 1116 508 1147 f.
524 1118 572 1140 106
591 1122 617 1139 n.
632 1117 687 1140 270.

328 1165 412 1191 EM:
441 1165 536 1191 Editio
552 1166 676 1192 Romana
691 1166 774 1199 (1591)
795 1166 852 1198 III,
866 1170 917 1193 483
935 1175 963 1193 n.
976 1168 1023 1192 263
1042 1177 1074 1187 =
1094 1164 1220 1191 sirmond
1242 1164 1318 1191 Cone.
1330 1168 1387 1192 ant.
1400 1165 1508 1191 Galliae
1525 1165 1581 1197 III,
1601 1169 1648 1192 501
1666 1173 1693 1190 n.
1706 1168 1746 1191 68,
1783 1164 1878 1190 Mansi

225 1208 300 1235 Conc.
315 1209 370 1235 coll.
386 1208 485 1239 XVII,
506 1213 553 1234 194
572 1217 598 1234 n.
612 1212 668 1235 263.
706 1210 800 1243 Miyne
819 1209 895 1236 Patr.
910 1210 955 1236 lat.
970 1208 1056 1235 CXX
1064 1209 1109 1241 VI,
1127 1212 1175 1234 924
1193 1217 1220 1234 n.
1236 1212 1289 1235 315.
1309 1223 1342 1227 —-
1362 1208 1434 1240 Jaffe'
1453 1208 1515 1242 Rea.
1528 1211 1598 1235 3340
1616 1208 1712 1241 (2562).

465 1296 705 1321 HLUDOUUICO¹
725 1297 768 1320 ET
788 1296 1068 1320 KAROLOMANNO²
1087 1295 1250 1320 REGlBUS³
1270 1296 1313 1320 ET
1332 1296 1466 1321 HUGONI
1485 1294 1637 1320 ABBATN.

331 1350 433 1381 Nosse
458 1351 602 1381 volumus
625 1354 765 1381 vestram
789 1351 1005 1391 dilectionem,
1029 1350 1103 1392 quia
1128 1351 1303 1391 spiritalem
1328 1351 1427 1382 filium
1451 1354 1593 1382 nostrum
1611 1350 1767 1381 Karolum
1791 1359 1878 1380 sere-

225 1402 388 1433 nissimum
405 1402 632 1442 imperatorem
643 1404 654 1421 5
670 1402 774 1433 Rome
792 1403 957 1433 nobiscum
974 1403 1146 1443 degentem
1163 1403 1356 1444 rogavimus,
1377 1406 1413 1433 ut
1429 1402 1606 1444 spiritalem
1621 1402 1720 1432 filiam
1736 1404 1879 1432 nostram

225 1453 467 1494 Angelbergam
491 1453 561 1485 Deo
587 1454 737 1485 devotam
747 1455 768 1493 ⁶,
799 1464 860 1495 que
885 1465 918 1485 se
943 1458 1052 1485 sancto
1076 1454 1175 1485 Petro
1200 1454 1346 1495 apostolo
1379 1458 1411 1485 et
1434 1454 1526 1485 nobis
1550 1464 1621 1484 cum
1646 1453 1709 1484 suis
1733 1453 1880 1484 omnibus

226 1505 518 1545 commendaverat,
543 1516 638 1546 quam
663 1506 759 1536 etiam
785 1507 901 1536 coniux
924 1506 1018 1544 illius,
1043 1503 1114 1545 dite
1138 1506 1291 1546 memorie
1316 1505 1558 1536 Hludouuicusa
1582 1508 1745 1545 augustus,
1775 1504 1879 1535 adhuc

225 1556 334 1587 vivens
362 1560 467 1597 nostre
492 1557 617 1587 tuitioni
646 1557 829 1597 specialiter
856 1558 1072 1597 summiserat,
1103 1556 1142 1587 ab
1171 1557 1324 1587 exulatu7
1348 1557 1519 1587 reduceret
1548 1560 1580 1587 et
1606 1556 1693 1597 apud
1721 1567 1778 1586 nos
1807 1566 1879 1587 eam

225 1607 378 1646 Romam,
408 1608 462 1638 ubi
486 1608 573 1638 nulla
600 1609 663 1639 iam
689 1608 728 1639 de
753 1609 807 1639 illa
831 1609 956 1639 sinistra
981 1608 1118 1649 suspicio
1145 1609 1219 1638 oriri
1242 1611 1366 1649 posset,
1396 1618 1452 1648 pro
1482 1618 1590 1638 amore
1613 1607 1676 1638 Dei
1704 1610 1736 1638 et
1760 1606 1879 1637 Christi

226 1658 488 1701 clavigeri[que]b
512 1660 611 1700 ipsius
635 1659 721 1690 beati
746 1660 835 1690 Petri
860 1659 997 1700 apostoli
1021 1659 1178 1700 simulque
1202 1663 1310 1690 nostro
1335 1659 1497 1701 dirigeret.
1545 1658 1639 1694 Quod
1664 1658 1717 1689 ille
1741 1658 1879 1689 libenter
1910 1670 1920 1687 5

226 1721 259 1741 se
284 1711 442 1741 facturum
466 1711 666 1752 promittens,
692 1714 845 1752 quantum
869 1711 1094 1752 comperimus,
1118 1714 1258 1742 vestrum
1283 1722 1378 1752 super
1394 1711 1455 1742 hoc
1471 1710 1682 1751 prestolaturc
1699 1719 1878 1746 assensum;

226 1766 258 1792 et
281 1762 412 1802 quidem
435 1773 492 1792 nos
516 1762 555 1793 de
581 1763 740 1793 communi
766 1762 938 1793 dilectione
971 1766 1003 1793 et
1026 1773 1106 1803 pace
1131 1763 1197 1793 sive
1222 1762 1393 1793 concordia
1417 1766 1522 1792 vestra
1546 1761 1724 1802 gaudemus
1753 1764 1785 1792 et
1807 1760 1878 1791 Deo

226 1824 283 1854 pro
308 1813 368 1844 hoc
396 1814 578 1844 innumeras
601 1817 710 1854 grates
738 1814 921 1851 referimus3
961 1814 1018 1845 sed
1042 1818 1165 1845 tantum
1191 1814 1229 1845 de
1260 1814 1358 1855 ipsius
1389 1813 1539 1854 spiritalis
1562 1813 1625 1853 filie
1654 1815 1760 1853 nostre
1788 1822 1878 1843 recu-

225 1865 392 1905 peratione
417 1868 449 1895 et
472 1865 577 1895 reditu
601 1875 656 1895 vos
682 1865 906 1905 deprecamur,
939 1868 1106 1906 quantum,
1137 1866 1161 1896 si
1187 1866 1256 1906 ipsa
1285 1865 1326 1896 ad
1350 1876 1407 1895 nos
1430 1865 1562 1895 reducta
1586 1864 1696 1904 fuerit,
1726 1868 1761 1894 ut
1783 1863 1879 1894 nichil

226 1916 351 1957 penitus
382 1916 446 1946 iam
469 1916 521 1946 vel
551 1919 660 1947 contra
692 1916 829 1947 eundem
860 1918 1086 1958 imperatorem
1112 1918 1162 1948 vel
1194 1920 1303 1947 contra
1327 1927 1383 1947 vos
1414 1926 1510 1957 agere
1540 1916 1654 1957 possit,
1685 1915 1800 1946 nostris
1823 1925 1879 1945 vos

226 1967 494 1998 adtestationibus
518 1968 710 1998 certissimos
735 1967 907 1998 reddimus.
940 1967 1065 1998 Idcirco
1090 1968 1196 1998 iuncta
1212 1970 1318 1998 vestra
1335 1967 1464 1998 devotio
1490 1977 1560 1997 cum
1585 1966 1730 1997 eiusdem
1753 1966 1880 2006 augusti

227 2018 410 2049 obedientia
438 2018 558 2060 absque
588 2019 672 2050 omni
697 2019 911 2060 protelatione
936 2018 1120 2049 iamdictam
1146 2018 1216 2049 Deo
1242 2018 1391 2049 devotam
1416 2018 1568 2049 seminam
1599 2017 1640 2048 ad
1662 2017 1773 2048 limina
1801 2028 1880 2058 apo-

227 2070 394 2109 stolorum,
424 2081 442 2100 a
466 2081 599 2111 quorum
625 2071 825 2101 confessione
850 2071 999 2101 altarium
1028 2074 1137 2101 nostro
1162 2081 1289 2111 semper
1313 2070 1465 2101 tuendam
1489 2069 1628 2110 presidio
1652 2069 1880 2110 suscepimus⁸‚

226 2132 284 2162 pro
309 2132 417 2152 amore
441 2121 503 2152 Dei
536 2126 568 2152 et
591 2126 698 2153 nostro
723 2123 903 2161 remittere,
936 2126 1088 2163 quantum
1112 2123 1143 2152 in
1168 2122 1258 2153 vobis
1283 2125 1344 2162 est,
1375 2132 1438 2152 non
1462 2121 1630 2161 omittatis,
1662 2121 1749 2162 quia,
1780 2121 1806 2151 si
1829 2121 1880 2151 hic

227 2172 313 2213 apud
336 2183 394 2203 nos
417 2173 544 2203 rediens
568 2173 775 2213 habitaverit,
809 2177 897 2204 tanta
922 2173 1066 2204 custodia
1091 2174 1335 2214 circumspecta,
1368 2173 1459 2203 nobis
1483 2172 1619 2213 credite,
1652 2173 1724 2212 erIt,
1758 2175 1793 2203 ut
1821 2182 1880 2203 nec

227 2225 368 2255 Bosoni⁹
392 2235 450 2255 nec
474 2225 527 2255 alii
552 2226 671 2256 homini
702 2225 742 2256 ad
766 2225 1042 2266 perturbationem
1067 2226 1192 2266 imperii
1216 2226 1282 2256 sive
1307 2225 1398 2266 regni
1422 2223 1590 2265 quodlibet
1613 2223 1805 2254 adiutorium
1829 2223 1879 2254 vel

331 2333 355 2363 ³²)
374 2341 440 2357 corr.
459 2342 488 2357 ea:
507 2341 560 2364 eass,
581 2333 615 2357 al.
629 2342 697 2358 man.
718 2333 750 2358 R.
839 2332 862 2363 b)
881 2334 1006 2358 iusionem
1026 2334 1057 2357 R.
1143 2333 1164 2364 c)
1184 2334 1276 2358 salutis
1294 2333 1325 2358 R.
1410 2332 1434 2365 d)
1454 2333 1594 2357 inhibenda
1613 2332 1644 2356 R.
1728 2331 1750 2363 θ)
1768 2332 1879 2364 fortasse

228 2380 249 2399 ct
268 2376 308 2399 hic
326 2376 459 2407 Zeyemlztm
478 2380 512 2400 est
531 2376 686 2406 terminium,
705 2376 738 2408 cf.
752 2385 777 2401 η.
791 2378 848 2407 257,
865 2386 890 2408 p.
907 2379 957 2401 225
975 2382 1062 2401 annot.
1074 2386 1098 2409 (J.
1186 2375 1205 2407 f)
1225 2386 1291 2401 corr.
1306 2385 1335 2401 ca*
1354 2376 1470 2401 iucetetis
1489 2376 1521 2400 R.
1610 2375 1633 2405 S)
1653 2382 1714 2399 cure
1734 2374 1764 2398 R.

330 2425 389 2451 263,
417 2426 439 2457 a)
459 2435 499 2451 -c-
519 2427 546 2451 in
564 2435 616 2451 ras.
636 2427 667 2451 R.
755 2425 780 2457 ¹¹)
800 2436 847 2452 om.
868 2427 898 2451 R.
987 2427 1008 2459 c)
1029 2437 1095 2453 corr.
1110 2436 1140 2452 ex
1158 2428 1345 2460 prestolaturus
1365 2428 1400 2452 al.
1419 2435 1489 2451 man.
1508 2426 1540 2451 R.

333 2502 357 2534 1)
378 2502 435 2527 ΙΙΙ.
450 2501 477 2534 (†
490 2503 560 2535 882).
631 2503 656 2534 2)
676 2502 693 2535 †
705 2506 762 2528 ‹ss-1.
833 2502 859 2534 3)
881 2502 1058 2528 Occidentalis
1072 2503 1214 2536 Franciae,
1231 2504 1296 2535 filiis
1309 2503 1438 2529 Ludovici
1451 2502 1493 2528 II.
1508 2501 1592 2528 Balbi
1609 2501 1638 2535 (†
1652 2502 1720 2535 879).
1789 2502 1817 2534 4)
1836 2501 1878 2527 De

227 2553 278 2577 quo
304 2546 338 2578 cf.
357 2553 404 2570 nn.
426 2548 485 2577 105,
505 2548 563 2576 219,
583 2548 638 2571 220.
749 2545 775 2576 5)
803 2545 870 2577 ΙΙΙ.,
895 2545 920 2571 d.
942 2545 1020 2572 Febr.
1041 2546 1103 2578 (12.)
1128 2549 1297 2578 coronatum,
1322 2546 1358 2579 cf.
1378 2545 1551 2571 Mia'hlbacher
1576 2545 1659 2579 Rc9.²
1677 2548 1741 2571 1609
1759 2544 1880 2577 (1566)a.

229 2588 255 2621 G)
281 2587 394 2613 Viduam
414 2587 543 2613 Lmlorici
562 2587 604 2614 ΙΙ.
623 2588 684 2620 imp.
791 2588 816 2620 7)
836 2588 871 2613 In
889 2589 1077 2614 Alemanniam
1102 2589 1214 2614 exiliata
1238 2591 1308 2620 erat,
1332 2591 1391 2614 teste
1410 2588 1559 2614 Hincmaro
1582 2588 1611 2613 in
1634 2588 1707 2614 Anu.
1732 2587 1770 2613 ad
1791 2596 1816 2615 a.
1830 2591 1880 2614 882

229 2630 279 2663 (ed.
298 2630 384 2655 Waitz
398 2638 426 2663 p⁴
442 2632 510 2663 153),
533 2631 599 2662 qnia
618 2630 719 2656 Rosam
736 2630 826 2664 ⁴qcneri
844 2639 892 2656 suo
911 2631 957 2664 (cf.
976 2639 1003 2656 n.
1019 2634 1065 2660 94,
1084 2639 1112 2664 p.
1126 2635 1161 2657 89
1178 2634 1269 2657 annot.
1285 2632 1312 2664 4)
1331 2631 1451 2664 sav-ebat,
1471 2633 1506 2664 cf.
1519 2630 1656 2656 Damnatam·
1675 2630 1804 2662 l.l.111²‚
1825 2633 1879 2662 181,

230 2673 354 2706 Lapbtre,
366 2673 519 2706 ‘L'Earopc
531 2676 553 2698 et
571 2673 594 2698 le
608 2673 788 2707 Scina-Sieye'
801 2673 823 2704 I,
836 2676 892 2699 344.
965 2674 992 2706 8)
1006 2674 1038 2699 A.
1050 2678 1099 2700 874
1118 2674 1241 2706 Veronae,
1255 2676 1288 2708 cf.
1302 2682 1329 2700 n.
1340 2676 1395 2706 293,
1409 2673 1580 2699 IIIi‘c'hlbachcr
1593 2673 1668 2706 Rey.²
1680 2676 1743 2699 1263
1756 2673 1849 2706 (1228)
1856 2672 1878 2699 b.

229 2717 255 2749 9)
277 2716 330 2749 Qui
348 2718 372 2741 ct
390 2716 444 2748 ‘ipsc
459 2716 537 2748 prius
555 2716 696 2749 imperium
713 2716 827 2749 adipisci
845 2716 997 2749 ambirerat,
1016 2717 1052 2749 cs.
1066 2725 1093 2743 n.
1106 2720 1161 2749 110,
1181 2720 1205 2743 et
1220 2721 1314 2750 postea
1332 2725 1440 2751 re-‹Jnum
1452 2716 1610 2742 Provinciae
1625 2716 1674 2741 sibi
1692 2718 1876 2748 usmpaverat,

230 2760 264 2791 cf.
280 2767 309 2791 p.
323 2762 370 2784 226
390 2761 482 2784 (annot.
495 2762 517 2784 3.

1895 879 1920 897 10

1898 1118 1922 1137 15

1898 1413 1923 1432 20

1898 1924 1924 1943 30

1899 2185 1923 2204 ³5

1896 2509 1922 2527 40

1897 2723 1922 2741 45
