2189 3042
104 1294 133 1314 ci.
144 1294 207 1314 Ram.
218 1296 250 1317 ιο,
265 1295 282 1313 ².

298 115 359 142 404
539 106 731 134 ANASTASII
751 106 1051 133 BIBLIOTHECARII
1071 106 1268 134 EPISTOLAE
1288 106 1369 132 SIVE
1387 105 1664 133 PRAEFATIONES
1685 108 1709 134 5.

296 197 349 237 qui
372 194 554 226 Michahele
579 193 739 234 quondam
765 194 993 234 imperat01·e¹‚
1018 194 1106 224 cuius
1130 193 1212 223 filius
1237 195 1315 232 erat,
1339 193 1509 233 imperium
1533 197 1646 233 sponte
1663 193 1825 234 religionis
1841 204 1951 227 amore

295 247 476 277 dimittente
501 245 664 276 eunuchus
690 245 808 275 invidia
837 244 940 275 faetus
964 249 1022 276 est.
1054 244 1180 275 Deinde
1204 243 1381 275 monastica
1397 244 1462 274 vita
1478 243 1582 274 electa
1598 243 1629 274 in
1645 244 1801 275 coenobio
1818 255 1837 276 a
1853 246 1951 286 prim-

295 307 375 328 aeva
405 300 511 327 aetate
540 296 628 327 miris
659 296 761 327 eluxit
791 306 914 326 morum
951 299 983 327 et
1011 297 1163 326 virtutum
1194 294 1417 336 splendoribus
1442 305 1478 326 ac
1503 305 1561 335 per
1583 295 1615 326 id
1640 295 1768 326 diutinis
1792 298 1953 328 exercitiis

296 348 437 380 cruditus
466 352 498 378 et
526 349 557 378 in
586 348 671 378 omni
701 348 834 378 scientia
861 351 892 378 et
917 357 1014 388 opere
1039 347 1122 378 bono
1147 347 1302 388 probatus
1325 347 1386 378 iam
1412 356 1512 377 senex
1536 350 1719 377 cunctorum
1744 348 1954 380 unanimitate

296 400 335 431 ad
360 400 473 430 summi
499 399 670 430 sacerdot-ii
696 399 814 440 petitus
841 403 873 429 et
897 401 1063 439 promotus
1087 403 1136 429 est
1159 399 1295 439 apicem.
1328 397 1411 429 Sane
1427 399 1631 429 restiterunta
1647 398 1740 429 huius
1758 399 1954 439 provectioni

296 451 426 492 quidam
451 451 603 491 perpauci
629 451 783 491 episcopi,
809 451 892 481 inter
917 460 997 491 quos
1022 453 1091 480 erat
1111 449 1327 491 Syracusanus
1344 449 1549 491 Gregorius2‚
1573 460 1610 480 eo
1635 449 1720 490 quod
1745 460 1799 481 eos
1822 454 1954 491 propter

296 503 462 533 diffamata
479 506 511 534 et
527 502 691 543 publicata
707 501 861 533 nonnulla
876 502 1009 532 crimina
1025 502 1056 532 in
1074 501 1253 532 sacerdotio
1271 501 1364 532 anteb
1381 501 1618 532 refricationem
1635 501 1666 532 in
1683 511 1738 532 eos
1754 501 1834 532 illati
1846 501 1955 532 iudicii

296 565 329 586 se
354 565 416 585 non
440 564 534 595 posse
560 554 702 594 recipere
728 554 881 584 canonica
904 554 945 584 sit
968 564 1004 584 ac
1028 554 1097 584 miti
1121 553 1245 584 ratione
1262 553 1416 594 p1·ofatus›‚
1439 556 1571 594 propter
1588 563 1680 594 quae,
1705 554 1778 594 quia
1795 553 1850 584 illa
1866 554 1956 584 satis-

295 606 435 637 factione
460 617 521 636 non
546 605 725 643 abluerunt,
748 606 863 637 merito
888 605 1092 647 postmodum
1114 604 1153 636 ab
1172 615 1210 636 eo
1228 608 1260 636 et
1276 604 1398 646 synodo
1414 604 1554 636 abdicati
1571 609 1650 635 sunt.
1683 604 1829 636 Favebat
1845 608 1954 636 autem

296 657 345 689 his
370 657 500 698 quidam
525 662 654 688 senator
677 657 851 688 saecularis
876 657 1161 688 administrationis
1185 656 1321 698 fungens
1346 656 1450 687 officio
1476 667 1494 687 a
1518 657 1650 687 secretis
1665 657 1792 687 nomine
1809 656 1954 697 Photins,

299 711 353 751 qui
378 709 418 740 ad
444 709 658 750 patriarchale
684 709 896 740 conscendere
924 708 1085 749 fastigium
1111 708 1266 739 affectans
1289 718 1360 739 cum
1385 708 1430 738 eis
1450 718 1591 738 seorsum
1610 707 1784 749 colligebat
1799 712 1830 739 et
1845 708 1958 739 fideles

297 772 441 803 quosque
466 772 485 792 a
508 765 637 792 sanctae
662 761 895 792 communionis
912 760 1157 801 participatione
1182 764 1329 791 avertens
1346 759 1459 790 divinis
1480 760 1636 790 iuteresse
1656 760 1826 800 mysteriis,
1844 759 1919 790 dum
1937 770 1957 791 a

296 814 479 855 patriarcha
502 813 629 853 Ignatio
662 812 911 844 celebrarentur.
943 812 1069 853 penitus
1099 811 1280 849 recusabat,
1313 812 1355 842 nil
1386 811 1508 842 habens
1531 812 1562 841 in
1587 821 1683 842 causa
1706 811 1844 852 pietatis,
1871 811 1957 842 unde

298 865 500 906 pontificemC
525 865 689 905 proprium
714 864 979 905 reprehenderet.
1004 864 1061 894 nisi
1087 863 1172 904 quod
1199 862 1421 904 suspicabatur
1445 873 1517 894 eum
1534 863 1631 893 vitam
1651 862 1827 893 decessoris
1843 863 1901 900 sui,
1925 862 1958 893 id

300 926 348 947 est
372 920 502 947 sanctae
526 917 702 947 memoriae
728 915 932 956 patriarchae
956 926 1108 946 accusare
1125 915 1316 954 Methodii³‚
1342 925 1413 945 cum
1436 914 1490 945 ille
1514 925 1576 945 non
1600 915 1702 945 solum
1723 914 1806 945 hunc
1822 915 1854 945 in
1870 915 1956 946 nullo

298 969 425 1009 penitus
453 975 628 1007 accusaret,
653 978 764 998 verum
791 968 887 998 etiam
913 968 1001 997 miris
1025 966 1176 998 laudibus
1200 976 1327 1007 semper
1351 965 1510 1006 efferret&
1540 966 1614 1007 quin
1639 966 1745 1007 potius
1767 966 1958 997 memoriam

297 1020 383 1051 illius
414 1021 494 1051 inter
524 1024 650 1050 sanctos
679 1019 887 1060 patriarchas,
918 1018 992 1049 dum
1025 1018 1131 1049 divina
1159 1018 1312 1059 mysteria
1335 1020 1532 1059 gererentur,
1561 1017 1684 1048 faceret
1707 1021 1739 1048 et
1763 1017 1847 1049 diem
1871 1018 1957 1048 anni-

299 1072 475 1102 versarium
506 1071 704 1102 sollemniter
735 1074 767 1101 et
795 1070 1070 1111 impraetermisse
1102 1080 1197 1111 super
1228 1070 1296 1100 eius
1325 1070 1453 1100 nomine
1484 1068 1671 1100 celebraret.
1719 1069 1871 1105 Quamvis
1897 1069 1958 1100 hoc

298 1125 401 1163 ipsum
426 1122 513 1153 idem
531 1122 666 1153 Photius
690 1123 770 1153 sicut
794 1126 903 1152 cetera
926 1121 1010 1152 illius
1034 1124 1126 1162 gesta
1150 1122 1276 1152 sinistre
1300 1121 1513 1161 interpretans
1530 1120 1644 1151 callide
1661 1120 1770 1152 faeere
1787 1122 1850 1152 suis
1867 1121 1956 1152 audi-

299 1175 421 1205 toribus
445 1174 657 1215 praedicaret,
681 1174 743 1204 alia
767 1174 913 1214 inquiens
938 1184 1010 1204 eum
1035 1174 1066 1203 in
1091 1173 1186 1204 corde
1211 1177 1333 1212 tenere,
1357 1172 1420 1203 alia
1443 1173 1475 1203 in
1497 1183 1594 1213 opere
1612 1172 1841 1204 demonstrare.
1875 1172 1955 1204 Cum

299 1227 395 1267 igitur
411 1226 546 1256 Photius
571 1226 710 1256 sociatus
734 1225 954 1262 schismaticis,
978 1235 1111 1266 quorum
1137 1228 1247 1255 auctor
1271 1224 1434 1265 praefatus
1451 1227 1520 1255 crat
1537 1223 1755 1265 Syracusanus
1771 1223 1955 1265 Gregorius,

300 1278 510 1319 persuaderet
534 1278 668 1311 cunctis,
693 1278 746 1319 qui
771 1278 861 1318 quasi
886 1277 938 1317 pio
964 1277 1047 1307 circa
1070 1276 1272 1307 Methodium
1289 1294 1328 1298 ——
1346 1275 1502 1307 habentes
1526 1276 1655 1317 quidem
1679 1276 1783 1307 zelum
1806 1277 1957 1314 iustitiae,

300 1330 356 1361 sed
381 1341 442 1361 non
467 1329 640 1361 secundum
665 1330 830 1360 scientiam
853 1347 893 1351 —
922 1328 1040 1360 affectu
1063 1327 1256 1369 flagrabant,
1285 1327 1370 1369 quod
1394 1328 1576 1368 patriarcha
1599 1327 1759 1369 Ignatius0
1785 1327 1958 1369 derogator

302 1390 388 1413 esset
420 1381 563 1413 eiusdem
594 1385 722 1412 sanctae
750 1381 926 1412 memoriae
951 1380 1108 1411 Methodii
1139 1383 1170 1411 et
1200 1379 1318 1410 idcirco
1349 1380 1439 1420 quasi
1469 1379 1646 1421 parricidaf
1668 1379 1751 1411 foret
1779 1379 1957 1423 habendus,

302 1435 387 1465 fama
417 1433 589 1464 crebrescit
612 1432 752 1463 Bardam
784 1431 965 1462 scholarum
996 1431 1227 1462 domesticum4
1257 1435 1290 1462 et
1312 1430 1504 1462 Theodorae
1534 1431 1745 1472 imperatricis
1768 1442 1956 1472 germanum

302 1487 422 1516 incesto
453 1495 566 1516 nurum
596 1485 758 1525 propriam
783 1494 842 1514 usu
865 1483 997 1514 foedare
1007 1484 1028 1523 57
1061 1493 1154 1524 quem
1181 1483 1363 1524 patriarcha
1387 1483 1525 1514 criminis
1547 1483 1710 1524 redarguit
1733 1484 1956 1514 interminatus

304 1536 673 1568 excommunicandum&
692 1536 751 1565 nisi
772 1546 789 1565 a
806 1538 894 1565 tanto
911 1535 1032 1575 flagitio
1051 1535 1247 1565 cessavisset.
1284 1534 1381 1565 Cuius
1404 1534 1638 1575 redargutionis
1661 1534 1790 1565 modum
1815 1534 1868 1566 ille
1892 1545 1955 1565 non

300 1589 407 1620 ferens
431 1588 628 1629 praenotatis
652 1587 863 1617 schismaticis
886 1597 923 1617 ac
948 1586 1101 1627 depositis
1124 1587 1265 1627 iungitur
1288 1590 1320 1617 et
1343 1589 1504 1617 versutum
1528 1586 1561 1616 in
1585 1586 1796 1627 patriarcham
1818 1587 1956 1617 sarcinat

302 1643 534 1681 argumentum.
567 1638 732 1669 Persuasit
757 1639 839 1668 enim
863 1638 1049 1678 imperatori
1065 1637 1248 1677 Michaheli‚
1272 1641 1306 1668 ut
1323 1640 1459 1668 matrem
1476 1641 1509 1668 et
1525 1637 1679 1669 Theclam
1696 1648 1837 1668 sororem
1855 1648 1955 1678 suam,

302 1702 384 1733 quae
409 1694 441 1722 et
464 1691 533 1732 ipsa
558 1701 629 1721 cum
655 1694 756 1721 matre
780 1700 816 1720 ac
833 1689 931 1720 fratre
949 1689 1075 1730 imperii
1093 1689 1197 1720 fuerat
1213 1692 1340 1730 sceptra
1356 1690 1477 1728 sortita,
1494 1689 1629 1720 tondere
1644 1689 1845 1730 patriarchae
1863 1700 1955 1730 prae-

302 1744 422 1785 ciperet
437 1749 470 1773 et
484 1743 516 1773 in
533 1742 727 1773 monasterio
745 1741 929 1772 collocaret.
955 1740 1049 1777 Quod
1063 1750 1134 1771 cum
1148 1740 1331 1782 patriarcha
1346 1744 1497 1772 renueret
1509 1751 1566 1781 pro
1580 1751 1629 1780 eo,
1644 1741 1730 1782 quod
1741 1744 1878 1782 utraque
1894 1742 1954 1772 im-

252 1822 255 1825 .
302 1794 444 1835 peratrix
460 1793 541 1824 hanc
559 1794 685 1823 interim
702 1803 765 1823 non
783 1793 919 1834 eligeret
935 1795 1048 1833 sponte
1066 1792 1307 1832 professionem,
1324 1792 1466 1823 maxime
1481 1792 1555 1833 quia
1571 1792 1620 1823 his
1637 1792 1811 1823 secundum
1828 1803 1952 1824 morem

261 1876 268 1887 ⁴.
302 1846 382 1876 sicut
406 1845 520 1876 ceteris
537 1844 784 1885 imperatoribus
801 1848 833 1875 et
849 1843 1107 1885 imperatricibus
1123 1843 1284 1874 iuraverat
1300 1853 1361 1874 non
1379 1854 1412 1875 se
1429 1843 1494 1874 ullo
1511 1844 1542 1874 in
1558 1847 1704 1884 tempore
1722 1844 1957 1884 insidiaturum,

303 1897 427 1928 Bal-das
451 1897 594 1938 protinus
618 1896 659 1927 ad
683 1897 910 1936 imperatorem
935 1896 1096 1926 iuvenem:
1116 1894 1227 1926 ‘Heus'
1245 1885 1348 1936 inqffit
1367 1895 1565 1935 ‘imperator,
1589 1895 1704 1926 saltem
1721 1906 1803 1926 nunc
1819 1906 1882 1926 non
1902 1889 1957 1926 ad-

302 1949 399 1980 vertis
416 1948 576 1989 Ignatium
594 1952 667 1978 tuae
687 1948 809 1988 spirare
826 1947 912 1978 necis
930 1950 962 1977 et
978 1949 1115 1977 matrem
1130 1947 1256 1987 imperii
1273 1946 1327 1977 alii
1344 1946 1473 1987 gestire⁷
1498 1946 1603 1977 futuro
1621 1947 1744 1978 scilicet
1759 1947 1957 1988 imperatori,

303 2002 425 2032 sociare
442 2000 555 2031 marito
563 1999 587 2030 Τ
612 1999 705 2031 Haec
721 2000 917 2030 miserrimus
934 1999 1001 2040 egit
1016 2009 1075 2029 nec
1092 1999 1241 2038 propriae
1255 2008 1428 2039 germanae
1443 1998 1638 2040 imperatrici
1650 1998 1800 2029 videlicet
1811 2009 1958 2040 parcens,

303 2058 338 2083 ut
362 2056 393 2083 et
417 2052 448 2082 in
473 2051 687 2092 patriarcham
710 2051 917 2082 ulcisceretur
942 2054 974 2081 et
997 2054 1131 2091 utraque
1155 2050 1370 2091 imperatrice,
1392 2049 1425 2080 id
1449 2053 1497 2081 est
1519 2053 1622 2080 matre
1647 2049 1703 2081 ac1¹
1725 2050 1800 2091 filia,
1823 2050 1958 2091 imperio

304 2104 396 2145 pulsa
420 2104 487 2144 ipse
512 2102 575 2133 veli
598 2103 660 2133 vivi
684 2102 776 2133 fieret
799 2103 1005 2143 imperatoris
1030 2103 1133 2133 socius
1157 2103 1207 2132 vel
1232 2112 1270 2133 eo
1294 2112 1313 2132 a
1336 2112 1370 2132 se
1394 2101 1518 2132 facilius
1540 2102 1604 2132 iam
1627 2101 1820 2143 interempto
1848 2101 1960 2133 subro-

304 2159 435 2196 garetur
458 2164 630 2185 successor.
663 2154 753 2185 Tunc
776 2155 951 2194 imperator
975 2163 1073 2184 aurae
1097 2154 1177 2184 tanti
1201 2154 1367 2194 praestigii
1391 2153 1539 2184 credulus
1563 2156 1596 2184 et
1617 2153 1717 2184 iratus
1733 2156 1869 2184 matrem
1886 2163 1958 2184 cum

305 2206 468 2238 sororibus
499 2212 622 2236 tonsam
654 2205 774 2246 palatio
806 2205 929 2246 pepulit
953 2208 985 2236 et
1009 2205 1170 2247 Ignatium
1195 2205 1469 2236 schismaticorum
1494 2215 1531 2236 ac
1554 2204 1682 2236 Bardae
1707 2205 1913 2246 suggestione
1939 2214 1959 2236 a

306 2259 462 2299 regimine
487 2257 720 2298 patriarchatus
744 2257 854 2298 abegit
877 2256 1133 2298 subrogatusque
1158 2260 1206 2287 est
1229 2267 1285 2298 pro
1310 2267 1348 2288 eo
1366 2256 1503 2297 praefati
1519 2256 1646 2287 Bardae
1663 2256 1773 2287 favore
1790 2256 1926 2287 Photius
1935 2256 1958 2297 ⁶,

410 2440 433 2469 ³)
454 2448 520 2463 corr.
534 2447 563 2463 ex
583 2440 748 2463 restituerunt
765 2438 814 2463 1‘1.
899 2437 923 2468 ὓ)
943 2439 995 2463 uite
1015 2438 1062 2463 V3.
1148 2438 1171 2468 0)
1190 2438 1383 2470 pontifisstificem
1402 2437 1432 2463 V.
1503 2436 1528 2466 d)
1547 2438 1650 2462 afferret
1667 2437 1720 2462 V2.
1800 2437 1823 2468 εθ’)
1842 2437 1959 2469 Ignatius

307 2483 452 2515 patriarcha
473 2482 522 2506 1⁷2.
593 2480 612 2511 s)
632 2482 778 2514 patriarcha
799 2481 849 2506 V2.
922 2482 946 2504 Sl
966 2486 990 2506 et
1009 2482 1224 2506 comunicandum
1242 2481 1296 2507 V2.
1368 2479 1393 2512 ιι)
1412 2485 1436 2506 et
1456 2480 1507 2505 V2.
1578 2479 1597 2512 i)
1616 2489 1663 2505 om.
1679 2479 1732 2506 1⁷3.

412 2593 437 2623 1)
466 2592 519 2623 IL,
542 2595 701 2618 820—829.
807 2591 833 2623 2)
855 2590 894 2622 Cf.
914 2599 999 2623 supra
1019 2599 1048 2624 p.
1061 2594 1107 2617 375
1126 2599 1191 2616 ann.
1205 2596 1227 2618 2.
1332 2591 1358 2624 3)
1381 2590 1422 2623 Cf.
1435 2599 1524 2624 supra
1538 2599 1566 2624 p.
1585 2594 1637 2617 403
1662 2598 1728 2616 ann.
1742 2593 1763 2616 6.
1869 2590 1896 2623 4)
1917 2588 1959 2623 Of.

308 2637 404 2663 ζωγρίῃ
425 2635 602 2669 Gramwhiff*
617 2634 878 2671 X''L·p;>209rapliianz
902 2633 1050 2664 edeQnaez,
1067 2642 1094 2672 p.
1114 2637 1175 2660 237:
1199 2634 1373 2667 προβάλλεται
1400 2635 1445 2666 (sc.
1464 2632 1585 2666 Μιχαὴλ)
1611 2632 1720 2665 Βάρὸαν
1744 2632 1888 2666 μάγιστρον
1912 2631 1959 2657 καὶ

308 2680 463 2712 δομέσιικον
482 2682 540 2713 τῶη,
556 2691 568 2712 1
596 2686 689 2718 offlmt
773 2681 800 2709 5)
821 2679 899 2706 Haec
917 2683 938 2706 et
958 2689 1025 2714 quac
1042 2678 1368 2715 sequutum&„rcum-uum
1386 2684 1444 2702 cum
1467 2677 1511 2708 eis,
1536 2684 1602 2709 quae
1623 2678 1721 2702 narrat
1739 2674 1830 2701 David
1850 2674 1959 2700 Niketas

308 2723 338 2748 in
364 2723 424 2748 Vita
449 2723 544 2756 Ignem
693 2731 737 2756 [ηε
756 2723 831 2749 Patr.
844 2731 939 2757 yraeca
963 2723 1017 2755 01⁷,
1030 2728 1087 2750 504.
1192 2726 1218 2757 6)
1237 2729 1285 2753 858
1295 2734 1324 2745 -··
1334 2723 1391 2757 867.

1984 667 2008 687 10

1985 925 2009 943 15

1984 1440 2009 1460 25

1985 1697 2010 1716 30

1986 1956 2011 1976 ³5

1985 2598 2011 2618 45
