2189 3042
134 737 160 758 10

133 993 158 1012 15

131 1255 158 1276 20

132 1517 157 1537 25

134 1776 159 1795 ³0

139 2033 165 2052 ³5

136 2290 162 2309 40

139 2599 164 2619 45

735 160 896 187 FORMOSI
914 161 1032 187 PAPAE
1052 160 1250 187 EPISTOLAE
1268 161 1292 187 3.
1778 163 1839 193 369

282 265 480 291 FORMOSUS³
497 266 679 291 EPISCOPUS
698 266 826 291 SERVUS
845 266 1029 291 SERVORUM
1048 267 1107 291 DEI
1125 264 1442 291 REVERENTISSIMOb
1461 267 1504 290 ET
1524 266 1747 291 SANCTISSIMO

469 309 664 334 CONFRATRI
682 309 814 334 NOSTRO
833 310 1040 334 HERIMANNO
1059 309 1328 334 ARCHIEPISCOPO
1347 309 1558 334 COLONIENSI.

296 368 489 399 Visitatione
518 372 583 408 tua,
614 369 777 399 carissime
809 368 978 409 confrater,
1009 368 1172 400 laetificati
1203 379 1310 399 sumus
1341 378 1359 398 a
1391 372 1421 399 te
1451 368 1579 399 directis
1603 368 1840 400 venerabilibus

190 420 413 451 sacerdotibus
442 420 611 461 receptisl.
649 420 771 451 Verum
806 431 877 451 cum
910 420 948 451 de
980 424 1034 451 tua
1068 420 1287 451 incolomitate
1321 430 1376 451 eos
1411 429 1469 461 per
1501 420 1644 451 ordinem
1679 421 1839 461 inquirere

191 471 404 512 studeremus,
430 473 644 512 comperimus
667 472 744 513 ipsis
768 471 994 513 indagantibus
1018 475 1049 503 te
1080 471 1342 503 incommoditate
1367 472 1507 512 corporis
1538 471 1684 502 laborare
1710 475 1742 502 et
1765 481 1840 502 con-

188 523 347 554 doluimus
380 524 562 565 plurimum.
608 524 762 555 Attamen
792 523 824 554 in
854 523 913 554 hoc
944 523 1155 562 consolamur,
1186 523 1261 564 quia
1292 523 1436 553 novimus
1464 524 1617 563 scriptum
1640 524 1672 554 in
1697 523 1838 564 eloquio:

186 576 295 616 ‘quem
330 575 434 616 diligit
456 575 612 606 Dominus
642 575 787 616 castigat,
819 578 851 606 et
880 575 1010 616 corripit
1041 585 1167 606 omnem
1198 585 1294 615 quem
1325 575 1457 615 recipit?
1505 574 1551 605 Sit
1582 585 1669 615 ergo,
1701 586 1838 615 oramus,

186 627 357 658 infirmitas
380 627 462 658 haec
486 626 527 658 ad
551 627 689 658 salutem
712 637 749 658 ac
778 626 916 658 celerem
941 626 1067 657 Christo
1098 626 1256 666 largiente
1286 628 1449 656 mereatur
1479 626 1630 666 consequi
1660 627 1839 657 sanitatem.

187 678 456 710 Arbitrabamur²
496 679 647 720 equidem
692 678 933 710 sanctimoniam
976 681 1063 709 tuam
1106 677 1148 708 ad
1188 677 1407 718 apostolorum
1447 677 1571 717 limina,
1613 681 1708 718 prout
1750 688 1840 708 man-

188 729 409 770 daveramus⁰‚
440 731 549 761 venire
583 734 615 761 et
643 731 716 761 viva
743 740 821 761 voce
855 728 981 761 tecumd
1012 730 1051 760 de
1085 729 1230 771 generali
1262 729 1347 759 illius
1378 728 1566 759 barbaricae
1599 729 1704 770 gentis
1736 729 1840 760 salute

186 784 339 819 tractare;
371 782 429 813 sed
453 783 528 824 quia
557 782 651 813 aliter
681 792 777 823 quam
807 781 1033 813 obtaveramus
1062 781 1186 820 accidit,
1216 780 1393 811 infirmitati
1422 780 1617 821 imputantes
1648 780 1840 811 calumniam

186 844 243 874 pro
263 834 324 865 hoc
340 834 457 865 inferre
476 834 657 865 desinimus.
690 833 860 865 Contentio
882 834 1001 874 itaque,
1019 842 1101 874 quae
1118 832 1200 863 inter
1217 836 1248 863 te
1266 836 1298 863 et
1312 832 1524 872 Adalgarium
1548 832 1841 863 reverentissimum

188 885 470 926 archiepiscopum
486 885 740 926 Hamburgensis
765 885 921 916 ecclesiae
943 885 1098 915 ventilata
1121 887 1169 915 est
1192 894 1250 925 pro
1275 883 1412 915 ecclesia
1429 883 1606 922 Bremensi,
1630 894 1687 924 pro
1713 894 1775 925 qua
1799 883 1841 914 ad

187 936 407 968 venerabilem
431 936 708 978 archiepiscopum
731 936 917 978 Mogontiae
946 935 1087 967 scribere
1111 935 1287 977 praeterito
1311 945 1394 966 anno
1418 934 1635 976 praevidimus
1645 935 1666 974 3,
1692 936 1840 976 quatinus

187 988 255 1019 eius
280 988 385 1019 studio
409 989 457 1019 rei
480 989 598 1020 veritas
621 988 772 1030 inquisita
795 988 903 1019 ablata
925 987 1136 1028 ambiguitate
1160 988 1192 1017 in
1215 987 1384 1018 clariorem
1414 986 1519 1017 lucem
1550 989 1742 1027 erumperet,
1771 987 1841 1028 ipso

184 1042 280 1081 prout
311 1040 493 1072 501111011104
522 1040 690 1071 didicimus
718 1039 964 1071 testificantibus
995 1038 1201 1070 sanctissimis
1225 1038 1393 1079 episcopiS,
1424 1038 1477 1079 qui
1501 1037 1735 1069 Francanofrut
1766 1049 1840 1069 con-

186 1095 352 1132 venerunt,
376 1094 512 1133 apparet
538 1095 613 1123 tuae
638 1091 774 1123 diocesis
804 1092 973 1123 ecclesiam
1004 1101 1084 1122 esse.
1130 1090 1296 1132 Ideoque⁵
1320 1089 1537 1131 dispensative
1560 1089 1593 1120 id
1617 1085 1842 1121 determinari⁹

187 1144 331 1184 oportuit
362 1153 401 1174 eo
430 1143 580 1175 videlicet
610 1143 730 1184 ordine,
760 1145 796 1174 ut
825 1146 857 1174 et
881 1142 1081 1174 Coloniensis
1105 1142 1240 1174 ecclesia
1271 1152 1335 1172 non
1365 1142 1545 1183 privaretur
1573 1141 1779 1172 facultatibus
1810 1144 1842 1173 et

187 1194 446 1236 Hamburgensis
471 1195 606 1227 ecclesia
628 1195 681 1236 pio
710 1194 814 1226 labori
838 1194 948 1226 dedita
976 1205 1039 1225 non
1068 1193 1250 1235 pateretui-f
1271 1193 1448 1235 penuriam,
1479 1192 1564 1224 unde
1597 1196 1745 1234 oporteat
1768 1193 1840 1224 Deo

1855 578 1921 600 Hebr.
1932 579 1964 603 1²,
1971 580 1992 603 6,

1855 604 1883 624 ef.
1892 604 1956 625 Prov.
1964 605 1986 630 ⁸,
1994 606 2027 626 12.

187 1246 394 1288 acceptabile
426 1257 506 1288 opus
539 1247 665 1278 cessari.
721 1246 926 1288 Quapropter
957 1246 1134 1285 statuimus,
1167 1248 1201 1277 ut
1231 1256 1395 1287 quousque
1429 1244 1650 1286 dispensatore
1684 1244 1841 1276 bonorum
1887 1240 1888 1244 ¹

186 1300 330 1330 omnium
361 1298 529 1341 largiente,
560 1299 649 1330 cuius
676 1301 753 1329 nutu
783 1299 890 1330 omnia
915 1298 1148 1339 dispensantur,
1173 1297 1430 1338 Hamburgensis
1459 1296 1596 1328 ecclesia
1625 1296 1707 1327 infra
1739 1306 1840 1337 paga-

185 1361 303 1382 norum
338 1351 492 1382 terminos
522 1350 650 1382 dilatari
677 1350 796 1390 valeat,
827 1350 881 1381 ubi
910 1350 1075 1391 episcopia
1106 1348 1234 1380 fundari
1264 1348 1397 1390 possint,
1431 1348 1641 1380 Bremensem
1671 1348 1842 1379 ecclesiam

187 1405 300 1434 teneat
323 1402 364 1434 ad
387 1402 564 1433 subsidium
588 1405 621 1433 et
645 1402 685 1433 ob
709 1402 770 1433 hoc
793 1402 934 1433 fraterno
958 1402 1099 1433 caritatis
1123 1400 1250 1441 affectu,
1274 1411 1337 1431 non
1360 1399 1557 1431 subiectione
1581 1400 1697 1441 aliqua,
1715 1400 1842 1441 quoties

187 1465 248 1495 pro
273 1454 450 1485 maioribus
472 1454 696 1485 ecclesiasticis
718 1454 856 1494 negotiis
879 1453 1033 1484 librandis
1062 1456 1150 1484 certa
1180 1453 1261 1483 ratio
1292 1452 1403 1493 exigit,
1427 1452 1599 1483 invitatusg
1621 1453 1690 1493 ipse
1719 1461 1778 1493 per
1806 1462 1841 1483 se

184 1507 218 1537 in
242 1505 457 1538 adiutoriumh
481 1504 681 1537 Coloniensis
711 1505 866 1536 ecclesiae
898 1504 1053 1536 accedere
1083 1515 1147 1535 non
1175 1504 1296 1545 pigeat,
1326 1503 1378 1534 vel
1409 1503 1434 1534 si
1464 1503 1712 1544 praedicationis
1743 1513 1841 1544 opere

186 1557 370 1599 implicatus
386 1567 444 1598 per
459 1567 493 1588 se
509 1557 618 1588 venire
641 1556 831 1598 nequiverit,
856 1556 1008 1587 vicarium
1028 1556 1143 1587 saltem
1161 1554 1301 1596 deleget,
1325 1555 1381 1596 qui
1405 1554 1486 1585 eiusi
1500 1555 1605 1586 vicem
1621 1557 1843 1595 repraesentet

185 1612 218 1641 01
251 1609 422 1640 canonicae
456 1607 702 1639 deliberationik
734 1608 862 1640 adiutor
893 1609 1026 1640 intersit.
1079 1607 1197 1638 Divina
1236 1610 1346 1638 autem
1382 1606 1503 1637 ditione
1540 1606 1736 1647 suffragante
1769 1617 1841 1638 011111

187 1660 449 1701 Hamburgensis
480 1659 617 1691 ecclesia
648 1662 866 1701 augmentata,
900 1669 960 1690 ceu
991 1659 1210 1701 praetulimuS,
1243 1658 1349 1697 fuerit,
1382 1658 1582 1689 Coloniensis
1616 1658 1753 1689 ecclesia
1785 1668 1843 1689 sua

186 1712 333 1753 recipiat,
359 1711 435 1753 quia
455 1712 539 1742 inter
554 1711 732 1743 saecularia
748 1712 878 1753 negotia
901 1721 965 1742 non
988 1710 1122 1752 expedit
1145 1711 1294 1752 cuiquam
1311 1709 1415 1741 aliena
1431 1710 1500 1740 iura
1516 1709 1705 1750 pervadere,
1723 1712 1842 1750 quanto

185 1764 290 1795 minus
318 1763 477 1804 religiosis
501 1763 669 1804 episcopis,
694 1763 747 1805 qui
776 1774 833 1795 suo
859 1763 977 1794 ducatu
999 1773 1057 1804 per
1079 1763 1164 1794 viam
1186 1763 1327 1794 iustitiae
1358 1762 1398 1793 ad
1428 1762 1581 1793 caelestia
1611 1762 1724 1803 regna¹
1754 1772 1841 1793 com-

185 1815 318 1847 missum
351 1813 411 1845 sibi
443 1813 599 1856 populum
631 1814 752 1846 debent
782 1815 970 1856 perducere.
1018 1815 1123 1846 Aliter
1154 1817 1264 1846 autem
1294 1816 1402 1844 nostro
1435 1812 1630 1854 apostolatui
1661 1812 1842 1845 deliberare

186 1866 289 1898 visum
313 1876 376 1897 non
400 1868 457 1907 est,
482 1876 522 1897 110
546 1876 645 1907 saepe
669 1866 755 1897 dicta
778 1866 1035 1907 Hamburgensis
1066 1865 1204 1897 ecclesia
1234 1865 1276 1896 ad
1298 1865 1501 1896 vocationem
1525 1864 1668 1904 gentium
1697 1865 1843 1896 instituta

188 1918 298 1950 ablato
319 1917 514 1949 adnihiletur
530 1917 671 1949 subsidio
696 1921 729 1949 et
751 1918 860 1959 inopia
883 1920 1019 1959 cogente
1037 1928 1056 1948 a
1071 1917 1142 1948 Deo
1160 1916 1256 1958 digno
1274 1926 1371 1957 opere
1394 1918 1506 1955 cesset,
1529 1916 1720 1956 praesertim
1744 1921 1842 1947 011111Ιιὶ

188 1972 221 2001 01
251 1968 428 2000 decessorm
451 1971 560 2000 noster
589 1969 781 2000 recolendae
810 1970 985 2000 memoriae
1009 1968 1166 1999 Nikolaus
1189 1967 1364 1999 Ludowico
1394 1967 1534 2008 glorioso
1557 1977 1635 2008 rege
1665 1977 1724 2008 per
1749 1967 1841 1999 Salo-

193 2030 324 2052 monem
348 2020 643 2052 reverentissimum
667 2019 873 2052 Oonstantiae
898 2020 1085 2062 episcopum
1112 2019 1334 2051 intercedente
1357 2029 1414 2049 suo
1438 2018 1608 2060 privilegio
1632 2018 1842 2050 Bremensem

188 2073 361 2104 ecclesiam
384 2071 543 2113 Ansgario
567 2071 808 2113 Hamburgensi
830 2071 1073 2113 archiepiscopo
1097 2071 1359 2102 00111111110170111.6
1394 2069 1458 2101 Sed
1479 2070 1553 2111 quia
1575 2069 1743 2111 indignum
1766 2080 1842 2101 cen-

189 2124 310 2155 suimus
344 2123 548 2155 sacerdotum
582 2124 767 2165 quempiam
798 2123 904 2154 aliena
939 2123 1008 2154 iura
1038 2122 1216 2164 pervadere
1249 2122 1386 2163 propriis
1416 2122 1623 2163 transgressis
1657 2121 1841 2162 limitibus¹¹‚

187 2175 326 2218 proinde
349 2174 382 2206 id
406 2174 622 2216 dispensative
645 2175 837 2206 instituimus
860 2175 999 2216 tempori
1022 2174 1234 2215 consulentes,
1257 2176 1293 2205 ut
1316 2176 1349 2205 et
1371 2173 1490 2204 iustitia
1512 2173 1678 2214 proprium
1696 2174 1842 2214 vigorem

189 2230 299 2260 teneat
330 2229 364 2258 et
392 2226 612 2258 misericordia
641 2227 916 2268 compassionem⁰
947 2226 1124 2267 impendat,
1157 2225 1319 2257 contentio
1352 2228 1456 2256 cesset
1487 2228 1520 2256 et
1552 2225 1667 2256 caritas
1689 2225 1843 2256 inviolata

190 2279 350 2321 persistat.
405 2277 614 2320 Privilegium
647 2279 744 2310 etiam
777 2280 852 2310 tuae
886 2278 1052 2318 ecclesiae,
1086 2281 1182 2319 prout
1215 2278 1387 2319 petiveras,
1419 2277 1663 2308 renovavimus⁷
1697 2287 1735 2308 ac
1767 2280 1842 2308 tuae

189 2329 471 2362 venerabilitudini
494 2340 552 2371 per
581 2333 769 2371 praesentes
797 2329 1004 2372 presbyteros
1027 2329 1257 2372 delegavimus,
1289 2331 1539 2368 commonentes,
1569 2331 1605 2358 ut
1633 2328 1665 2359 in
1695 2328 1842 2359 omnibus

295 2459 319 2486 3.
346 2459 369 2492 ²)
389 2460 487 2486 Littera
504 2460 612 2485 initialis
630 2460 697 2486 deest
713 2461 740 2485 T.
845 2458 869 2492 b)
888 2461 1080 2486 reuerentisimo
1099 2460 1126 2485 T.
1226 2460 1248 2490 ⁰)
1268 2457 1441 2484 madaueram’
1458 2459 1486 2483 T.
1590 2456 1615 2490 d)
1635 2457 1718 2482 Haud
1736 2457 1787 2482 scio
1807 2466 1842 2482 an

190 2512 290 2529 mecum
317 2503 451 2536 legendum
475 2504 513 2529 xit.
610 2503 632 2534 θ)
652 2504 827 2534 determinare,
852 2503 860 2528 i
885 2511 1011 2535 superscr.
1031 2503 1059 2527 T.
1148 2501 1167 2535 f)
1187 2503 1299 2535 patietur
1323 2502 1350 2527 Τ.
1447 2501 1472 2533 8)
1491 2501 1621 2526 inuicatus
1645 2500 1672 2526 T.
1760 2499 1785 2531 h)
1804 2501 1842 2525 in-

190 2547 336 2572 adiutorum
361 2547 389 2572 T.
477 2545 496 2579 i)
515 2541 544 2573 ἕὲ
563 2546 591 2572 Τ.
679 2545 704 2578 k)
723 2546 894 2572 diliberationi
915 2546 942 2571 T.
1028 2544 1046 2577 1)
1068 2554 1135 2571 corr.
1148 2554 1178 2571 ex
1196 2553 1303 2578 regnare
1326 2545 1353 2569 T.
1447 2544 1478 2576 ¹¹¹)
1498 2552 1560 2569 cura
1584 2548 1609 2569 et
1630 2544 1791 2569 decessorum
1814 2543 1842 2574 T,

192 2599 260 2616 corr.
274 2589 360 2615 Flosis.
446 2590 471 2622 ὓ)
490 2590 622 2615 liminibus
646 2590 671 2615 T.
760 2590 783 2621 ⁰)
803 2589 983 2622 conpasionem
1008 2589 1034 2613 T.

298 2680 323 2712 1)
345 2679 387 2711 Of.
399 2687 484 2712 supra
498 2686 526 2712 p.
539 2681 590 2705 368
607 2679 624 2705 Ζ.
638 2683 659 2705 1.
746 2678 773 2711 2)
796 2678 836 2710 Of.
849 2686 934 2711 supra
950 2687 977 2712 p.
990 2677 1157 2711 3671.35sq.
1237 2677 1264 2709 3)
1280 2676 1356 2710 Quae
1373 2676 1483 2710 epistola
1500 2676 1562 2708 ipsa
1575 2673 1711 2708 deperdita
1730 2676 1781 2704 est,-
1798 2674 1843 2700 sed

191 2723 225 2756 cf.
239 2731 324 2756 supra
338 2731 367 2756 p.
380 2725 432 2749 367
447 2722 462 2748 Ζ.
479 2726 534 2756 7sq.
629 2723 656 2755 4)
678 2721 719 2756 Cf.
731 2729 816 2754 suffla
829 2729 857 2754 p.
869 2724 919 2748 363
938 2729 1003 2747 ann.
1019 2724 1038 2747 7.
1144 2721 1171 2755 5)
1191 2720 1232 2752 Cf.
1246 2728 1331 2754 supra
1345 2728 1373 2753 p.
1388 2722 1438 2746 368
1456 2718 1472 2745 l.
1487 2722 1516 2744 16
1523 2725 1559 2750 sq.
1656 2717 1682 2748 6)
1705 2716 1745 2749 Cf.
1758 2724 1843 2750 supra

188 2774 216 2800 1).
229 2768 278 2793 366
296 2774 361 2792 arm.
376 2769 391 2792 7
405 2768 428 2792 et
446 2769 470 2792 8.
575 2765 601 2798 7)
622 2765 664 2798 Of.
679 2765 741 2799 Καρ.
754 2764 826 2796 Jaffd
845 2767 912 2791 3489
920 2764 944 2790 *.

299 2830 450 2858 Ems‘romi
462 2830 523 2862 VH,
537 2830 560 2857 2.
1604 2823 1637 2850 47

1857 2135 1885 2155 cf.
1895 2133 1962 2157 Prov-
1970 2136 2006 2160 2².
2014 2136 2050 2156 ΞΒ.
