2189 3042
125 727 149 745 10

122 983 145 1002 15

122 1239 147 1259 20

121 1497 145 1517 ²5

119 2016 144 2036 ⁸5

119 2665 144 2684 ⁴⁵

417 165 610 193 ANASTASII
630 166 928 193 BIBLIOTHECARII
947 166 1145 193 EPISTOLAE
1164 166 1244 193 SIVE
1264 166 1540 194 PRAEFATIONES
1559 169 1583 194 5.
1762 171 1825 201 407

177 254 313 294 operari.
348 253 526 285 Praeterea
549 256 582 284 et
605 253 690 284 aliud
711 254 887 295 iniquitatis
912 264 988 285 suae
1013 253 1211 293 retiaculum,
1237 264 1298 294 quo
1322 257 1446 285 mentes
1470 255 1659 295 simplicium
1685 259 1825 297 caperet,

176 308 300 342 texens,
324 308 482 346 quotquot
505 305 545 336 ad
570 306 763 336 exteriorem
788 305 829 336 ab
855 316 892 337 eo
917 305 1116 346 disciplinam
1141 305 1314 336 instruendi
1340 306 1521 342 veniebant,
1553 308 1682 348 proprio
1707 309 1824 349 scripto

177 356 335 397 spondere
359 356 496 397 cogebat
520 367 553 388 se
578 356 750 388 secundum
771 357 867 388 fidem
885 357 992 388 Photii
1017 356 1057 388 de
1075 360 1182 387 cetero
1197 356 1382 394 credituros,
1408 358 1497 397 quasi
1515 357 1597 389 duae
1613 358 1693 389 fidos
1709 363 1826 400 essent,

178 418 240 438 una
264 408 385 438 scilicet
401 408 519 439 Christi
543 411 576 439 et
598 408 701 439 altera
717 408 836 447 Photii,
861 411 894 439 et
916 408 976 438 hoc
1004 407 1209 438 nihilominus
1231 407 1346 439 callide
1374 408 1512 447 molitus,
1542 412 1576 439 ut
1597 411 1828 442 communionis

176 469 253 490 suae
284 470 489 501 quoscunque
514 459 562 491 vel
593 459 882 500 quomodocunque
913 459 1036 500 laqueis
1066 459 1204 490 irretiret
1235 462 1267 489 et
1297 462 1382 489 esset
1409 460 1605 500 impossibile
1629 472 1663 492 se
1686 473 1827 503 unquam

176 511 281 551 evelli,
307 521 401 552 quem
418 510 564 541 nimirum
590 514 750 541 constaret
772 513 821 541 tot
843 510 914 541 fixis
938 510 1072 542 haerere
1097 509 1266 551 radicibus,
1292 510 1366 540 dum
1390 511 1438 541 his
1462 521 1520 542 nec
1543 511 1638 543 aliam
1656 513 1751 544 fidem
1768 515 1827 545 nisi

176 572 271 603 quam
295 563 364 603 ipse
388 565 514 593 teneret
536 561 656 593 habere
681 572 808 603 quoquo
832 562 928 593 modo
950 561 1100 593 licuisset.
1134 561 1228 596 Quod
1244 562 1419 593 maximum
1437 563 1621 594 scandalum
1638 565 1827 597 mortalibus

175 614 328 644 excitavit
356 613 547 645 dicentibus:
577 613 679 644 ‘Itane
707 614 731 643 si
760 612 895 644 Photius
922 612 1142 644 heresiarches
1174 612 1277 652 fuerit,
1309 612 1429 644 debent
1458 613 1512 644 filii
1543 615 1643 645 nostri
1672 619 1727 646 aut
1754 617 1828 648 fidei

176 665 354 696 catholicae
379 665 559 696 desertores
583 667 638 695 aut
661 674 730 695 esse
754 664 923 695 iuramenti
940 663 990 694 vel
1014 664 1061 694 sui
1086 663 1288 705 chirographi
1312 667 1592 705 transgressores?
1625 665 1725 698 Erant
1743 668 1827 700 enim

176 717 260 747 inter
283 727 339 747 eos
362 716 505 747 nonnulli
528 715 709 746 clarissimis
732 715 893 746 natalibus
917 714 1051 746 oriundi.
1082 714 1165 745 Nam
1192 718 1224 745 et
1248 718 1322 745 ante
1339 726 1439 746 annos
1455 717 1577 757 aliquot
1593 717 1677 749 idem
1695 719 1830 750 Photius

176 767 308 799 duarum
339 777 588 808 unumquenque
618 767 780 798 hominem
809 767 987 797 animarum
1017 766 1191 797 consistere
1221 766 1460 807 praedicabatl.
1508 767 1569 803 Qui
1599 779 1668 800 cum
1702 780 1720 800 a
1745 770 1829 802 Con-

175 820 313 849 stantino
331 819 522 860 philosopho
536 828 673 859 magnae
688 818 866 848 sanctitatis
878 817 946 848 viro
961 817 1133 848 fortissimo
1148 817 1216 848 eius
1229 817 1352 848 amico2
1365 818 1548 859 increpatus
1561 820 1672 851 fuisset
1687 821 1828 853 dicente:

173 870 250 901 ‘Cur
274 874 397 901 tantum
422 880 563 901 errorem
586 870 618 900 in
641 869 795 910 populum
819 879 974 910 spargens
998 872 1044 900 tot
1069 868 1192 900 animas
1215 869 1452 900 interfecisti&
1476 889 1516 893 -α
1541 872 1720 912 respondit:
1745 872 1830 905 ‘Non

175 922 279 952 studio
304 932 485 963 quenquam
510 921 659 952 laedendi
683 920 771 952 talia’
795 920 916 961 inquitb
939 920 1037 951 ‘dicta
1059 920 1221 961 proposui,
1253 920 1309 951 sed
1333 920 1500 961 probandi,
1531 923 1625 963 quide
1648 925 1829 964 patriarcha

174 973 319 1014 Ignatius
342 976 464 1014 ageret,
485 974 510 1004 si
534 983 590 1004 suo
614 976 760 1014 tempore
777 972 961 1014 quaelibetd
977 971 1099 1003 heresis
1120 982 1179 1013 per
1197 973 1416 1014 syllogismos?
1435 973 1697 1015 philosophorum
1718 979 1829 1008 exorta

174 1028 366 1066 patesceret,
395 1022 462 1065 quis
485 1024 607 1055 scilicet
630 1025 713 1055 viros
743 1024 911 1055 exterioris
935 1024 1113 1064 sapientiae
1137 1024 1340 1065 reppulisset.
1379 1024 1501 1056 Verum
1525 1026 1669 1066 ignoravi
1693 1038 1745 1057 me
1770 1028 1828 1059 sub

174 1076 267 1107 huius
289 1076 400 1107 fomite
417 1076 642 1116 propositionis
666 1079 713 1106 tot
736 1076 858 1106 animas
882 1075 950 1106 fore
970 1074 1154 1107 laesurum'.
1185 1075 1237 1106 Ad
1255 1076 1339 1116 quod
1356 1076 1423 1107 ille:
1443 1076 1482 1107 ‘O
1500 1078 1690 1117 sapientiam
1707 1079 1827 1119 mundi,

174 1138 257 1169 quae
293 1127 467 1158 infatuatur
497 1130 529 1158 et
557 1126 776 1158 destrueturss!
822 1126 953 1157 lactasti
983 1127 1116 1167 sagittas
1145 1127 1177 1157 in
1206 1127 1443 1158 multitudinem
1474 1129 1624 1169 copiosae
1653 1130 1766 1161 turbae
1798 1134 1830 1162 et

173 1179 329 1220 ignorasti
353 1178 530 1220 quemlibet
554 1188 594 1209 ex
618 1179 666 1209 his
690 1177 835 1210 omnibus
859 1178 1100 1209 vulnerandum.
1139 1177 1235 1209 Certe
1260 1179 1406 1209 omnibus
1421 1179 1531 1220 liquet,
1550 1180 1623 1221 qnia
1638 1182 1719 1212 sicut
1735 1182 1827 1219 oculi,

175 1229 429 1272 quantumlibeth
452 1230 533 1261 sinth
556 1230 695 1271 magn&
727 1229 961 1271 quantumlibet
984 1229 1059 1261 sinti
1082 1230 1197 1270 aperti,
1227 1230 1253 1261 si
1277 1230 1382 1261 fumus
1405 1230 1570 1271 palearum
1600 1232 1827 1273 intel-iacuerit,

174 1282 285 1313 videre
315 1281 399 1313 ultra
422 1292 483 1312 non
515 1285 657 1323 possunt,
689 1282 733 1313 ita
762 1281 845 1312 oculi
869 1282 1046 1322 sapientiae
1070 1284 1156 1322 tuae,
1186 1281 1422 1323 quantumlibet
1444 1283 1506 1313 sint
1529 1284 1636 1324 magni
1661 1288 1693 1315 et
1715 1286 1827 1326 patuli,

174 1334 328 1365 avaritiae
352 1337 459 1364 tamen
485 1337 517 1365 et
539 1333 679 1364 invidiae
702 1333 791 1371 fumo
811 1333 937 1374 penitus
953 1333 1119 1364 obcaecati
1142 1334 1304 1364 tramitem
1320 1334 1461 1364 iustitiae
1479 1334 1589 1366 videre
1607 1345 1669 1366 non
1685 1340 1826 1377 possunt.

173 1386 221 1416 Ac
245 1395 303 1426 per
326 1385 358 1415 id
381 1395 490 1416 verum
515 1387 572 1425 est,
597 1384 683 1426 quod
708 1384 785 1415 dicis
810 1387 842 1415 te
859 1385 1019 1416 neminem
1036 1384 1101 1415 ictu
1118 1388 1171 1415 tuo
1189 1388 1317 1425 putasse
1335 1385 1540 1426 laedendum,
1564 1397 1636 1417 cum
1651 1387 1695 1418 sic
1713 1389 1828 1420 obcae-

174 1440 280 1468 catum
304 1446 431 1467 sensum
460 1435 634 1476 praedictis
666 1434 835 1465 adversum
860 1434 1074 1475 patriarcham
1098 1435 1303 1476 passionibus
1332 1436 1455 1467 habens
1479 1436 1560 1468 neck
1585 1437 1668 1478 quok
1685 1439 1830 1471 miserisk

172 1498 232 1519 nec
256 1487 346 1529 quidl
368 1487 492 1518 miseris
516 1485 725 1527 praevidisti.'

282 1539 409 1570 Interea
433 1538 587 1569 occiditur
602 1537 795 1577 Michahel³‚
820 1540 966 1568 remanet
988 1537 1156 1579 singularis
1180 1538 1212 1568 in
1234 1538 1371 1579 imperio
1394 1539 1531 1570 Basilius
1540 1540 1563 1579 4,
1586 1540 1671 1572 unde
1696 1546 1728 1573 et
1750 1553 1829 1574 nun—

173 1594 307 1631 cupatur
333 1590 374 1621 ab
398 1589 544 1620 omnibus
566 1591 781 1620 monocrator.
815 1588 877 1624 Qui
902 1589 1009 1630 coepit
1032 1589 1230 1630 diligenterm
1251 1590 1413 1630 inquirere
1436 1601 1473 1622 ac
1496 1592 1700 1633 investigare,
1724 1594 1826 1635 quod-

171 1652 244 1673 nam
269 1642 365 1673 fuerit
387 1641 472 1672 sedis
496 1640 692 1682 apostolicae
716 1640 867 1671 iudicium
884 1640 936 1672 vel
960 1640 1126 1672 decretum
1151 1644 1215 1672 tam
1240 1652 1337 1682 super
1360 1641 1609 1684 hiconomachis,
1633 1645 1686 1686 qui
1710 1646 1829 1677 sensim

172 1697 282 1725 contra
312 1703 418 1724 sacras
441 1693 598 1733 imagines
621 1692 754 1733 gannire
778 1691 920 1723 rediviva
943 1692 1207 1733 praesumptione
1231 1693 1433 1731 videbantur,
1464 1705 1559 1735 quam
1583 1706 1678 1737 super
1702 1696 1827 1737 Ignatio

170 1746 221 1777 vel
243 1745 360 1776 Photio
385 1744 633 1786 promulgatum.
667 1743 730 1780 Qui
753 1753 825 1775 cum
850 1744 879 1775 ei
903 1754 1091 1785 responsum
1119 1747 1203 1776 esset
1226 1745 1437 1786 apostolicam
1461 1746 1571 1778 sedem
1596 1747 1637 1778 ab
1660 1748 1830 1780 undecima

170 1797 364 1828 indictione⁵
389 1797 469 1828 sicut
491 1796 533 1827 ab
557 1796 632 1827 olim
653 1797 685 1826 in
702 1796 816 1827 throno
835 1795 1191 1837 Constantinopolitano
1208 1796 1370 1837 Ignatium
1387 1796 1568 1835 stabiliisse,
1583 1797 1734 1830 Photium
1751 1811 1827 1832 vero

170 1849 286 1880 nullius
316 1848 472 1880 clericalis
502 1848 636 1879 ordinen
666 1847 798 1889 dignum
822 1847 930 1889 aliquo
954 1847 1051 1878 modo
1076 1848 1237 1879 censuisse
1261 1851 1358 1889 atque
1381 1859 1478 1889 super
1500 1848 1549 1879 his
1572 1850 1828 1883 innotescendis⁰

171 1901 297 1932 diversa
321 1901 458 1941 scriptav
483 1898 794 1939 Constantinopolim
818 1908 856 1929 ac
879 1909 938 1939 per
962 1909 1073 1929 omnes
1095 1899 1180 1930 orbis
1197 1902 1353 1930 terrarum
1369 1899 1523 1930 terminos
1539 1899 1693 1933 direxisse
1705 1902 1726 1942 ⁸,
1750 1913 1825 1943 pro-

171 1953 254 1984 tinus
278 1951 393 1983 eadem
410 1951 527 1992 scripta
544 1951 668 1981 curioso
693 1950 770 1981 satis
793 1950 918 1981 intentu
941 1949 1074 1990 requirit
1097 1954 1130 1981 et
1152 1950 1291 1991 inventa,
1315 1951 1370 1982 ubi
1394 1961 1413 1981 a
1429 1950 1547 1983 Photio
1566 1952 1754 1993 profundius
1771 1954 1827 1985 ob-

171 2007 243 2035 ruta
267 2002 494 2042 consistebant,
518 2012 596 2043 prae
622 2001 720 2032 oculis
744 2001 844 2032 veluti
867 2001 999 2042 specula
1022 2002 1113 2042 ponit
1137 2004 1170 2032 et
1191 2002 1304 2032 horum
1328 2002 1467 2033 lectione
1492 2003 1655 2045 magistra,
1680 2015 1762 2046 quae
1786 2005 1827 2037 ab

172 2055 287 2087 eadem
317 2064 440 2085 summa
470 2053 546 2085 sede
577 2053 708 2084 decreta
738 2052 874 2091 fuerant,
905 2052 1002 2084 celeri
1032 2056 1231 2084 consummat
1256 2053 1383 2092 effectu,
1410 2054 1443 2084 id
1467 2058 1515 2085 est
1538 2058 1571 2086 et
1593 2054 1711 2087 Photio
1735 2067 1825 2088 sacro

170 2106 347 2138 ministerio
371 2108 444 2146 post
464 2104 698 2146 depositionem
720 2104 939 2145 irregulariter
957 2103 1102 2135 abutenti
1118 2104 1231 2136 throno
1248 2105 1603 2147 Constantinopolitano
1621 2107 1736 2139 cedere
1753 2118 1827 2149 per-

172 2157 287 2189 suadet
317 2160 349 2188 et
376 2156 536 2198 ignatium
566 2156 650 2187 hunc
678 2156 822 2196 recipere
853 2155 1051 2187 adhortatur.
1085 2156 1206 2188 Verum
1236 2157 1312 2198 quia
1343 2160 1375 2188 et
1397 2157 1542 2199 Ignatius
1571 2157 1730 2197 thronum,
1761 2170 1824 2201 quo

170 2208 444 2250 praeiudicialiter
467 2207 572 2238 fuerat
596 2207 757 2248 expulsus,
785 2207 907 2248 absque
930 2207 1045 2239 iterata
1068 2208 1202 2249 potioris
1225 2208 1320 2247 sedis,
1346 2208 1380 2240 id
1404 2213 1452 2240 est
1475 2210 1608 2251 primae,
1633 2212 1824 2243 auctoritate

275 2380 298 2412 t⁴)
318 2389 384 2406 corr.
397 2388 428 2405 ex
445 2380 570 2405 interfecti
589 2379 617 2405 V.
687 2379 712 2412 b)
732 2380 793 2406 add.
806 2381 833 2405 i'n
851 2389 932 2412 mar-9.
943 2380 973 2406 V.
1050 2380 1073 2413 0)
1092 2390 1158 2407 corr.
1173 2390 1204 2407 ex
1222 2382 1290 2414 quod
1307 2382 1336 2406 V.
1413 2381 1437 2413 d)
1457 2383 1570 2415 qualibet
1590 2382 1640 2407 1⁷1.
1716 2382 1739 2414 e)
1758 2392 1828 2409 corr.

172 2433 202 2450 ea:
220 2424 383 2456 sullogismos
401 2422 429 2447 V.
508 2420 527 2455 f)
547 2430 673 2454 superscr.
689 2422 717 2446 V.
797 2423 823 2453 Β)
843 2424 991 2455 destruitur,
1010 2425 1018 2448 i
1039 2429 1066 2449 ut
1084 2425 1134 2450 vid.
1147 2425 1175 2450 in
1194 2433 1256 2456 ras„
1277 2425 1329 2450 V3.
1410 2424 1435 2457 h)
1455 2434 1503 2451 om.
1521 2425 1572 2450 1⁷2.
1655 2425 1673 2456 i)
1692 2430 1753 2451 sunt
1772 2426 1826 2451 1⁷2.

170 2467 199 2498 ¹¹)
217 2474 343 2499 super-scr.
359 2466 388 2497 V,
412 2475 459 2490 om.
474 2465 530 2497 V2,
543 2467 566 2490 3.
662 2463 681 2497 1)
705 2474 771 2491 corr.
789 2474 821 2491 ex
845 2467 912 2498 quod
932 2466 960 2492 V.
1056 2467 1088 2499 ¹¹³)
1108 2469 1340 2501 Qui—diligenter
1358 2477 1415 2500 om,
1438 2469 1466 2493 in
1489 2478 1571 2501 marg.
1585 2469 1647 2493 add.
1660 2469 1753 2502 Incipit
1770 2468 1826 2494 1⁷3.

171 2511 197 2541 Ἡ)
216 2510 311 2535 ordinis
330 2518 397 2534 corr.
412 2517 442 2534 ecc
460 2510 548 2534 ordine
565 2508 619 2538 V1;
637 2509 732 2534 ordinis
750 2508 805 2534 1⁷3.
876 2508 900 2541 0)
920 2518 987 2536 corr.
1000 2519 1030 2535 em
1052 2511 1201 2537 innocendis
1220 2511 1247 2537 V.
1321 2512 1345 2540 Ρ)
1364 2520 1430 2537 corr.
1444 2520 1475 2536 επ
1494 2512 1619 2544 scriptura
1638 2511 1689 2541 V1,
1701 2514 1723 2536 2.

277 2611 304 2645 1)
320 2611 360 2645 Cf.
373 2613 480 2638 octavae
500 2610 581 2637 huius
598 2610 693 2644 synodsi
711 2618 771 2637 can.
785 2615 816 2637 11
830 2610 867 2637 ed.
883 2611 978 2645 Miqne
990 2611 1065 2639 Patr.
1079 2612 1124 2639 lat.
1141 2612 1279 2645 CXXIX,
1294 2617 1343 2640 154
1361 2616 1384 2639 et
1403 2612 1486 2646 (Ps.-)
1503 2612 1616 2647 Symeon
1634 2612 1764 2646 Mayister
1782 2612 1826 2639 De

172 2654 302 2681 Miehaele
320 2657 344 2680 et
362 2653 499 2680 Theodora
518 2661 576 2686 cap.
589 2656 627 2687 35,
646 2653 686 2680 ed.
697 2653 786 2680 Bonn.
796 2662 825 2687 p.
841 2656 892 2680 673
899 2662 936 2687 sq.
1042 2655 1068 2687 2)
1091 2654 1144 2688 Qui
1159 2659 1260 2688 gentem
1273 2656 1447 2682 Moravorum
1466 2655 1502 2681 ad
1516 2655 1593 2687 fidem
1611 2655 1737 2681 convertit
1755 2654 1824 2680 chri-

173 2699 290 2724 stv'mnam
307 2699 331 2723 et
349 2705 374 2724 a.
388 2700 437 2723 869
455 2697 599 2723 monastico
617 2696 712 2722 habitas
729 2695 825 2723 imbuto
847 2696 950 2723 Romae
967 2700 1089 2724 mortuus
1107 2700 1151 2725 est.
1255 2699 1281 2732 3)
1301 2702 1350 2725 867
1366 2698 1436 2732 Sept.
1450 2701 1488 2725 23.
1585 2697 1612 2731 4)
1630 2697 1662 2729 1.,
1680 2700 1825 2724 867-886,

173 2741 200 2773 5)
219 2741 253 2767 Α.
266 2743 314 2767 863
331 2739 449 2774 synodus
463 2739 589 2766 Romana
602 2739 712 2766 Nv'colao
726 2747 803 2772 papa
816 2739 985 2772 praesidente
997 2740 1125 2767 Photium
1143 2741 1306 2775 deposuerat,
1324 2742 1358 2773 cf.
1372 2741 1461 2768 Peras
1479 2740 1496 2767 l.
1510 2741 1525 2767 l.
1535 2748 1564 2773 p.
1578 2744 1610 2766 42
1616 2748 1652 2773 sq.
1735 2740 1761 2772 6)
1782 2739 1824 2774 Cf.

174 2783 237 2818 Req.
248 2783 325 2815 Jaffe
342 2786 413 2816 2736,
433 2786 505 2815 2819,
519 2786 593 2815 2821,
612 2782 649 2809 ed.
664 2782 734 2808 ΜΘ.
749 2782 840 2816 Epist.
856 2782 903 2816 VI,
916 2787 972 2816 451,
988 2786 1042 2817 512,
1055 2786 1110 2811 653.
