2189 3042
55 286 84 307 cf.
98 285 188 306 Philem.
201 287 232 306 ⁴22.

40 1144 68 1165 cf.
79 1144 187 1169 2.Cor.11,
197 1147 227 1165 28.

248 89 265 118 4
710 82 888 111 IOHANNIS
908 83 981 110 VIII.
1001 83 1119 109 PAPAE
1142 81 1341 109 EPISTOLAE
1363 82 1387 109 4.
1406 83 1431 110 5.

249 173 374 204 Christo
392 172 472 203 duce
490 172 698 202 voluissemus
721 173 872 208 statuere,
897 173 1024 200 nostr0²²
1040 169 1118 200 iurib
1135 169 1351 210 potestatique
1376 170 1535 201 commisit
1544 171 1564 211 1,
1581 171 1730 212 quatinus
1748 171 1791 212 id,
1808 172 1894 213 quod

249 224 439 265 pontificalic
456 234 509 254 ore
534 222 625 253 nudis
641 222 746 253 verbis
764 221 911 261 diximus,
936 231 1069 262 operum
1094 219 1300 251 ostendamus
1321 222 1512 262 patratione,
1537 226 1579 261 et,
1595 241 1637 244 —
1656 225 1692 253 ut
1714 233 1772 263 pro
1789 224 1893 264 anime

248 279 351 314 vestre
377 275 608 305 exhilaratione
632 278 756 314 patrum
781 272 992 303 auctoritated
1016 272 1106 302 stilus
1129 271 1295 302 scribentis
1319 271 1469 313 loquatur
1493 291 1543 314 —-,
1574 276 1685 314 parate
1709 273 1893 315 hospitium,

248 327 320 367 quia
344 336 414 356 cum
438 336 519 356 novo
543 325 703 365 hospitum
728 324 855 364 agmine
878 324 940 354 Dei
963 323 1067 364 gratia
1091 323 1121 353 in
1145 325 1268 353 vestras
1292 326 1400 363 partes
1424 334 1531 355 sumus
1554 325 1708 356 venturie.
1753 324 1893 357 Frenum

247 377 446 407 coercitionis
470 376 663 415 infidelibus,
689 378 841 415 quantum
866 374 994 414 valetis,
1023 374 1179 414 inponite,
1203 373 1351 405 fidelibus
1375 385 1502 416 quoque
1526 376 1630 416 future
1654 377 1686 406 in
1710 377 1892 417 proximum

246 429 313 468 spei
345 427 597 458 sublevationem
628 427 820 467 promittite,
857 425 977 456 domini
1007 425 1069 456 Dei
1100 426 1199 456 nostri
1229 426 1296 458 sine
1325 427 1575 468 intermissione,
1610 427 1733 469 hortor,
1768 430 1891 460 miseri-

246 479 386 510 cordiam
411 478 625 519 deprecamini
650 480 857 518 nostrumque
882 477 1054 508 adventum
1079 480 1223 517 spectate
1247 478 1414 509 veraciter.

1052 676 1080 704 5.

353 735 509 766 Iohannes
533 734 628 765 VIII.
650 744 736 773 papa
761 732 964 764 Valvcnsibus
984 735 1109 773 gratias
1131 735 1197 775 ayit
1224 735 1258 766 ob
1285 736 1377 774 fidem
1405 739 1560 767 servatam
1583 737 1726 776 Armdfo
1753 738 1894 778 episcopo

244 790 352 818 contra
380 787 553 818 ‘invasorem
582 786 739 825 quendam
768 785 982 824 episeopatus;
1009 789 1125 824 monet,
1157 797 1195 818 ne
1224 787 1284 818 ulla·
1312 787 1379 826 tali,
1409 789 1526 820 vivente
1548 789 1700 828 episcopo,
1729 800 1893 822 assensum

237 839 419 878 praebeant.
1731 843 1803 873 876.

357 889 430 916 ema:
458 889 483 915 R
501 892 521 923 f.
535 893 550 915 :2
568 893 629 915 η,5,

347 941 433 967 Εᾱιῖ,;
462 941 558 966 Editio
579 940 703 965 Romana
722 940 807 972 (1591)
828 939 889 971 111,
908 944 957 966 289
979 949 1004 967 η.
1020 945 1044 967 4.
1081 941 1178 966 Mansi
1202 941 1281 968 Cone.
1299 942 1356 968 coll.
1378 942 1482 975 XVII,
1501 947 1516 969 5
1533 948 1597 970 η.4.
1632 943 1724 978 Illique
1748 944 1826 971 Patr.
1845 944 1892 970 lat.

247 984 381 1017 CXXVI,
400 988 450 1010 630
467 992 494 1010 oz.
508 987 546 1010 27.
566 999 598 1001 —
616 982 690 1014 Jaffe‘
708 983 770 1016 Req.
785 986 852 1008 3045
871 983 968 1016 (2274).
1006 983 1081 1009 Kella·
1100 984 1183 1009 Italia
1198 984 1341 1017 pontificia
1358 985 1411 1018 IV,
1431 989 1488 1012 253.

326 1071 511 1103 <10HANNES
537 1068 750 1101 EI’IS(¹OPUS>‘⁷'‘
770 1070 889 1100 CLERO,
913 1070 1033 1095 ORDINI
1057 1072 1100 1095 ET
1126 1072 1226 1095 PLEBI
1250 1072 1382 1106 SANCTI}
1400 1074 1607 1098 VALVENSISa
1625 1074 1810 1100 ECCLES1E2.

352 1131 434 1166 Quia
458 1130 678 1161 sollicitudinis
700 1140 772 1169 nos,
797 1140 894 1170 quam
925 1140 982 1171 pro
1007 1130 1154 1161 omnibus
1178 1130 1239 1161 Dei
1264 1131 1408 1162 ecclesiis
1432 1132 1723 1174 circumspiciendis
1751 1134 1891 1175 suscepi-

243 1194 326 1223 mus,
356 1183 515 1213 maximab
539 1192 614 1212 cura
642 1182 843 1222 constringit,
874 1184 909 1212 ut
937 1181 990 1211 vel
1019 1181 1164 1222 pervisa⁰
1188 1183 1264 1213 vitia
1286 1193 1469 1214 resecemus
1492 1184 1543 1214 vel
1566 1194 1693 1215 rumore
1717 1187 1892 1226 comperta,

242 1246 281 1265 nc
305 1234 476 1275 pullulent,
506 1233 689 1273 vigilemus,
720 1233 821 1263 latere
846 1243 901 1263 vos
925 1233 1089 1273 nolumus,
1120 1235 1305 1274 pervenisse
1334 1234 1375 1265 ad
1402 1245 1473 1275 nos,
1503 1235 1589 1276 quod
1612 1236 1743 1277 quidam
1770 1236 1892 1267 calcata

242 1286 421 1317 reverentia
445 1285 595 1324 canonice
613 1284 778 1325 discipline
804 1288 913 1315 contra
938 1295 1031 1315 omne
1054 1284 1111 1325 fas,
1135 1285 1233 1316 immo
1255 1289 1365 1316 contra
1381 1287 1489 1328 legem
1506 1287 1757 1319 ecclesiasticam
1780 1298 1892 1329 super-

244 1337 336 1368 stited
364 1340 469 1368 vestro
501 1340 629 1377 pastore
657 1336 735 1367 velit
765 1347 844 1367 ausu
876 1337 1048 1367 temerario
1077 1340 1216 1368 vestram
1247 1338 1462 1369 sinceritatem
1494 1349 1699 1380 corrumpere
1730 1342 1776 1379 et,
1807 1338 1893 1380 quod

244 1389 331 1420 dictu
354 1388 444 1419 nefas
468 1392 528 1428 est,
558 1388 686 1429 plebem
716 1389 819 1429 ipsam
848 1388 1001 1419 invadere
1025 1399 1223 1430 gregemque
1248 1389 1457 1430 dominicum,
1480 1391 1631 1422 videlicet
1653 1392 1892 1432 vosmetipsose,

244 1441 441 1481 discerpere,
465 1439 630 1471 scismataf
651 1451 805 1481 generare
830 1443 862 1470 et
885 1439 991 1471 Deum
1014 1441 1045 1470 in
1069 1440 1129 1471 hoc
1153 1441 1193 1471 ad
1218 1441 1414 1472 iracundiam
1438 1453 1629 1483 provocare,
1657 1443 1778 1474 habens
1802 1441 1892 1483 quasi

244 1493 468 1523 auctoritatem
498 1492 688 1532 secularium
718 1491 770 1522 idss
800 1492 977 1533 peragendi
1008 1496 1054 1530 et,
1086 1502 1148 1533 que
1176 1492 1216 1524 ab
1247 1494 1306 1532 eis,
1336 1494 1435 1524 immo
1464 1504 1482 1524 a
1511 1494 1603 1525 nobis
1630 1495 1756 1526 vivente
1786 1498 1891 1526 vestro

244 1544 394 1585 episcopo
423 1545 491 1574 iure
520 1543 589 1574 dari
619 1542 726 1585 [ηοη]ὴ
750 1547 870 1584 potest,
902 1544 1050 1584 nequiter
1079 1544 1260 1575 exercendi.
1308 1544 1402 1580 Quod
1431 1548 1555 1576 tantum
1586 1546 1655 1576 fieri
1686 1546 1892 1587 prohibemus

245 1599 431 1636 tantumque
461 1595 657 1626 detestantes
685 1594 941 1636 abhominamur,
971 1599 1125 1636 quantum
1157 1600 1268 1627 contra
1296 1597 1447 1637 canonice
1474 1596 1695 1639 auetorita[ti]s
1726 1608 1892 1630 censuram

246 1650 278 1679 et
308 1650 417 1678 contra
447 1647 550 1686 divine
581 1647 663 1688 legis
695 1647 899 1678 traditionem
929 1647 978 1678 vel
1006 1651 1151 1679 veterum
1178 1648 1326 1689 patrum³
1350 1649 1500 1689 exempla
1530 1649 1594 1680 tale
1625 1649 1702 1690 quid
1731 1650 1894 1681 attemtari

245 1700 472 1740 cognoscimus,
496 1702 532 1729 ut
554 1699 681 1729 vivente
705 1709 767 1729 uno
793 1699 944 1739 episcopo
970 1709 1006 1730 ac
1030 1700 1202 1740 superstite
1226 1700 1418 1731 consistente
1443 1700 1525 1730 alter
1545 1700 1597 1731 vel
1619 1711 1682 1731 non
1705 1701 1824 1741 petitus
1844 1701 1895 1732 vel

246 1751 299 1791 qui
323 1751 416 1791 petiri
439 1761 501 1780 non
524 1753 631 1791 potest
654 1761 712 1781 nce
737 1751 833 1781 etiam
859 1750 970 1791 debet,
1001 1750 1112 1781 sedem
1136 1750 1284 1781 viventisi
1307 1751 1438 1782 invadat
1461 1754 1493 1781 et
1515 1751 1597 1782 hanc
1621 1752 1671 1782 vel
1696 1753 1763 1783 sine
1786 1755 1894 1783 nostro

245 1801 399 1841 consultu,
422 1806 455 1832 ut
478 1803 521 1832 ita
546 1802 691 1843 dixerim,
717 1802 870 1843 expetatk
888 1803 939 1833 vel
957 1803 1040 1844 quia,
1065 1803 1145 1833 sicut
1169 1802 1317 1843 diximus,
1341 1803 1503 1844 superbia¹
1527 1805 1559 1834 in
1580 1815 1634 1835 cor
1651 1805 1718 1835 eius
1741 1805 1895 1836 ascendat

245 1853 320 1883 talia
345 1854 514 1894 cogitandi.
562 1854 682 1885 Verum
707 1866 763 1885 nos
787 1855 924 1895 primum
949 1855 1039 1885 vobis
1062 1855 1182 1896 gratias
1206 1855 1341 1896 agimus,
1366 1855 1454 1896 quia,
1479 1855 1560 1886 sicut
1583 1855 1764 1896 didicimus,
1789 1860 1894 1887 vestro

246 1905 395 1945 episcopo
426 1905 522 1936 fidem
554 1905 695 1936 debitam
726 1909 965 1946 conservantes,
1000 1906 1137 1937 eundem
1166 1907 1347 1938 invasorem
1377 1918 1439 1938 non
1470 1908 1689 1948 recipiendum
1719 1918 1789 1939 esse
1820 1919 1894 1949 pro-

246 1956 402 1995 posuistis.
455 1956 579 1988 Deinde
612 1958 710 1988 nostri
741 1958 940 1998 apostolatus
972 1958 1101 1988 monitis
1134 1959 1274 1989 omnium
1308 1962 1449 1989 vestrum
1483 1959 1687 1989 devotionem
1719 1959 1893 2000 hortamur,

246 2007 437 2047 precipimus
468 2018 504 2037 ae
533 2008 720 2048 suademus,
751 2013 785 2039 ut
816 2009 932 2040 eodem
956 2014 1062 2041 vestro
1093 2011 1244 2051 episcopo
1269 2011 1395 2041 vivente
1425 2011 1504 2042 nulli
1530 2022 1684 2052 umquam
1711 2011 1894 2042 mortalium

246 2069 301 2088 vos
326 2060 451 2089 conanti
474 2059 556 2090 forte
574 2060 723 2101 decipere
746 2061 910 2101 prebeatis
934 2072 1110 2101 assensum,
1135 2066 1170 2092 ut
1186 2063 1237 2093 vel
1262 2063 1293 2092 in
1317 2062 1444 2093 modico
1468 2073 1487 2093 a
1509 2062 1666 2093 fidelitate
1683 2063 1782 2104 ipsius
1798 2064 1894 2094 vestri

248 2109 398 2149 episcopi,
423 2111 476 2150 qui
499 2122 579 2141 nunc
603 2115 660 2148 est,
684 2112 805 2143 scilicet
830 2113 1023 2144 venerabilis
1046 2114 1180 2153 Arnulfi,
1205 2124 1333 2155 quoquo
1357 2113 1453 2144 modo
1479 2113 1665 2153 discedatis,
1690 2115 1765 2155 quin
1788 2115 1894 2155 potius

247 2170 373 2190 omnem
397 2161 549 2191 honorem
573 2172 610 2192 ac
634 2164 846 2194 reverentiam
871 2164 961 2195 iuxta
986 2175 1093 2195 sacros
1117 2175 1255 2196 canones
1280 2166 1309 2196 ei
1332 2165 1520 2206 impendere
1545 2165 1710 2206 studeatis,
1733 2169 1769 2196 ut
1791 2166 1893 2206 magis

349 2269 373 2302 *)
394 2269 455 2296 add.
476 2279 546 2296 man.
566 2272 719 2297 correctoris
740 2272 774 2298 R.

349 2340 372 2370 ³²)
392 2341 470 2364 nostri
489 2340 520 2363 R.
609 2340 633 2371 b)
653 2350 719 2366 corr.
739 2351 769 2366 em
795 2344 845 2367 uiri
864 2344 895 2369 R.
984 2345 1007 2376 c)
1027 2345 1173 2377 pontificale
1192 2345 1224 2370 R.
1313 2344 1336 2377 d)
1356 2346 1468 2371 notarice
1487 2346 1520 2372 R.
1607 2348 1630 2376 θ)
1650 2346 1761 2371 venituri
1779 2345 1811 2371 R.
1839 2372 1840 2375 Ἴ

349 2399 373 2424 5.
401 2402 423 2429 ²¹)
443 2407 458 2423 E
477 2400 537 2424 add.
554 2406 642 2432 postea
660 2410 740 2433 supra
759 2403 852 2427 lineam
871 2404 903 2429 Ia'.
979 2403 1003 2435 bl)
1022 2414 1079 2429 -ma
1098 2405 1124 2429 in
1144 2414 1240 2429 rasura
1258 2405 1289 2430 B.
1366 2404 1388 2437 ο)
1408 2406 1510 2438 provisa
1528 2405 1560 2431 R.
1632 2404 1656 2438 d)
1675 2414 1728 2430 ras.
1747 2406 1774 2430 in
1787 2407 1842 2439 fine
1862 2406 1893 2432 R.

247 2445 269 2473 ⁰)
290 2443 448 2474 vosmetipso,
467 2444 515 2467 -ti-
534 2444 561 2467 in
579 2452 631 2469 ras,
648 2444 678 2468 R.
754 2444 772 2476 f)
792 2454 858 2470 corr.
871 2455 901 2470 eat
920 2448 1059 2472 schismata
1078 2448 1109 2473 R,
1185 2448 1210 2479 8)
1230 2448 1256 2472 in
1274 2457 1327 2474 ras.
1344 2448 1375 2473 R.
1447 2447 1471 2479 1¹>
1490 2448 1619 2480 foramine
1632 2457 1717 2480 paene
1735 2449 1845 2474 deletum
1859 2449 1892 2475 R.

246 2483 264 2514 i)
284 2485 329 2508 -tis
349 2494 415 2509 corr,
435 2494 464 2509 ex
483 2489 522 2510 -te
541 2485 572 2510 R.
660 2485 685 2519 k)
705 2496 770 2512 corr.
790 2497 820 2512 ea*
838 2494 955 2521 expectat
974 2490 1005 2514 R.
1094 2490 1112 2523 1)
1132 2495 1247 2523 superest
1266 2491 1298 2516 R.

351 2568 375 2601 1)
397 2568 437 2599 Cf.
457 2569 572 2601 Lupum-e
596 2570 610 2596 l.
629 2570 644 2596 l.
666 2571 691 2602 J,
712 2575 760 2596 253
784 2580 840 2597 cum
864 2576 954 2599 arnmot.
969 2577 991 2599 3.
1097 2575 1123 2607 2)
1146 2575 1244 2607 Vana,
1270 2575 1342 2601 sedes
1364 2575 1520 2608 episcopalis
1543 2575 1574 2601 in
1598 2576 1738 2616 propinata
1762 2575 1893 2601 ‘Abruzzo

247 2610 384 2636 ritcriore'.
489 2612 517 2643 3)
539 2612 578 2643 Cf.
603 2621 718 2638 canonos
742 2623 764 2646 q.
786 2615 810 2640 d.
835 2617 946 2647 apostol.
968 2617 1044 2641 XIV
1055 2617 1160 2650 (XIII)
1179 2618 1228 2650 (erl.
1241 2618 1336 2650 Hcfele
1353 2618 1595 2653 ‘C'oncilz'enyesch.’
1611 2619 1651 2650 1²,
1671 2619 1736 2652 804)
1755 2621 1777 2644 et
1797 2619 1892 2652 plures

246 2654 399 2679 rccentiorcs
418 2662 538 2687 canones,
558 2656 630 2681 ‘inter
645 2664 710 2687 quos
726 2657 871 2690 praecipue
890 2666 958 2684 conc.
973 2659 1100 2692 Lis-(sdan.
1115 2661 1131 2685 1
1148 2669 1206 2686 cml.
1220 2665 1234 2687 5
1253 2662 1290 2694 (a.
1303 2662 1359 2694 517)
1378 2661 1426 2694 (ed.
1442 2661 1536 2687 ,Mcmsi
1554 2660 1633 2693 VIII,
1653 2662 1723 2693 570):
1742 2660 1781 2687 Ut
1798 2661 1891 2687 nullus

247 2696 274 2721 in
295 2696 384 2722 locum
405 2697 554 2723 viventis
573 2698 608 2723 ad
628 2698 805 2725 ambiendum
825 2701 971 2727 sacerdotii
990 2702 1106 2735 gradum
1125 2703 1227 2729 audeat
1247 2703 1379 2737 aspirare.

1910 854 1936 872 10

1913 1145 1936 1163 15

1912 1402 1937 1421 20

1913 1662 1937 1681 25

1914 1920 1939 1939 30

1912 2177 1936 2196 35

1910 2498 1936 2517 40
