2189 3042
184 1771 212 1791 cf.
225 1770 305 1796 1.Reg.
314 1773 333 1795 2,
342 1772 374 1791 30.

200 2166 229 2186 cf.
244 2166 280 2186 Ps.
292 2168 323 2190 13,
335 2168 359 2189 3;

182 2194 252 2217 139,4;
261 2192 379 2217 Rom.3,13.

391 196 449 225 174

389 279 540 318 episcopo
558 278 608 308 vel
630 277 798 318 episcopie,
823 277 876 317 qui
900 276 1021 307 ibidem
1037 276 1186 308 videntur

389 329 527 360 existere
546 347 579 350 —
598 327 698 370 [nec]²¹
714 338 837 358 sacrum
854 328 997 368 pallium,
1019 338 1082 369 quo
1103 329 1186 360 inter

387 390 478 411 sacra
501 381 668 411 missarum
692 380 882 420 sollempnia
910 380 954 410 uti
982 380 1185 420 pontificibus

388 432 516 463 solitum
548 434 609 471 est,
644 432 713 472 ipse
743 432 925 472 patriarcha
955 433 1082 463 mittere
1112 442 1185 473 pre-

389 483 587 524 sumpseritb.

445 1041 563 1072 Porro¹
575 1051 631 1082 pro
645 1042 741 1072 tantis
754 1041 1059 1082 perturbationibus,
1071 1042 1186 1084 quibus

390 1092 526 1123 ecclesia
551 1096 657 1124 vestra
686 1092 781 1133 longo
811 1094 874 1123 iam
906 1096 1052 1134 tempore
1077 1098 1186 1125 manet

389 1143 526 1183 turbata,
544 1147 647 1184 vestre
665 1144 825 1186 augustali
842 1144 956 1185 pietati
973 1144 1092 1176 obnixe
1110 1156 1184 1186 sug-

389 1196 543 1236 gerimuS,
574 1199 609 1226 ut
634 1195 1023 1237 Constantinopolitanum
1048 1197 1184 1237 patriar-

389 1247 481 1278 cham
496 1247 591 1288 digno
608 1257 736 1288 semper
752 1247 872 1278 honore
890 1251 1080 1279 venerantes
1095 1249 1186 1289 quasi

388 1301 513 1339 patrem
545 1298 721 1339 spiritalem
753 1301 784 1329 et
814 1301 926 1339 utpote
957 1299 1041 1330 inter
1067 1310 1123 1330 vos
1154 1302 1187 1330 et

388 1349 494 1380 Deum
518 1350 730 1381 mediatorem
748 1350 936 1391 precipuum
960 1349 1067 1381 divina
1084 1351 1185 1391 vobis,

389 1411 447 1441 per
473 1406 552 1442 quec
576 1401 617 1432 ad
644 1412 777 1443 regnum
807 1402 1000 1442 perveniatis
1030 1405 1185 1442 eternum,

390 1452 500 1483 sedule
538 1453 779 1484 adnuntiantem
818 1454 870 1494 pio
906 1463 1034 1494 semper
1068 1454 1187 1485 affectu

390 1504 501 1534 colatis
523 1506 564 1540 et„
588 1507 623 1534 ut
647 1504 810 1544 condecet,
833 1505 865 1535 in
882 1505 1028 1535 omnibus
1048 1505 1185 1536 honore-

390 1556 439 1595 tis,
464 1556 538 1596 quia
563 1566 618 1596 pro
640 1556 820 1596 temporali,
845 1567 940 1597 quem
963 1556 1010 1587 illi
1034 1556 1185 1597 prebetis,

390 1607 511 1638 honore
535 1618 591 1637 vos
615 1610 647 1637 et
670 1607 720 1637 hic
744 1607 956 1648 temporalem
973 1607 1185 1638 honorificen-

389 1659 467 1689 tiam
502 1658 627 1688 habetis
663 1662 694 1688 et
728 1659 759 1688 in
795 1662 939 1699 eternum
973 1659 1185 1700 multiplicem

390 1710 501 1750 procul
520 1709 617 1740 dubio
634 1710 815 1750 recipietisd
832 1710 871 1740 ab
888 1710 942 1741 illo
966 1721 1115 1751 namque,
1133 1711 1186 1751 (1111

389 1761 605 1802 glorificantes
639 1771 672 1791 se
705 1761 884 1801 glorificare
920 1764 1063 1793 testatur.
1118 1762 1186 1793 Nec

388 1823 498 1844 eorum
515 1812 614 1843 verba
634 1812 714 1843 falso
732 1813 869 1853 prolata,
887 1813 940 1853 qui
964 1813 1186 1845 scandalorum

388 1865 507 1895 zizania
535 1874 631 1905 super
655 1865 859 1904 conspicuam
888 1867 1032 1905 segetem
1056 1865 1185 1896 Domini

389 1916 547 1946 seminare
586 1926 647 1946 non
687 1919 827 1953 cessant„
866 1919 973 1946 vestra
1011 1917 1185 1957 imperialis

390 1967 538 2008 dignetur
561 1967 671 1998 audire
696 1967 863 2003 maiestas„
894 1976 954 1997 uec
985 1978 1042 2008 pro
1073 1968 1185 1998 talium

389 2018 675 2050 susurmti011ibus0
693 2018 867 2057 hominum,
891 2019 945 2059 qui
968 2028 1097 2059 semper
1120 2023 1184 2050 stu-

389 2070 465 2101 dent
482 2070 626 2101 scindere
643 2070 799 2100 unitatem
816 2069 888 2109 Dei,
905 2073 1028 2100 vestem
1044 2070 1185 2110 Domini,

390 2121 695 2161 ecclesiamGhristi,
709 2121 827 2162 quique
844 2121 960 2162 linguis
978 2122 1041 2151 suis
1058 2131 1186 2162 semper

390 2173 500 2204 dolose
518 2183 615 2214 agere
632 2183 695 2203 non
712 2175 846 2211 cessant,
862 2183 1021 2203 venenum
1039 2173 1185 2213 aspidum

390 2228 554 2265 portantes
575 2223 633 2254 sub
650 2223 743 2254 labiis
765 2224 839 2261 suis5
858 2224 999 2254 animum
1016 2224 1184 2265 clementie

390 2279 493 2306 vestre
527 2275 679 2306 adversus
710 2285 782 2306 eum
812 2275 1014 2316 aliquatenus
1044 2286 1184 2306 eommo-

389 2328 490 2358 veatis
511 2330 542 2357 et
565 2337 723 2357 summum
747 2326 949 2357 sacerdotem
966 2329 1107 2357 vestrum
1123 2327 1185 2357 Dei

390 2379 592 2420 providentia
629 2379 661 2408 in
700 2378 835 2417 ecclesie
875 2377 992 2409 Christi
1030 2378 1185 2419 regimine

492 2482 515 2513 ²)
535 2490 582 2506 om.
602 2481 633 2505 R.

863 189 1042 217 IOHANNIS
1061 190 1136 216 VIII.
1156 190 1274 218 PAPAE
1296 191 1473 218 EPISTOLA
1498 192 1556 219 207.

1238 278 1372 309 σκόπων
1393 279 1537 319 ἕβάπτισε
1558 278 1612 309 καὶ
1634 279 1753 314 πάντας
1775 279 1847 314 τοὺς
1870 280 2035 321 ἐκκλησια-

1238 329 1362 364 στικοὺς
1390 330 1508 364 τύπους
1535 342 1566 361 τε
1592 330 1646 361 καὶ
1674 331 1813 365 κανόνας
1835 331 1888 362 καὶ
1911 331 1970 363 ὅσα
1993 333 2036 366 εἷς

1238 383 1302 411 τῶν
1335 383 1522 421 χριστιανῶν
1555 381 1730 422 θρησκείαν
1764 382 1903 413 συντελεῖ
1931 394 2035 422 παρα-

1239 432 1396 466 δεδωκὼς
1418 433 1603 468 ἐτελείωσεν,
1634 433 1662 463 εἷ
1681 433 1738 463 καί
1762 445 1840 467 τινες
1869 433 2036 474 τολμηρῶς

1239 484 1434 524 ἀφήρπασαν
1457 483 1513 524 ἀφ’
1535 485 1628 524 ἡμῶν
1651 484 1707 525 τὴν
1733 484 1778 525 μὴ
1807 485 2036 525 προσήκουσαν

1238 535 1344 569 αὐτοῖς
1370 535 1524 576 ἐπαρχίαν
1545 535 1599 566 καὶ
1626 536 1817 576 χειροτονίας
1844 536 1898 566 καὶ
1925 536 2035 567 καθιε-

1239 587 1352 626 ρώσεις
1375 587 1552 627 ἐκκλησιῶν
1567 587 1620 617 καὶ
1644 586 1753 621 ἁπλῶς
1774 587 1875 617 πάντα
1900 587 1959 618 ὅσα
1976 588 2035 618 οὐκ

1239 638 1336 678 ἐχρῆν
1359 638 1520 678 ἐποίησαν.
1555 637 1646 674 <Διὸ
1670 638 1752 679 πρὸς
1774 641 1838 672 τοῖς
1860 639 2038 679 εἰρημένοις

1238 690 1292 720 καὶ
1307 693 1399 721 τοῦτο
1414 690 1488 730 ὑμῖν
1500 690 1770 730 παρεγγυώμεθα,
1785 690 1843 724 ἵνα,
1858 689 1932 720 ὅταν
1948 690 2038 730 ἡμεῖς

1238 741 1311 775 τοὺς
1333 744 1391 772 νῦν
1406 742 1655 776 ἐπισκοποῦντας
1671 742 1714 776 εἷς
1734 740 1848 775 αὐτοὺς
1869 741 2038 781 ἐγκλήματι

1239 793 1421 827 ἑαλωκότας
1446 793 1655 833 φωράσωμεν
1682 792 1735 823 καὶ
1763 795 1943 827 κανονικοῖς
1970 793 2035 823 ἐπι-

1238 845 1348 884 τιμίοις
1382 845 1607 885 ’ὗποβάλωμετω
1643 844 1688 885 μὴ
1729 845 1918 885 εὑρίσκωσιν
1954 844 2039 884 ὑμᾶς

1239 896 1446 936 καταψύχων1
1478 895 1542 926 ἀλλ’
1565 896 1613 927 ἵνα
1637 897 1783 936 εὕρωμεν
1806 895 1859 926 καὶ
1888 895 1972 935 ὑμᾶς
1996 895 2039 929 εἰς

1240 950 1331 978 τοῦτο
1370 948 1588 988 συμπνέοντας
1626 947 1680 978 καὶ
1717 947 2038 981 κατακολουθοῦντας

1240 1000 1315 1039 ἡμῖν
1338 999 1391 1030 καὶ
1413 999 1458 1040 μὴ
1484 999 1769 1040 ὀιαφωνοῦντας.>

715 2480 739 2512 b)
757 2482 856 2506 minuta
874 2486 932 2513 post
951 2482 1026 2506 verba
1045 2483 1134 2507 amodo
1153 2491 1199 2507 suo
1218 2483 1267 2507 iuri
1287 2483 1422 2508 vendicare
1440 2484 1482 2508 vel
1500 2483 1609 2508 retinere
1630 2480 1667 2514 (p.
1681 2482 1727 2506 173
1746 2481 1762 2506 Ζ.
1777 2482 1820 2511 40,
1840 2479 1885 2511 41)
1905 2478 2036 2503 additione

388 2525 501 2556 quadam
520 2528 607 2554 aucta,
630 2525 675 2548 sed
695 2525 722 2548 in
741 2524 765 2548 R
783 2525 866 2548 minus
888 2529 952 2549 recte
971 2525 1098 2555 descripta
1117 2534 1167 2549 esse
1185 2525 1297 2554 videtum
1321 2530 1462 2550 contemtum
1486 2526 1611 2558 integrum
1630 2525 1676 2549 hoc
1693 2525 1749 2557 fere
1767 2523 1841 2548 modo
1860 2522 2035 2554 intelligimus:

388 2568 478 2592 amodo
496 2576 542 2592 suo
561 2567 610 2591 iuri
627 2567 762 2592 vendicare
780 2567 820 2592 vel
840 2567 947 2592 retinere
967 2576 1014 2592 nec
1031 2568 1141 2599 aliquam
1160 2569 1346 2600 cuiuscumque
1365 2569 1466 2593 honoris
1486 2569 1578 2593 ibidem
1598 2567 1783 2593 ordinationem
1803 2567 1895 2596 facere,
1914 2565 2035 2596 quoniam
2052 2566 2079 2584 4⁵

388 2610 482 2635 ibidem
501 2614 561 2634 sunt
580 2610 675 2634 inlicite
694 2611 804 2634 ordinati
823 2611 933 2642 episcopi
947 2610 987 2635 vel
1001 2611 1144 2635 sacerdotes
1163 2612 1195 2635 ab
1208 2612 1399 2644 archiepiscopo
1412 2612 1453 2636 vel
1468 2612 1602 2644 episcopis,
1615 2611 1661 2643 qui
1679 2611 1773 2636 ibidem
1785 2610 1905 2635 videntur
1918 2608 2035 2638 existere,

389 2661 436 2678 nec
454 2661 553 2677 sacrun]
574 2653 688 2685 pallium,
708 2661 758 2685 quo
776 2653 841 2677 inter
858 2661 931 2677 sacra
950 2654 1084 2678 missarum
1103 2654 1254 2685 sollempnia
1274 2655 1312 2679 uti
1330 2654 1496 2686 pontificibus
1515 2654 1617 2678 solitum
1636 2658 1683 2685 est,
1701 2654 1755 2686 ipse
1773 2652 1919 2685 patriarcha
1936 2651 2035 2675 mittere

389 2697 580 2728 presumpserit.
668 2696 690 2727 c)
710 2704 753 2727 per
771 2704 822 2727 que
841 2704 906 2721 corr.
921 2705 950 2720 ea:
968 2704 1033 2728 eque
1053 2697 1087 2721 al.
1100 2705 1169 2721 man.
1189 2697 1220 2721 R.

389 2740 411 2769 e)
433 2739 481 2762 -ni-
500 2748 566 2763 corr.
581 2747 611 2763 ex
628 2747 681 2763 -ne-
700 2738 731 2763 R.

494 2806 518 2837 1)
545 2805 572 2831 V.
591 2813 674 2838 supra
689 2813 717 2838 p.
733 2809 781 2831 172
799 2809 893 2832 annot.
905 2809 928 2832 3.

1306 2695 1331 2729 d)
1350 2697 1443 2722 excidit
1461 2697 1528 2730 forle
1548 2697 1743 2722 retributionem
1762 2699 1807 2721 aut
1824 2695 1905 2719 simile
1923 2694 1985 2726 quid
2002 2693 2034 2718 R.

2057 751 2082 770 10

2056 1007 2080 1026 15

2056 1255 2082 1275 20

2057 1512 2081 1532 25

2057 1772 2082 1791 30

2056 2030 2080 2050 35

2054 2285 2081 2304 40

2053 2811 2080 2830 50
