2189 3042
672 166 849 193 IOHANNIS
868 167 941 193 VIII.
961 167 1079 193 PAPAE
1104 167 1301 194 EPISTOLAE
1325 168 1383 195 228.
1402 169 1461 195 229.
1831 174 1892 204 203

246 252 416 294 quislibeta
432 253 655 294 episcoporum
679 253 839 294 aliquemb
855 253 974 284 ibidem
999 254 1145 285 ordinare
1166 258 1339 295 presumat,
1365 258 1538 296 antequam
1562 256 1654 287 nobis
1677 256 1773 299 [per]¹²
1790 259 1896 289 omnia

246 304 343 334 fuerit
365 305 589 344 renuntiatum,
614 305 784 345 quoniamd
799 305 870 336 Deo
895 305 1022 336 favente
1046 316 1103 336 nos
1126 305 1168 336 ibi
1193 306 1366 337 secundum
1391 317 1514 338 morem
1538 308 1703 348 pristinum
1728 312 1760 340 et
1783 320 1895 341 secun-

247 355 322 385 dum
346 356 467 396 regiam
485 357 722 386 concessionem
739 357 884 387 volumus
901 356 1176 398 archiepiscopum
1193 368 1390 389 consecrare.
1426 358 1509 390 Nam
1534 360 1560 389 si
1583 359 1676 390 aliter
1692 370 1895 401 presumpse-

245 406 323 445 ritis,
342 406 557 436 ecclesiastica
574 417 631 437 vos
648 408 868 438 communione
886 408 1081 448 privabimus
1103 412 1145 449 et,
1163 409 1216 449 qui
1237 412 1347 440 eontra
1368 409 1447 440 hoce
1464 410 1623 441 nostrumf
1639 414 1791 442 statutum
1809 412 1895 443 fece-

213 468 222 485 5
245 456 338 496 rintss‚
355 457 531 497 apostolico
548 458 664 488 iudicio
682 462 774 489 erunt
790 460 917 489 omnino
935 461 1081 500 correpti.
1119 459 1201 491 Sane
1219 462 1494 492 reverentissimos
1511 461 1624 492 fratres
1641 465 1673 493 et
1689 464 1896 504 coepiscopos

244 510 369 538 nostros
382 508 580 538 Iohannemh
593 509 794 540 Ticinensem
805 510 814 528 1
831 513 863 540 et
878 509 1061 541 Deltonenii
1076 511 1332 542 Ariminensem²
1349 512 1423 543 illuc
1440 514 1508 543 vice
1525 516 1634 544 nostra
1650 513 1824 554 dirigimus,
1842 515 1894 555 qui

244 558 409 589 vobiscum
432 559 553 599 pariter
569 559 725 590 eandemk
742 560 932 590 electionem
954 561 1082 600 faciant,
1106 562 1146 591 sil
1163 562 1319 602 quidemffl
1337 564 1456 594 iustum
1480 564 1549 595 fore
1574 565 1768 596 decernitisl.
1808 566 1896 602 Quos

242 619 337 640 nemo
354 613 494 640 vestrum
511 610 667 651 impedire
686 611 718 640 in
734 611 841 650 aliquo
858 614 1050 651 presumat&
1069 613 1217 652 quoniam
1225 618 1247 653 Ο,
1266 614 1408 654 quisquis
1428 614 1488 645 hoc
1509 615 1723 655 superbiendo
1744 618 1895 648 resistens

244 670 341 701 agere
365 662 599 702 temptaveritv‚
625 661 878 692 Christianorum
902 662 1038 703 collegio
1063 666 1229 703 separatus
1254 665 1341 694 eritq.

199 721 224 741 10
345 718 439 741 DATA
457 718 503 742 UT
521 718 638 742 SUPRA.

1034 804 1106 833 229.

350 853 507 884 Iohannes
520 853 612 884 VIII.
624 863 713 892 papa
728 853 913 885 Theoderico
928 854 1068 891 Teatmo,
1087 854 1254 885 leodz‘cio
1270 854 1437 892 Firmano,
1458 856 1596 887 Iohanni
1608 858 1803 896 Aprzctieizsi,
1822 859 1895 890 Hel-

245 900 347 932 moi‘no
370 900 529 931 Penneizsi
551 901 702 940 episcopis
721 901 885 939 praecipit,
909 912 947 932 ize
970 901 1214 938 Tlaeoderonam,
1238 902 1381 932 relictam
1408 903 1549 942 Tresiyii,
1574 904 1708 935 velamen
1729 906 1760 936 vi
1783 907 1895 945 as'sim's

244 948 313 978 eius
335 950 492 986 acceptam
515 948 647 978 retinere
670 950 788 987 ooyant,
812 948 866 979 sed
888 959 1017 979 ccmsam
1040 948 1222 987 diligsentias
1245 949 1425 987 diffiniant.
1577 952 1639 980 879
1662 951 1739 983 Nov.
1756 954 1808 984 20.

360 1002 434 1028 Coela
463 1002 489 1028 R
507 1004 527 1036 f.
543 1006 573 1028 91
591 1010 617 1028 n.
631 1005 687 1029 230.

197 1056 220 1074 15
343 1045 430 1071 Edd.:
459 1045 552 1070 Editio
567 1045 692 1071 Romana
704 1045 791 1079 (1591)
806 1045 864 1077 ΙΙΙ,
878 1049 925 1072 456
943 1054 969 1072 n.
980 1049 1035 1072 226.
1064 1046 1159 1071 Mansa
1180 1045 1255 1071 Cone.
1272 1046 1329 1071 coll.
1349 1046 1446 1079 XVII,
1459 1049 1507 1072 168
1525 1055 1552 1073 iz.
1564 1050 1620 1073 226.
1654 1048 1748 1082 Miyne
1761 1050 1835 1076 Patr.
1848 1052 1893 1078 lot.

244 1084 378 1116 CXXVI,
397 1087 445 1110 891
464 1092 491 1109 n.
505 1087 560 1110 27-2.
579 1098 612 1102 --
631 1084 709 1115 Jaffe'
728 1084 793 1118 Ray.
807 1088 871 1111 3310
889 1084 982 1117 (2519).
1019 1084 1093 1110 Kehr
1112 1084 1197 1110 Italia
1212 1084 1355 1117 pontificia
1375 1085 1430 1118 IV,
1449 1088 1495 1111 312
1513 1093 1539 1110 rn.
1559 1090 1581 1112 5.

316 1162 535 1187 THEODERICO
555 1162 748 1187 THEATINO³
768 1163 955 1187 THEODICIO
978 1162 1149 1188 FIRMANO*
1168 1163 1313 1187 IOHANNI
1337 1163 1560 1188 APRUTIENSI⁵
1581 1165 1624 1188 ΕΤ
1643 1165 1822 1191 HELMOINO

886 1201 1059 1226 ΡΙΝΝΕΝΞΙθ
1079 1202 1257 1226 EPISCOPIS.
1859 1203 1861 1205 ’

348 1227 398 1257 De
422 1226 452 1257 vi
476 1226 610 1257 velataa.

197 1288 221 1307 20
349 1278 495 1319 Quedam
511 1281 688 1309 vestrarum
705 1278 895 1309 dioceseonb
912 1278 1031 1309 femina
1052 1279 1179 1309 nomine
1196 1278 1421 1319 Theoderona‚
1442 1279 1555 1310 relicta
1572 1280 1732 1321 quondam
1749 1281 1893 1323 Tresigii,

241 1330 351 1362 sedem
382 1330 591 1370 apostolicam
623 1333 829 1371 nostrumque
859 1331 952 1361 simul
982 1330 1179 1371 pontificium
1206 1331 1318 1362 adiens
1354 1334 1466 1372 questa
1497 1335 1546 1362 est
1576 1331 1681 1371 nobis,
1713 1333 1798 1373 quod
1828 1336 1894 1365 viro

241 1392 298 1413 suo
323 1381 472 1413 defuncto
497 1381 644 1412 velamen
673 1382 733 1413 sibi
762 1383 844 1413 sacri
867 1382 995 1413 habitus
1026 1382 1065 1413 ab
1096 1382 1238 1414 eiusdem
1263 1383 1321 1413 viri
1351 1384 1398 1413 sui
1429 1382 1534 1414 fratris
1559 1383 1728 1415 dumtaxat
1751 1387 1895 1426 germani

240 1434 286 1473 vi,
320 1444 383 1464 non
417 1433 538 1464 seilicet
571 1432 741 1464 dilectione
772 1433 834 1473 vite
870 1434 1034 1474 spiritaliS‚
1069 1433 1125 1465 sed
1160 1433 1334 1475 ambitione
1368 1434 1553 1475 prediorum
1587 1434 1687 1475 ducti,
1722 1436 1893 1476 inpositum

241 1485 337 1516 fuerit
365 1487 397 1516 et
425 1486 494 1526 ipsa
524 1484 693 1525 plurimum
721 1485 861 1516 renitens
890 1488 1000 1516 contra
1032 1476 1194 1526 propriam
1226 1486 1430 1526 sponsionem
1460 1485 1744 1526 pollicitationeme
1769 1490 1893 1529 expeti-

196 1550 220 1568 25
240 1537 361 1568 tionem
395 1536 587 1567 electionem
622 1537 819 1577 propositum
855 1539 965 1567 votum
999 1539 1095 1578 atque
1130 1539 1341 1577 spontaneum
1376 1537 1530 1568 iudicium
1568 1538 1634 1568 sine
1670 1538 1893 1571 benedictione

239 1587 414 1619 sacerdotis
437 1587 522 1618 idem
546 1588 694 1618 velamen
718 1588 903 1628 susceperit.
942 1588 1039 1619 Cuius
1062 1588 1315 1628 professionemd
1332 1599 1442 1619 coram
1467 1589 1665 1630 coepiscopis
1690 1592 1721 1620 et
1744 1590 1894 1621 fratribus

239 1639 354 1670 nostris
377 1638 577 1670 conferentes
601 1639 819 1680 inquisivimus
843 1640 940 1670 etiam
963 1639 1095 1670 idoneos
1116 1640 1199 1670 viros
1221 1639 1433 1680 Opteramum
1457 1639 1655 1671 Scattoinuin
1679 1640 1893 1673 Erfemarium

242 1690 422 1722 Amedeum
457 1693 489 1721 et
517 1691 711 1730 Acerisium‚
747 1691 866 1722 vicinos
897 1691 1018 1722 scilicet
1049 1691 1147 1732 ipsius
1178 1692 1313 1731 femine,
1351 1693 1405 1733 qui
1440 1702 1514 1723 casu
1550 1695 1715 1733 presentes
1749 1693 1892 1733 aderant,

238 1745 344 1773 utrum
372 1753 405 1773 se
434 1743 478 1772 ita
506 1752 557 1773 res
585 1742 720 1773 haberet
743 1753 783 1773 an
806 1753 884 1779 non;
916 1742 973 1773 sed
997 1742 1041 1773 illi
1071 1753 1133 1774 non
1157 1743 1260 1774 solum
1291 1744 1335 1774 ita
1359 1744 1456 1775 fuisse
1481 1744 1642 1775 testificati
1666 1748 1751 1784 sunt,
1784 1756 1893 1776 verum

195 1806 220 1824 30
239 1795 336 1825 etiam
361 1794 464 1835 parati
488 1794 679 1825 existerentss
702 1804 829 1825 omnem
853 1804 949 1835 super
971 1794 1031 1825 hac
1059 1793 1170 1825 causaf
1192 1794 1442 1825 satisfactionem
1466 1796 1662 1835 premittere.
1708 1796 1775 1827 Nos
1798 1797 1894 1838 igitur

238 1845 395 1877 habentes
426 1845 564 1876 eundem
595 1856 690 1886 quem
722 1848 753 1876 et
782 1849 890 1886 patres
920 1846 1019 1877 nostri
1048 1847 1193 1886 spiritum
1223 1845 1297 1877 fidei
1329 1848 1360 1876 et
1392 1856 1449 1886 per
1477 1847 1614 1887 gratiam
1644 1846 1761 1878 Christi
1790 1848 1892 1879 zelum

238 1897 367 1938 iustitie,
392 1896 507 1928 eadem
531 1907 627 1938 super
646 1896 789 1938 legitime
807 1898 919 1928 velatis
936 1908 996 1939 que
1022 1900 1055 1928 et
1077 1897 1123 1928 illi
1147 1898 1319 1928 sentimus⁷
1338 1897 1516 1938 eademque
1541 1899 1668 1929 omnino
1692 1898 1893 1930 decernimus

240 1952 282 1989 et,
300 1948 405 1990 quodg
421 1959 484 1979 non
500 1949 629 1989 propria
644 1948 809 1980 voluntate
833 1959 895 1979 non
917 1949 1049 1979 arbitrio
1072 1959 1135 1979 non
1150 1952 1224 1979 voto
1249 1959 1312 1980 non
1336 1950 1483 1990 expetitu
1499 1950 1550 1981 vel
1567 1953 1742 1991 spontaneo
1764 1951 1890 1991 iudicio,

240 2000 315 2041 quin
331 2000 437 2040 potius
460 2002 571 2030 coacte
588 2000 775 2039 admittitur,
800 1999 989 2030 cassandum
1014 2010 1084 2032 esse
1101 2000 1272 2037 sancinius3
1297 2001 1448 2042 precipue
1474 2011 1544 2032 cum
1561 2001 1620 2041 hec
1642 2002 1755 2033 eadem
1773 2002 1892 2034 femina

195 2062 220 2081 35
239 2051 364 2082 nonnisi
391 2051 483 2082 minis
510 2051 680 2092 perterrita
708 2051 778 2091 plus
806 2051 908 2082 minus
932 2051 1044 2082 diebus
1069 2051 1251 2092 quindecim
1278 2052 1366 2082 idem
1391 2052 1537 2083 velamen
1561 2056 1689 2093 gestare
1718 2064 1751 2085 se
1776 2054 1893 2085 dixerit

343 2137 366 2169 a)
386 2138 512 2170 quoslibet
531 2137 561 2162 R.
637 2136 661 2168 b)
681 2138 794 2169 aliquam
813 2137 844 2162 R.
921 2137 943 2169 0)
963 2147 1010 2163 om.
1029 2137 1062 2162 R.
1134 2136 1158 2169 d)
1178 2147 1245 2170 quur
1265 2138 1296 2164 R.
1369 2138 1391 2170 e)
1410 2147 1457 2163 -oo
1475 2139 1503 2163 in
1523 2148 1576 2163 ras.
1590 2140 1625 2164 al.
1638 2149 1705 2164 man.
1726 2140 1758 2164 R.
1828 2139 1847 2172 f)
1866 2142 1892 2165 ἰιι

239 2189 291 2206 ras.
306 2181 341 2206 al.
354 2189 423 2205 man.
442 2180 474 2204 R.
554 2180 578 2211 8)
597 2189 663 2205 corr.
677 2189 706 2205 eac
725 2181 835 2206 feceritis
854 2181 888 2205 al.
902 2189 970 2205 man.
991 2181 1024 2206 R,
1103 2180 1128 2211 h)
1148 2180 1218 2206 loliis
1238 2181 1270 2206 R.
1352 2181 1369 2213 i)
1389 2182 1542 2207 Uueltouem
1561 2182 1592 2207 R.
1670 2181 1695 2213 k)
1714 2183 1847 2208 vobiscum
1860 2198 1891 2200 —

239 2224 345 2249 eandem
364 2224 391 2248 in
409 2232 461 2248 ras.
474 2223 505 2247 R.
589 2222 607 2254 ¹)
627 2224 775 2248 sententiam
794 2224 1003 2249 si—decernitis
1021 2224 1061 2248 hic
1081 2224 1244 2248 inserendam
1263 2233 1314 2249 esse
1334 2233 1472 2256 censemus,
1493 2225 1549 2250 licet
1569 2225 1595 2250 in
1608 2225 1640 2256 R,
1658 2226 1702 2250 uhi
1720 2231 1847 2251 cumea-ms
1866 2227 1891 2251 271

239 2267 286 2291 hoc
300 2267 354 2291 loco
368 2267 471 2298 perlitas
489 2271 625 2298 corruptus
643 2271 679 2291 est
696 2265 741 2298 (cs.
755 2271 842 2292 amzot.
856 2267 894 2298 η),
913 2267 1017 2291 nonnisi
1031 2271 1090 2299 post
1109 2271 1241 2299 presumat
1255 2267 1283 2298 (l.
1297 2266 1325 2298 8)
1345 2272 1475 2299 sequatur.
1547 2269 1578 2299 ²¹¹)
1598 2269 1656 2299 quis
1675 2269 1707 2293 R.
1777 2269 1802 2300 n)
1821 2270 1891 2300 Quos

197 2317 223 2335 4ο
241 2310 320 2340 (corr.
331 2318 361 2334 ea:
374 2309 480 2341 quibus)
492 2318 566 2334 nemo
579 2313 692 2334 vestrum
706 2310 825 2342 impedire
838 2311 864 2334 iu
877 2310 962 2341 aliquo
976 2314 1108 2342 presumat
1120 2311 1141 2334 si
1158 2311 1216 2342 quis
1229 2311 1323 2335 iustum
1339 2312 1392 2335 fore
1405 2311 1541 2335 decernitis
1554 2311 1625 2336 velut
1643 2312 1715 2336 nobis
1734 2312 1759 2336 iu
1773 2313 1890 2337 omuibus

239 2353 341 2377 obedire
360 2356 477 2385 procuret
489 2352 526 2382 R;
544 2353 626 2377 eiectis
640 2353 680 2377 hic
697 2353 778 2377 verbis
797 2353 818 2377 si
829 2366 861 2369 —
873 2353 1007 2378 decernitis
1021 2354 1066 2385 (cf.
1082 2358 1169 2378 amzot.
1181 2354 1200 2385 l)
1214 2358 1350 2385 supersunt
1368 2354 1436 2378 duae
1454 2354 1592 2379 sententiae
1611 2355 1721 2379 eiusdem
1740 2355 1890 2387 argumenti,

239 2404 348 2427 quarum
366 2403 445 2419 unam
459 2396 638 2420 correctionem
652 2395 758 2420 alteriue
776 2395 803 2419 in
822 2396 938 2427 maraine
951 2396 1069 2420 additam
1082 2405 1134 2421 esse
1152 2405 1183 2421 ex
1202 2404 1229 2421 eo
1249 2397 1329 2421 conici
1343 2401 1434 2428 potest,
1453 2397 1521 2428 quod
1534 2397 1627 2428 quibus
1646 2397 1749 2428 inques
1767 2400 1890 2420 ‘titulatum

239 2442 281 2462 est.
300 2437 460 2469 Reqistrator
469 2446 520 2469 pro
533 2439 627 2469 quibus
641 2439 713 2463 velut
727 2437 1004 2471 nobis—procuret[is]
1020 2447 1117 2471 ponere
1130 2439 1208 2464 voluit
1220 2443 1469 2472 quos—presumat,
1483 2440 1591 2471 scriptor
1606 2440 1730 2471 inteyram
1743 2440 1890 2464 senientiam

234 2481 338 2512 penitus
351 2485 498 2512 corruptam
511 2481 651 2513 descripsit.
723 2481 746 2512 0)
760 2489 827 2512 quur
841 2481 872 2506 B.
943 2482 966 2512 Ρ)
984 2490 1059 2514 -gere
1078 2483 1242 2514 temptaverit
1259 2483 1287 2506 in
1305 2491 1357 2506 ras.
1373 2482 1403 2507 R.
1475 2482 1499 2513 q)
1520 2484 1553 2514 cf.
1567 2491 1592 2506 π.
1603 2484 1652 2506 228
1664 2491 1693 2513 p.
1706 2483 1757 2506 202
1769 2485 1855 2505 amzot.
1868 2482 1889 2512 f.

195 2529 221 2548 45
343 2522 402 2548 229.
430 2523 453 2555 ³)
473 2524 519 2548 Ῐιοο
533 2524 632 2554 lemma,
650 2524 718 2555 quod
736 2524 763 2548 in
781 2525 887 2556 reqietro
907 2525 932 2548 in
951 2525 1067 2556 maryine
1082 2525 1193 2556 positum
1212 2533 1263 2550 esse
1279 2525 1386 2556 videtur,
1405 2534 1421 2549 a
1440 2526 1562 2556 scriptore
1581 2525 1650 2557 falso
1669 2525 1723 2548 loco
1739 2529 1796 2555 post
1809 2524 1889 2548 Theo-

239 2566 335 2591 deroua
353 2565 382 2597 (l.
395 2565 437 2597 21)
457 2567 577 2591 insertum
599 2571 635 2591 est
656 2567 683 2591 in
702 2567 726 2591 R
745 2565 790 2600 (cf.
810 2576 835 2592 η.
850 2568 923 2598 195);
946 2568 1050 2599 priores
1073 2568 1195 2592 editiones
1214 2568 1306 2592 habent
1325 2568 1493 2593 Theoderoua
1513 2568 1542 2591 de
1562 2568 1688 2591 vivelata.
1794 2565 1818 2597 ¹²)
1837 2567 1889 2590 dio-

239 2617 337 2634 ceseam
351 2609 382 2633 R.
449 2610 472 2640 ⁰)
486 2610 668 2642 pollicitatione
682 2610 712 2635 R.
777 2609 800 2641 d)
815 2619 882 2635 corr.
893 2619 923 2635 ez
936 2611 1092 2642 professione
1105 2611 1141 2635 al.
1151 2619 1220 2635 man.
1231 2610 1262 2635 R.
1327 2610 1349 2641 ὃ)
1369 2610 1404 2635 sic
1416 2610 1448 2635 R.
1511 2609 1530 2641 f)
1544 2618 1648 2634 causam
1662 2609 1692 2634 R.
1755 2609 1779 2639 8)
1793 2616 1843 2640 que
1857 2608 1887 2633 If'.

344 2660 368 2691 1)
390 2659 430 2690 Cf.
443 2667 490 2685 rm.
504 2663 560 2692 144,
574 2663 629 2686 227.
700 2660 726 2693 2)
746 2660 832 2686 Hodie
849 2660 984 2692 ‘Rimim’,
1003 2660 1037 2692 cf.
1052 2669 1078 2686 n.
1092 2664 1130 2693 26,
1146 2669 1174 2693 p.
1188 2664 1220 2687 24
1239 2663 1331 2687 annot.
1346 2664 1369 2687 3.
1440 2660 1467 2691 3)
1487 2659 1577 2685 Hodie
1592 2657 1708 2691 ‘Cleietiss
1726 2667 1746 2684 c.
1763 2662 1887 2684 879—88.

238 2702 265 2733 4)
290 2701 379 2728 Hodie
401 2701 530 2728 ‘Fermo‘.
567 2702 693 2728 Eandem
718 2703 834 2729 nominis
860 2703 973 2736 episcopi
998 2705 1125 2737 formam,
1152 2703 1185 2729 ab
1207 2704 1328 2729 omnibus
1355 2703 1410 2736 sere
1436 2703 1569 2734 vitiatam,
1597 2701 1697 2727 eaelzibet
1721 2701 1888 2734 pricileyium

197 2751 221 2769 50
240 2744 339 2770 Karoli
355 2744 414 2770 III.
435 2753 459 2770 a.
473 2748 530 2776 884,
552 2744 726 2771 ΜᾱΙιῖὸαοῘιεν
744 2745 810 2779 Ray.
829 2745 889 2778 imp.
905 2747 915 2761 ²
927 2753 954 2772 n.
968 2749 1033 2771 1667
1045 2745 1139 2778 (1623).
1215 2746 1241 2778 5)
1260 2745 1348 2771 Hodie
1365 2744 1507 2776 ‘Teramo’,
1526 2752 1546 2770 c.
1561 2747 1683 2770 879-97,
1754 2744 1780 2775 6)
1801 2742 1888 2768 Hodie

239 2786 356 2819 ‘Penne⁷,
377 2794 398 2813 c.
412 2790 533 2813 872-79.
622 2788 648 2820 7)
670 2787 711 2819 Cf.
725 2788 831 2814 Nicolai
848 2788 872 2814 I.
892 2788 965 2821 epist.
984 2787 1020 2813 ad
1037 2788 1114 2821 episc.
1132 2788 1302 2820 Germaniae,
1321 2787 1394 2819 Jaffe'
1414 2787 1476 2821 Κεφ
1491 2789 1556 2812 2835
1573 2787 1668 2819 (2143).

1632 2829 1681 2855 263⁴:
