2189 3042
177 726 202 745 lo

175 983 199 1002 15

173 1501 197 1521 25

174 1758 199 1779 w

176 2015 201 2035 ³5

178 2273 203 2292 40

180 2650 205 2669 45

605 165 804 192 EPISTOLAE
825 165 873 191 AD
892 165 957 192 RES
977 165 1207 192 ORIENTALES
1226 164 1455 192 SPECTANTES
1473 165 1498 192 2.
1514 181 1517 183 -
1815 167 1876 197 379

231 253 344 294 θρόνῳ
368 253 555 293 καθίδρυτο.
591 253 656 290 Διό,
681 253 727 287 ὡς
750 253 903 293 ἀνωτέρω
927 253 1075 293 ἔφθημεν
1098 254 1202 288 εἰπεῖν,
1226 253 1278 283 καὶ
1303 253 1494 293 χειροτονίας
1521 252 1617 283 ἐποίει
1646 252 1700 283 καὶ
1728 254 1877 283 τοσοῦτον

228 304 282 335 τὸν
306 305 434 345 βασιλέα
458 304 537 335 κατὰ
559 307 614 335 τοῦ
639 304 785 344 Ἰγνατίου
811 305 973 345 διήγειρεν,
998 305 1044 339 ὡς
1067 305 1119 336 καὶ
1143 304 1177 335 τὸ
1201 306 1258 345 ζῆν
1281 304 1376 335 αὐτὸν
1400 307 1511 339 κακῶς
1535 304 1778 344 ἀφαιρεθῆναιῑ.
1829 303 1876 336 Οὗ

228 357 282 387 καὶ
313 359 424 391 κακῶς
456 357 558 390 οὕτως
592 356 813 391 ἀποθανόντος
846 356 944 391 εὐθὺς
978 357 996 387 ὁ
1024 357 1147 391 Φώτιος
1177 357 1220 391 εἷς
1250 356 1303 387 τὸν
1336 357 1458 396 θρόνον
1489 356 1586 386 αὐτοῦ
1616 356 1763 387 ἐκάθισεν
1793 356 1877 396 ἔχων

227 407 303 448 μεθ’
328 409 442 439 ἑαυτοῦ
472 408 524 438 καὶ
555 407 608 438 τὸν
631 408 892 448 Σανταβαρηνόν,
923 409 958 439 ὃν
990 408 1042 438 καὶ
1070 411 1114 448 τῷ
1143 407 1263 446 βασιλεῖ
1290 408 1417 447 σφόδρα
1450 408 1594 447 ᾠκείωσε
1621 408 1674 438 καὶ
1705 409 1877 439 ἐπίσκοπον

229 459 399 499 Εὐχαΐτων
422 459 577 500 ἕποίησεῖἳ,
601 459 797 499 μοναστήριά
827 472 857 490 τε
887 463 1046 499 περιφανῆ
1076 460 1108 489 ἒν
1137 461 1253 499 ἑτέραις
1281 460 1444 499 ἐπαρχίαις
1471 460 1651 499 διακείμενα
1681 459 1734 490 καὶ
1762 460 1878 499 ἑτέροις

229 511 414 546 ἐπισκόποις
436 512 628 551 ὑποκείμενα
652 511 686 547 ἒξ
709 511 838 542 ἐκείνων
860 511 919 551 μὲν
942 511 1094 551 ἀφείλετο,
1119 513 1162 551 τῷ
1179 511 1421 551 Σανταβαρηνῷ
1439 511 1473 541 δὲ
1497 511 1668 545 ἐπέδωκεν,
1692 511 1738 545 ὡς
1761 522 1876 550 προσε-

229 563 375 602 νωθῆναι
398 565 491 593 ταῦτα
515 565 551 603 τῇ
574 565 638 593 τῶν
653 562 822 603 Εὐχαΐτων
846 563 994 603 ἐκκλησίᾳ
1018 563 1071 593 καὶ
1094 563 1288 596 ἐπισκόπους
1311 563 1344 592 ἓν
1367 563 1472 596 αὐτοῖς
1494 562 1581 602 παρὰ
1598 565 1653 593 τοῦ
1669 562 1877 602 Σανταβαρη-

228 616 286 644 νοῦ
303 615 573 654 χειροτονηθῆναι.
602 613 704 648 Οὗτος
720 613 777 645 σὺν
793 617 836 654 τῷ
854 614 970 653 Φωτίῳ
987 614 1065 644 κατὰ
1083 617 1137 645 τοῦ
1155 617 1211 644 νῦν
1231 615 1324 654 ἡμῶν
1347 614 1566 653 βασιλεύοντος
1589 614 1876 654 πανευσεβεστάτου

229 665 368 700 Λέοντος
394 666 598 705 βουλεύονται
620 666 740 706 βουλὴν
763 665 937 705 πονηράν3,
968 666 1178 705 ὑποβαλόντες
1203 668 1270 696 κατ’
1297 666 1394 696 αὐτοῦ
1425 665 1477 695 τὸν
1500 666 1619 704 πατέρα
1644 665 1808 696 Βασίλειον
1832 665 1878 699 ὡς

231 717 402 757 ἐπιβούλου
426 718 478 748 καὶ
506 718 645 748 ἐναντίου
668 720 732 748 τῶν
754 720 918 757 πατρικῶν
940 717 1142 757 θελημάτων.
1188 717 1272 747 Ἐπεὶ
1297 717 1357 757 γὰρ
1381 717 1530 757 ἐνόσησεν
1553 717 1571 747 ὁ
1595 716 1759 751 Βασίλειος
1781 717 1878 748 νόσον

231 769 380 800 δυσίατον
403 769 455 799 καὶ
478 768 559 809 πρὸς
582 768 617 799 τὸ
633 770 742 800 θανεῖν
767 769 904 808 γέγονεν,
928 769 1097 808 ὑπέλαβον,
1120 769 1166 802 ὡς
1188 769 1309 799 ἐκείνου
1330 768 1508 802 §cadmus-³
1532 769 1583 798 καὶ
1607 772 1662 799 τοῦ
1686 769 1757 799 υἱοῦ
1781 769 1876 800 ἔκπο-

229 819 297 850 δὼν
330 821 502 860 γενομένου
532 820 619 851 αὐτοὶ
649 821 823 856 καθέξουσι
852 820 907 860 τὴν
936 821 1095 860 βασιλείαν
1124 822 1142 860 ἢ
1176 820 1214 850 δι’
1238 821 1360 851 ἑαυτῶν
1383 821 1401 859 ἢ
1427 820 1464 850 δι’
1483 820 1590 860 ἑτέρου
1615 821 1684 851 οἴου
1712 821 1878 861 βούλονται

228 872 408 911 προσώπου
432 872 545 912 ταύτην
569 873 820 911 οἰκονομοῦντες,
852 872 932 902 Ἀλλ’
950 872 1009 902 οὐκ
1034 873 1135 902 εἴασεν
1165 872 1208 905 εἰς
1234 872 1321 905 τέλος
1349 871 1480 911 ἐκβῆναι
1510 871 1565 911 τὴν
1592 873 1748 912 πονηρίαν
1772 873 1878 903 αὐτῶν

227 923 246 963 ἡ
272 927 327 954 τοῦ
349 924 429 954 θεοῦ
453 924 601 963 πρόνοια·
626 924 686 954 κᾶν
710 923 769 963 γὰρ
793 923 826 954 ἐν
849 923 987 957 ἰδιώταις
1012 923 1156 963 ἀπελύθη
1175 923 1225 954 διὰ
1248 926 1339 954 τοῦτο
1356 923 1373 953 ὁ
1390 923 1458 957 υἱὸς
1474 923 1570 954 Λέων
1584 923 1671 963 παρὰ
1688 926 1742 954 τοῦ
1759 923 1879 963 πατρὸς

229 974 396 1005 Βασιλείου
427 975 480 1005 καὶ
508 975 541 1005 ἓν
570 975 700 1015 φυλακῇ
726 974 765 1015 ἦν
788 975 1044 1015 φρουρούμενος,
1073 975 1138 1005 ἀλλ’
1162 976 1204 1009 εἰς
1230 974 1284 1005 τὸν
1312 974 1475 1014 βασιλικὸν
1498 975 1620 1014 θρόνον
1643 975 1769 1016 ἀνήχθη
1801 975 1878 1015 μετὰ

226 1025 280 1057 τὸν
310 1027 451 1057 θάνατον
482 1029 537 1057 τοῦ
572 1027 718 1066 πατρός4.
764 1025 865 1061 Οὗτος
901 1026 955 1057 τὸν
992 1027 1051 1066 μὲν
1083 1026 1207 1057 Φώτιον
1246 1026 1344 1060 εὐθὺς
1384 1026 1503 1061 ἐξωθεῖ
1540 1026 1586 1060 ὡς
1619 1027 1791 1066 παράνομα
1826 1027 1879 1058 καὶ

226 1077 354 1117 ἄθεσμα
393 1078 493 1109 πολλὰ
530 1078 796 1118 διαπραξάμενον,
832 1079 916 1119 ἡμᾶς
954 1078 989 1109 δὲ
1025 1078 1097 1112 τοὺς
1128 1077 1193 1118 μὴῦ
1226 1078 1441 1118 πειθομένους
1471 1078 1582 1117 ἔκείνῳ
1616 1078 1669 1108 καὶ
1704 1077 1754 1108 διὰ
1787 1081 1878 1109 τοῦτο

226 1131 339 1169 πεῖραν
363 1129 492 1160 πολλῶν
514 1130 668 1170 λαβόντας
691 1130 813 1165 δεινῶν,
838 1130 1028 1170 ἐλευθέρους
1051 1130 1181 1161 ἐκείνων
1206 1130 1377 1165 ἀπέδειξεν.

331 1181 418 1212 Ἐπεὶ
442 1181 477 1212 δὲ
499 1183 596 1221 ἴσμεν,
621 1182 666 1212 ὅτι
689 1182 724 1212 ἐκ
748 1184 803 1212 τοῦ
826 1182 1037 1212 ἀποστολικοῦ
1061 1182 1155 1221 ὑμῶν
1179 1181 1302 1221 θρόνου
1331 1181 1365 1212 τὸ
1389 1182 1556 1212 ἰθύνεσθαι
1578 1181 1631 1212 καὶ
1655 1181 1878 1217 κανονίζεσθαι

229 1233 356 1272 ἔχομεν,
390 1233 501 1264 τούτου
535 1233 626 1274 χάριν
659 1233 710 1264 διὰ
742 1236 798 1264 τοῦ
832 1233 974 1267 εὐτελοῦς
1006 1233 1100 1273 ἡμῶν
1136 1234 1323 1273 γράμματος
1353 1233 1408 1273 τὴν
1442 1233 1597 1273 ὑμετέραν
1630 1233 1880 1273 παρακαλοῦμεν

228 1284 459 1325 σεβασμιότητα
483 1285 536 1315 καὶ
559 1285 829 1325 σπλαγχνισθῆναι
847 1285 931 1324 ὑμᾶς
955 1285 1097 1324 δεόμεθα
1121 1285 1164 1319 εἰς
1188 1284 1265 1315 λαὸν
1288 1284 1341 1315 τὸν
1364 1285 1408 1325 μὴ
1427 1285 1526 1325 χωρὶς
1549 1284 1682 1324 εὐλόγου
1706 1285 1802 1318 αἰτίας
1824 1284 1880 1324 τὴν

227 1338 283 1366 τοῦ
312 1336 438 1367 Φωτίου
462 1337 655 1377 χειροτονίαν
679 1337 852 1376 δεξάμενον
877 1354 916 1359 —-
940 1337 994 1367 καὶ
1021 1337 1177 1376 πρότερον
1201 1336 1280 1376 μὲνο
1303 1339 1358 1367 τοῦ
1389 1337 1600 1368 ἀποστολικοῦ
1631 1336 1753 1376 θρόνου
1785 1337 1879 1376 ὑμῶν

228 1386 302 1421 τοὺς
326 1388 587 1428 ἀποκρισιαρίους
605 1388 819 1419 Ῥαδούαλδον
842 1388 895 1418 καὶ
917 1387 1080 1428 Ζαχαρίαν
1110 1388 1183 1422 τοὺς
1213 1388 1265 1418 τὸν
1292 1388 1417 1419 Φώτιον
1441 1388 1493 1418 ἀπ’
1518 1389 1620 1429 ἀρχῆς
1642 1388 1881 1428 καθιδρυκότας

227 1439 270 1473 εἰς
295 1439 348 1470 τὸν
371 1439 738 1474 Κωνσταντινουπόλεως
761 1439 891 1479 θρόνον,
915 1439 978 1470 εἶτα
1003 1439 1038 1470 δὲ
1067 1440 1120 1470 καὶ
1145 1439 1299 1479 Εὖγένιον
1328 1440 1380 1470 καὶ
1404 1439 1537 1471 Παῦλον
1566 1440 1639 1474 τοὺς
1669 1440 1702 1471 τὸ
1733 1440 1880 1480 δεύτερον

227 1493 272 1530 τῷ
296 1491 382 1531 αὐτῷ
409 1491 524 1530 Φωτίῳ
547 1491 804 1531 κοινωνήσαντας
827 1509 866 1513 -
887 1491 932 1530 μὴ
957 1494 993 1531 τῇ
1017 1493 1071 1521 τοῦ
1092 1490 1218 1522 Φωτίου
1244 1491 1385 1531 ἀπωλείᾳ
1410 1492 1645 1523 συναπολέσθαι
1667 1492 1751 1532 μηδὲ
1775 1493 1880 1532 ἕτερον

227 1542 449 1582 ἀναρίθμητον
477 1542 602 1582 πλῆθος
632 1542 858 1582 ἒκὸιωχθῆναι,
901 1541 1000 1573 Τοῦτο
1035 1541 1095 1582 γὰρ
1125 1542 1178 1572 καὶ
1216 1542 1354 1582 σύνηθες
1383 1546 1419 1583 τῇ
1450 1543 1600 1583 ἐκκλησίᾳ
1633 1544 1721 1574 ἐστίν.
1752 1543 1797 1574 Ἡ
1820 1543 1880 1583 γὰρ

227 1593 433 1634 οἶκουμενικὴ
462 1593 586 1634 τετάρτη
613 1594 769 1628 σύνοδος5
793 1593 846 1625 τὸν
868 1593 928 1633 μὲν
951 1594 1087 1634 ἔξαρχον
1113 1597 1167 1634 τῆς
1191 1594 1376 1634 δυσσεβείας
1392 1594 1570 1634 Διόσκορον
1593 1594 1646 1625 τὸν
1669 1595 1770 1634 φονέα
1796 1595 1880 1625 Φλα-

226 1645 339 1685 βιανοῦ
363 1647 418 1676 τοῦ
440 1646 603 1686 μακαρίου
627 1646 824 1686 πατριάρχου
837 1645 1228 1680 Κωνσταντινουπόλεωςῑἶ
1253 1646 1440 1686 καθῄρησεν
1463 1646 1510 1680 ὡς
1533 1647 1633 1686 φονέα
1650 1646 1703 1677 καὶ
1726 1647 1882 1686 αἱρετικὸν

227 1697 280 1727 καὶ
304 1697 538 1738 ἀκοινωνησίαν
560 1698 757 1738 τολμήσαντα
781 1697 949 1738 ἐπαγαγεῖν
972 1701 1017 1738 τῷ
1043 1698 1209 1738 ἁγιωτάτῳ
1232 1698 1324 1737 πάπᾳ
1349 1698 1469 1729 Λέοντι.
1509 1698 1588 1732 Τοὺς
1612 1698 1647 1729 δὲ
1670 1698 1733 1729 ὑπὸ
1750 1698 1882 1729 Διοσκό-

229 1760 288 1788 ρου
313 1749 371 1779 εἴτε
398 1750 678 1790 χειροτονηθέντας
705 1750 762 1780 εἴτε
784 1749 1010 1785 ὑποπεσόντας,
1034 1749 1111 1780 ἀλλὰ
1136 1750 1201 1790 μὴν
1224 1750 1277 1780 καὶ
1304 1750 1443 1784 διώκτας
1459 1753 1512 1790 τῆς
1528 1750 1687 1790 εὐσεβείας
1704 1750 1880 1790 γεγονότας,

230 1799 280 1831 διὰ
310 1802 477 1840 μετανοίας
506 1801 642 1837 ἐδέξατο.
684 1801 747 1832 Καὶ
777 1802 795 1842 ἡ
827 1801 859 1832 ἒν
881 1801 1002 1841 Νικαίᾳ
1032 1801 1066 1832 δὲ
1099 1801 1222 1841 ἑβδόμη
1256 1801 1414 1836 σύνοδος7
1444 1802 1516 1836 τοὺς
1547 1801 1711 1842 ἀρχηγοὺς
1738 1802 1798 1842 μὲν
1830 1805 1883 1842 τῆς

228 1852 474 1893 εἷκονομαχικῆς
508 1853 660 1893 αἱρέσεως
696 1853 886 1893 ἀπεκήρυξε,
922 1852 995 1887 τοὺς
1027 1853 1062 1883 δὲ
1094 1853 1298 1887 ἀκολούθους
1329 1854 1436 1883 αὐτῶν
1466 1853 1516 1884 διὰ
1547 1854 1714 1893 μετανοίας
1745 1853 1882 1889 ἐδέξατο.

222 1902 324 1934 Ὄθεν
346 1903 406 1944 χρὴ
430 1904 483 1935 καὶ
513 1904 567 1945 τὴν
596 1905 655 1944 σὴν
684 1905 716 1936 ἒν
745 1904 862 1945 ἀρετῇά
886 1904 1056 1945 τελειότητα
1084 1904 1138 1935 τὸν
1166 1904 1225 1944 μὲν
1257 1904 1382 1935 Φώτιον
1409 1905 1456 1939 ὡς
1484 1905 1518 1940 ἐξ
1548 1905 1649 1945 ἀρχῆς
1679 1905 1884 1945 σχισματικὸν

228 1954 281 1985 καὶ
304 1955 380 1995 παρ’
400 1956 523 1995 ὁμοίων
546 1956 601 1996 τὴν
626 1957 819 1996 χειροτονίαν
842 1957 1057 1990 ἀκανονίστως
1083 1956 1231 1996 εἰληφότα
1263 1956 1316 1986 καὶ
1349 1956 1399 1987 διὰ
1429 1956 1529 1987 πολλὰ
1554 1957 1631 1987 ἄλλα
1655 1957 1694 1987 (²1¹⁸
1718 1957 1883 1997 εἰργάσατο

231 2006 327 2046 ὅμοια
356 2006 544 2043 ἀποδιῶξαι,
570 2008 643 2041 τούς
672 2019 706 2047 γε
729 2008 793 2048 μὴν
817 2008 850 2043 ἐξ
879 2007 976 2038 αὐτοῦ
1006 2007 1052 2041 ὡς
1075 2007 1108 2043 ἕξ
1133 2007 1254 2047 ἀπάτης
1277 2007 1544 2047 φενακισθένταςῖ
1567 2009 1769 2048 συμπαθείας
1796 2009 1882 2040 οἷκο-

229 2060 373 2097 νομικῶς
396 2058 636 2099 ἀξιωθήσεσθαι
658 2059 885 2099 πρεσβεύομεν,
909 2059 956 2093 ὡς
978 2060 1017 2089 ἂν
1042 2059 1166 2099 γένηται
1189 2060 1331 2100 εἰρηναῖα
1356 2060 1542 2094 κατάστασις
1565 2063 1601 2101 τῇ
1625 2060 1882 2092 Κωνσταντινου-

229 2109 368 2140 πολιτῶν
389 2109 548 2150 ἐκκλησίᾳ,
564 2111 613 2140 ἵνα
627 2110 671 2150 μὴ
691 2111 721 2141 οἱ
734 2110 793 2150 μὲν
804 2110 959 2145 Ἀπολλῶ,
982 2111 1012 2141 οἱ
1028 2111 1063 2141 δὲ
1080 2110 1190 2151 Κηφᾶ,
1214 2112 1243 2142 οἱ
1260 2111 1295 2142 δὲ
1312 2110 1447 2143 Παύλου
1464 2110 1533 2147 ὦσι,
1549 2112 1602 2143 καὶ
1619 2112 1703 2143 οὕτω
1721 2112 1879 2153 διαιρεῖται

229 2160 263 2191 τὸ
296 2161 330 2191 ἓν
359 2163 453 2201 σῶμα
482 2165 535 2202 τῆς
567 2162 742 2202 ἐκκλησίας,
776 2162 840 2192 ἀλλ’
866 2163 915 2192 ἵνα
944 2162 1056 2196 πάντες
1089 2162 1308 2203 ὁμοθυμαδὸν
1337 2163 1384 2197 ὡς
1411 2163 1487 2203 μίαν
1515 2163 1639 2204 ἔχοντες
1665 2164 1808 2204 κεφαλὴν
1831 2164 1884 2195 τὸν

229 2212 380 2243 πάντωνὲ
410 2211 549 2252 Χριστὸν
582 2213 661 2244 θεὸν
694 2213 748 2244 τὸν
781 2217 909 2254 σωτῆρα
943 2215 1038 2254 ἡμῶν
1075 2217 1167 2255 κοινῇ
1199 2214 1301 2255 τούτῳ
1335 2214 1389 2246 τὸν
1419 2216 1521 2255 ὕμνον
1552 2216 1732 2256 πέμπωμεν
1763 2216 1816 2246 καὶ
1847 2215 1883 2246 τὰ

231 2264 460 2304 προστάγματα
484 2265 580 2296 αὐτοῦ
604 2265 726 2304 ὁμοίως
749 2265 964 2306 κηρύττωμεν,
986 2266 1030 2306 μὴ
1049 2266 1088 2296 δι’
1108 2266 1162 2296 ἕνα
1180 2266 1359 2306 ἄνθρωπον
1382 2267 1562 2307 ἁμαρτόντα
1586 2270 1736 2299 τοσοῦτον
1758 2268 1884 2308 πλῆθος

335 2418 359 2450 ³)
379 2420 414 2444 sic
433 2420 516 2450 codd„
535 2419 660 2447 θανόντος
679 2421 726 2446 Vat
745 2421 771 2446 in
789 2430 870 2453 mar-9.
884 2426 907 2446 et
925 2421 1018 2452 Labbe,
1038 2421 1105 2453 forte
1124 2426 1198 2447 recte.
1269 2421 1293 2453 b)
1313 2431 1361 2448 om.
1375 2423 1458 2453 codd„
1477 2423 1540 2448 add.
1553 2423 1648 2449 Labbe.
1718 2427 1740 2454 ο)
1760 2423 1883 2449 ἀποστεί-

230 2461 322 2489 λαντος
341 2463 380 2487 vel
398 2463 478 2487 eimile
497 2463 558 2495 quid
575 2463 696 2489 excidisse
713 2464 819 2489 videtur.
896 2462 920 2495 d)
939 2462 1063 2497 ἐνάρητον
1083 2463 1131 2489 Van
1148 2465 1176 2489 in
1193 2473 1274 2497 mar-9.
1358 2465 1381 2497 Β)
1401 2474 1448 2490 om.
1463 2465 1527 2497 Bav,
1545 2465 1593 2496 ott,
1612 2467 1674 2492 add.
1688 2467 1715 2492 in
1732 2475 1814 2500 ‘mar-9.
1828 2467 1882 2493 Vae.

231 2503 250 2536 r)
271 2503 491 2536 φαινακισθέντας
504 2506 541 2531 Μ.
629 2506 652 2538 Β)
670 2505 753 2531 πάντα
772 2507 836 2532 Βαυ.

338 2601 363 2632 1)
382 2600 424 2626 De
442 2600 493 2626 hac
510 2600 667 2627 naa-ratione
684 2600 759 2627 haud
779 2600 860 2627 dubie
881 2601 955 2634 falsa
973 2603 1008 2635 cf.
1023 2601 1223 2635 Herqenrdther
1240 2602 1257 2628 l.
1270 2602 1286 2629 ἰ.
1300 2601 1342 2634 ΙΙ,
1357 2606 1467 2635 280394.
1579 2604 1605 2635 2)
1629 2603 1670 2634 Cf.
1683 2603 1763 2636 (Ps.-)
1770 2602 1883 2637 Symeon

233 2642 279 2668 1.l.
418 2643 444 2675 3)
463 2642 640 2674 Insidiarum,
660 2651 728 2676 quas
745 2644 951 2671 Santabarenus
969 2644 1056 2670 Leoni
1072 2646 1209 2677 paravisse
1228 2644 1337 2676 dicitur,
1360 2645 1486 2672 Photium
1502 2646 1657 2678 participem
1674 2647 1759 2679 fuisse
1776 2646 1883 2672 minime

232 2685 372 2711 verisimile
389 2688 439 2716 est:
455 2686 534 2712 immo
553 2686 586 2712 ab
602 2695 631 2713 eo
649 2687 839 2719 imperatorem,
858 2695 891 2713 ne
907 2687 995 2719 filium
1013 2687 1096 2714 oculis
1111 2689 1242 2720 privaret,
1260 2688 1415 2721 impeditum
1432 2696 1484 2714 esse
1502 2691 1601 2714 narrat
1618 2688 1767 2721 Theophan.
1781 2690 1882 2715 comm.

232 2735 253 2754 e.
271 2732 327 2760 100,
354 2728 394 2755 ed.
415 2728 507 2756 Btmn.
526 2737 554 2762 p.
571 2732 626 2756 350.
662 2729 705 2756 De
731 2730 903 2763 inquisitione
929 2729 1112 2756 santabareni
1140 2738 1230 2757 emam
1255 2731 1350 2757 Photio
1377 2730 1494 2764 deposito
1520 2731 1613 2757 habita
1640 2732 1673 2763 cf.
1697 2731 1758 2758 ibid.
1778 2740 1806 2765 p.
1829 2735 1882 2759 355.

233 2771 259 2803 4)
280 2770 343 2803 Leo,
361 2771 408 2804 qui
425 2771 540 2805 Sapiens
558 2772 665 2803 dicitur,
685 2776 840 2800 886—911.
929 2773 955 2806 5)
977 2772 1132 2800 Chalcedon.
1147 2782 1170 2800 a.
1185 2778 1231 2801 451
1251 2774 1350 2800 habita.
1440 2774 1466 2805 6)
1484 2778 1635 2801 447—449.
1730 2775 1755 2807 7)
1776 2775 1810 2801 A.
1826 2778 1880 2802 787.

1627 2827 1675 2854 48.

1893 2121 1921 2141 cf.
1931 2124 1949 2143 1.
1955 2120 2006 2143 001¹.
2013 2122 2032 2145 ³,
2040 2122 2075 2142 ²2.
