2189 3042
112 615 142 636 10.
154 617 186 639 21,
198 617 228 635 17.

83 923 159 944 Matth.
173 927 191 948 5,
205 925 234 944 16.

51 1174 81 1195 cf.
93 1174 146 1196 Luc,
156 1177 189 1198 10,
199 1175 237 1198 2ος

84 1199 141 1221 Phil.
152 1203 173 1225 4,
183 1202 203 1221 3.

103 1491 177 1512 necle.
190 1494 208 1516 5,
219 1493 239 1511 4.

81 1542 111 1563 cf.
127 1541 178 1568 Sap.
190 1545 209 1567 1,
219 1545 238 1563 7.

244 166 305 197 253
672 156 850 185 IOHANNIS
868 156 943 183 VIII.
962 155 1081 182 PAPAE
1103 154 1302 182 EPISTOLAF.
1323 154 1383 181 295.
1401 154 1461 181 296.

244 264 560 292 EXCELLENTISSlMO
583 263 663 288 VIRO
686 261 886 286 BARNIMERO
909 260 1078 285 GLORIOSO
1103 259 1238 284 COM1T1¹
1263 259 1307 283 ET
1330 259 1479 283 DILECTO
1505 258 1597 283 FILIO
1621 258 1752 284 NOSTRO
1775 258 1891 290 ATQUE

243 309 394 335 OMNIBUS
418 306 604 332 RELIGIOSKS
626 304 883 329 SACERDOTIBUS
902 303 946 327 ET
965 302 1241 327 HONORABILIBUS
1260 302 1431 326 lUDICIBUS
1447 301 1652 333 CUNCTOQUE
1670 301 1805 327 POPULO
1824 302 1893 326 PAX

733 348 775 371 ET
794 347 925 371 GRATIA
942 346 966 370 A
985 346 1120 371 DOMINO
1139 345 1215 369 IESU
1234 345 1406 369 CHRISTOa.

351 401 472 432 Audita
496 410 553 441 per
569 398 785 430 Theodosium
809 397 1029 428 venerabilem
1054 395 1261 437 episeopum²
1285 399 1425 426 vestrum
1449 395 1512 426 fide
1536 398 1568 426 et
1592 394 1773 434 devotione,
1797 405 1893 436 quam

244 454 328 484 circa
351 451 482 484 sedemb
506 451 593 482 beati
615 449 704 481 Petri
728 449 867 490 apostoli
892 452 925 479 et
947 449 1047 479 nostri
1070 447 1223 489 pontificii
1246 457 1301 478 vos
1321 446 1443 478 habere
1465 447 1696 487 cognoscimus,
1720 447 1893 477 immensas

244 505 314 535 Deo
344 504 463 545 gratias
493 502 670 533 referentes
694 511 813 542 magno
837 499 956 542 gaudio
981 510 1089 530 sumus
1112 499 1241 539 repleti,
1271 499 1325 539 qui
1349 508 1405 529 vos
1428 508 1510 528 nunc
1534 497 1576 528 ad
1603 500 1726 528 tantam
1757 497 1894 538 gratiam

246 555 422 597 perducere
447 557 480 585 et
502 554 585 584 inter
609 563 684 584 oves
708 563 781 583 suas
805 561 1035 594 connumerare
1064 550 1214 592 dignatus
1243 552 1304 589 est,
1334 549 1510 581 secundum
1540 549 1627 590 quod
1649 549 1806 580 Dominus
1836 549 1897 589 ipsi

246 607 381 648 principi
409 605 627 646 apostolorum
657 604 816 635 commisit
844 603 965 634 dicens:
1001 601 1046 633 ‘Si
1069 602 1176 643 diligis
1199 611 1266 641 me,
1291 600 1401 632 Simon
1424 601 1537 641 Petre,
1566 610 1662 642 pasce
1686 610 1763 631 oves
1786 599 1898 631 meas.³

245 658 338 689 Unde
363 660 502 689 vestram
525 656 715 687 fidelitatem
740 658 772 686 et
795 654 1100 686 Christianissimam
1125 653 1329 684 devotionem
1353 652 1402 683 his
1425 653 1540 683 nostris
1568 651 1751 693 apostolicis
1782 651 1897 682 litteris

245 719 467 741 ammonemus
491 711 523 739 et
546 708 764 746 exhortamur,
788 710 832 747 ut,
857 707 938 736 sicut
962 705 1068 736 divina
1092 705 1300 746 inspiratione
1324 714 1421 745 agere
1446 704 1588 745 cepistis,
1611 713 1713 745 usque
1737 702 1779 734 ad
1801 703 1897 734 finem

245 761 400 803 perficere
425 764 456 791 et
480 759 650 790 observare
674 769 736 789 non
761 758 1013 799 pretermittatis,
1039 759 1214 798 quatenusc
1231 755 1289 787 sub
1307 756 1359 787 ala
1375 759 1408 786 et
1423 755 1579 797 regimine
1596 758 1693 796 atque
1711 755 1897 786 defensione

246 813 334 844 beati
357 812 448 843 Petri
471 811 609 852 apostoli
638 814 670 842 ct
700 814 809 841 nostra
839 812 906 841 toto
936 810 1103 841 conamine
1131 819 1188 839 vos
1219 807 1357 839 subdere
1385 810 1482 848 atque
1510 808 1542 838 iu
1570 808 1638 838 eius
1666 807 1794 838 servitio
1824 816 1897 847 per-

247 874 396 896 severare
421 864 511 904 quasi
536 862 644 893 dilecti
660 862 716 893 filii
733 862 938 902 procurastis,
963 861 1105 902 apertius
1122 860 1182 891 hoc
1200 859 1376 890 ostendatis
1394 862 1490 900 atque
1507 859 1668 900 impleatis,
1691 861 1727 889 ut
1741 857 1899 889 Dominus

249 918 281 947 in
297 916 465 957 evangelio
483 915 575 946 dicit:
600 913 664 945 ‘Sic
681 913 789 944 luceat
809 913 886 944 luxd
902 916 1009 944 vestra
1025 922 1133 943 coram
1149 911 1342 951 hominibus,
1362 914 1397 941 ut
1414 910 1544 941 videant
1559 910 1645 941 bona
1661 914 1777 951 operae
1793 912 1899 940 vestra

248 971 281 999 et
307 968 503 1009 glorificente
531 969 656 1007 patrem
685 968 844 1006 vestrum,
878 965 933 1006 qui
964 965 997 995 in
1025 964 1101 1005 celis
1129 963 1202 1004 est³,
1235 966 1268 995 et
1294 967 1329 994 ut
1356 964 1400 993 ita
1427 962 1488 993 hoc
1515 972 1574 1003 per
1603 961 1714 993 orbem
1741 964 1898 992 terrarum

248 1022 352 1059 vestre
370 1018 548 1060 sponsionis
565 1017 759 1057 diffametur,
777 1020 812 1047 ut
828 1016 1004 1047 auxiliante
1016 1015 1155 1047 Domino
1173 1018 1206 1046 et
1221 1018 1403 1046 sanctorum
1420 1013 1638 1055 apostolorum
1651 1012 1900 1054 suffragantibus

248 1071 370 1102 meritis
395 1081 442 1110 ea,
467 1069 544 1111 quef
566 1069 660 1100 saluti
685 1071 717 1099 et
739 1068 871 1099 utilitati
895 1068 1037 1098 omnium
1061 1070 1201 1098 vestrum
1219 1066 1361 1108 proficua
1377 1069 1459 1105 sunt,
1482 1066 1660 1107 possimus&
1682 1064 1724 1095 ad
1744 1065 1900 1095 honorem

250 1126 283 1154 et
299 1122 529 1153 exaltationem
551 1124 658 1160 sancte
681 1120 765 1152 sedis
789 1120 965 1160 apostolice
982 1120 1203 1150 incunctanter
1218 1118 1383 1159 perficere,
1408 1118 1488 1148 sicut
1507 1117 1635 1148 nomine
1652 1119 1758 1148 vestro
1782 1115 1901 1156 scripta

253 1174 343 1205 nobis
372 1173 560 1212 mandastis,
588 1173 633 1203 ita
663 1173 694 1203 in
718 1171 799 1202 libro
829 1171 939 1212 celesti
967 1171 1085 1212 scripta
1108 1169 1348 1212 permaneanth.
1400 1169 1604 1210 Quapropter
1631 1167 1836 1207 mandamus,
1866 1168 1902 1196 ut

250 1228 436 1261 revertente.
459 1224 501 1255 ad
524 1235 580 1255 vos
604 1223 735 1255 dilectoi
760 1224 913 1264 episcopo
938 1226 1044 1254 vestro
1070 1222 1203 1253 idoneos
1233 1222 1358 1262 legatos
1381 1224 1504 1251 vestros
1527 1219 1752 1261 presentaliter
1779 1218 1821 1249 ad
1844 1228 1901 1248 nos

251 1277 389 1318 dirigere
414 1287 476 1307 non
500 1275 773 1317 pretermittatisk,
799 1275 852 1316 qui
875 1285 933 1315 pro
957 1276 1049 1315 parte
1074 1274 1214 1304 omnium
1238 1276 1380 1303 vestrum
1403 1283 1461 1303 nos
1485 1271 1532 1303 etl
1554 1270 1666 1302 sedem
1689 1269 1901 1312 apostolicam

252 1327 478 1360 certificentffl*
494 1327 534 1359 de
550 1327 599 1358 his
616 1338 678 1368 que
694 1326 881 1365 mandastis,
905 1329 941 1356 ut
965 1328 997 1356 et
1020 1336 1077 1356 nos
1099 1335 1171 1356 cum
1194 1325 1255 1355 illis
1278 1325 1409 1355 missum
1426 1326 1568 1354 nostrum
1586 1322 1761 1364 dirigamus
1777 1321 1818 1352 ad
1834 1331 1901 1358 VOS,

252 1380 368 1421 quibus
401 1379 574 1410 seeundum
598 1389 720 1409 morem
753 1381 804 1409 et¹¹
831 1377 1095 1409 consuetudinem
1127 1377 1261 1416 ecclesie
1290 1378 1396 1416 nostre
1424 1375 1590 1406 universus
1616 1373 1773 1415 populus⁰
1796 1374 1903 1403 vester

251 1431 442 1463 fidelitatem
467 1431 642 1472 promittat.
689 1430 820 1461 Interim
846 1439 1027 1470 monemus,
1058 1431 1093 1459 ut
1117 1431 1299 1460 constantes
1322 1427 1549 1468 permaneatis,
1574 1426 1725 1467 quoniam
1749 1424 1902 1465 scriptum

255 1486 316 1514 est:
347 1482 477 1514 ‘Melius
501 1486 550 1513 est
572 1484 681 1512 votum
705 1492 766 1512 non
791 1491 922 1520 vovere,
947 1491 1044 1521 quam
1072 1484 1144 1520 post
1167 1482 1276 1510 votum
1299 1478 1455 1520 promissa
1478 1488 1541 1508 non
1564 1476 1721 1518 implere.³
1766 1475 1902 1517 Spiritus

255 1534 394 1575 Domini,
420 1534 473 1575 qui
497 1534 608 1564 orbem
633 1536 717 1564 terre
741 1532 894 1573 replevit,
918 1532 1044 1572 repleat
1066 1534 1207 1562 vestrum
1232 1540 1286 1561 cor
1310 1530 1395 1560 omni
1419 1539 1499 1570 pace
1523 1531 1556 1560 et
1578 1528 1696 1570 gaudio
1720 1528 1752 1558 in
1774 1526 1900 1558 Christo

253 1585 338 1622 Iesu,
362 1585 501 1616 Domino
526 1587 642 1615 nostro.

1044 1703 1116 1733 296.

362 1765 521 1796 Iohannes
538 1763 631 1795 VIII.
642 1773 733 1802 papa
745 1763 941 1802 (Romanum
958 1761 1226 1800 archiepiscopmn
1240 1760 1454 1792 Ravennatem
1453 1761 1470 1799 )
1484 1769 1542 1798 pro
1561 1768 1660 1789 causa
1676 1758 1820 1790 ecclesiae
1835 1758 1904 1789 eius

254 1816 387 1848 Romam
409 1816 514 1847 venire
536 1815 628 1846 iubet.
1712 1809 1816 1850 (882.)

370 1875 444 1902 Cod.:
473 1875 500 1901 R
517 1876 611 1908 f.116¹
629 1883 656 1899 n.
671 1878 728 1900 298.

359 1927 444 1953 EM:
473 1926 567 1952 Editio
583 1926 707 1952 Romana
719 1925 804 1958 (1591)
818 1924 874 1957 III,
888 1928 939 1950 499
958 1932 984 1949 η.
997 1926 1052 1949 285.
1083 1923 1178 1948 Mansz'
1196 1922 1274 1949 Cone.
1288 1922 1341 1947 coll.
1358 1921 1458 1952 XVII,
1471 1924 1519 1946 210
1535 1928 1562 1946 n.
1573 1923 1628 1946 285.
1659 1919 1751 1952 Miyne
1770 1918 1846 1945 Patr.
1859 1918 1904 1944 lat.

257 1970 394 2002 CXXVI,
414 1973 464 1996 946
482 1978 508 1996 u.
523 1972 579 1995 351.
601 1984 630 1988 -
650 1968 726 2000 Jaffe'
745 1967 810 2001 Rey.
824 1970 886 1993 3361
907 1966 1001 2000 (2598).
1039 1965 1114 1991 Kehr
1133 1965 1216 1991 Italia
1230 1964 1371 1998 pontificia
1394 1963 1423 1996 V,
1437 1967 1471 1989 47
1486 1971 1513 1988 η.
1527 1967 1580 1989 141.

363 2042 473 2074 asicut
496 2042 588 2073 nobis
612 2052 669 2083 per
691 2041 815 2071 litteras
830 2040 921 2071 tuasb
938 2042 970 2071 et
986 2039 1179 2070 verbotenus
1195 2048 1253 2079 per
1268 2036 1449 2068 Deusdedit
1464 2036 1667 2077 religiosumc
1682 2034 1906 2076 presbyterum

257 2098 346 2126 tuum
369 2094 539 2134 mandasti,
563 2097 597 2124 ut
619 2093 717 2124 fidem
741 2095 774 2123 et
797 2091 1013 2129 devotionem,
1039 2089 1157 2131 quam‘l
1174 2089 1257 2120 circa
1277 2088 1388 2119 sedem
1409 2087 1638 2128 apostolicame
1654 2085 1775 2117 habere
1796 2086 1906 2127 debes,

257 2149 289 2177 te
313 2145 412 2177 velles
433 2148 502 2176 toto
526 2144 693 2176 conamine
717 2152 905 2174 conservare
929 2141 1151 2172 indiminutam
1168 2140 1293 2179 asseris,
1317 2142 1483 2180 gratanter
1504 2139 1710 2179 suscepimus.
1756 2137 1851 2169 Unde
1875 2140 1906 2169 te

258 2197 449 2228 omnimodis
465 2197 674 2227 admonemus
692 2198 725 2226 et
741 2195 789 2225 his
807 2193 992 2235 apostolicis
1008 2193 1123 2223 litteris
1139 2191 1356 2231 exhortamur,
1380 2193 1415 2221 ut
1430 2190 1518 2221 nulla
1533 2190 1734 2221 inimicorum
1750 2189 1908 2220 calliditas

362 2294 388 2328 *)
409 2293 448 2320 Β.
468 2294 498 2319 in
516 2302 599 2327 mary.
613 2293 676 2318 add.
690 2300 762 2318 man.
776 2291 931 2318 correctoris
952 2291 986 2317 R.

362 2371 421 2397 295.
449 2371 471 2403 ξι)
496 2372 557 2396 haec
584 2371 716 2403 inscriptio
743 2370 771 2395 in
797 2369 904 2394 eundem
928 2368 1032 2393 modum
1060 2376 1091 2393 ac
1120 2371 1248 2392 contextus
1274 2367 1394 2398 epistolae
1422 2367 1496 2399 ‘nigro
1524 2369 1667 2391 atramento
1693 2365 1790 2397 scripta
1814 2369 1850 2390 est
1875 2364 1908 2390 R.

263 2417 288 2449 b)
307 2426 373 2442 corr.
387 2425 417 2441 ex
435 2416 493 2442 sede
511 2417 546 2441 al.
560 2424 629 2440 man.
649 2415 681 2440 R.
770 2414 793 2445 θ)
812 2414 905 2439 excidit
923 2414 989 2438 sicut
1008 2417 1052 2437 aut
1069 2413 1150 2437 simile
1167 2412 1229 2444 quid
1246 2411 1277 2436 R.
1361 2409 1385 2442 d)
1405 2419 1480 2444 opera
1497 2410 1530 2436 R.
1615 2409 1638 2441 θ)
1658 2408 1863 2441 opera—glori-
1882 2408 1909 2432 ἰη

259 2469 312 2485 ras.
332 2460 364 2485 R.
473 2457 493 2490 f)
517 2467 583 2484 corr.
603 2466 634 2483 ex
656 2466 716 2489 eaq3
745 2458 779 2482 al.
798 2465 868 2482 man.
889 2456 920 2481 R.
1030 2456 1055 2487 g)
1079 2464 1145 2480 corr.
1164 2463 1194 2480 ew
1218 2462 1353 2487 possumus
1376 2453 1408 2478 R.
1438 2478 1439 2481 ,
1518 2452 1543 2484 h)
1566 2461 1632 2477 corr.
1651 2460 1682 2476 ex
1704 2454 1854 2483 permaneat
1875 2450 1907 2475 R.

258 2502 279 2535 i)
298 2504 382 2528 filecto
401 2502 433 2527 R.
508 2500 533 2533 ιζ)
552 2510 596 2526 -a-
616 2510 682 2526 corr.
696 2509 726 2526 ex·
744 2509 805 2525 -en-
824 2500 856 2524 R.
931 2498 949 2530 l)
970 2507 1037 2523 corr.
1050 2507 1080 2524 ex
1098 2507 1125 2523 es
1144 2497 1176 2523 R.
1251 2497 1283 2528 ¹¹²)
1303 2497 1446 2522 eorrificant
1463 2496 1495 2520 R.
1566 2495 1592 2526 ¹¹)
1611 2495 1644 2519 ad
1663 2494 1696 2519 R.
1766 2492 1790 2524 0)
1809 2501 1823 2518 o
1841 2502 1908 2518 corr.

262 2555 292 2572 ex
310 2555 328 2571 u
346 2545 378 2570 R.

364 2588 423 2613 ⁶296.
451 2587 474 2618 ⁸)
494 2588 609 2612 Romano
627 2587 818 2619 archiepiscopo
837 2585 995 2610 Ravennatis
1014 2592 1146 2616 suprascr.
1163 2592 1231 2608 man.
1250 2591 1336 2608 recens
1355 2591 1418 2607 saec.
1433 2580 1527 2606 XVII.
1546 2580 1583 2611 R,
1601 2580 1635 2611 cf.
1653 2579 1712 2604 NA.
1731 2578 1863 2611 XXXVI,
1879 2580 1909 2604 91

261 2637 348 2657 annot.
362 2634 385 2657 3.
479 2629 505 2662 b)
524 2631 575 2655 tuis
594 2629 625 2654 R.
718 2628 741 2661 e)
760 2638 826 2654 corr.
839 2637 869 2653 ex
887 2628 1022 2660 religiosus
1041 2628 1076 2652 al.
1090 2635 1159 2651 man.
1178 2626 1209 2651 R.
1302 2624 1327 2657 d)
1347 2634 1414 2650 corr.
1426 2633 1457 2650 ex
1475 2632 1527 2657 qua
1545 2624 1581 2648 al.
1593 2631 1663 2647 man.
1682 2621 1714 2646 R.
1806 2621 1828 2653 θ)
1848 2622 1865 2646 h
1882 2622 1910 2646 in

261 2676 333 2700 initio
353 2683 419 2699 eras.
439 2674 471 2699 R.
559 2671 578 2705 f)
598 2682 614 2697 v
633 2681 700 2698 corr.
713 2680 743 2697 ez
762 2672 777 2696 b
797 2672 828 2696 R.

366 2737 392 2771 1)
413 2736 616 2767 Chrobatorum,
635 2735 666 2761 de
684 2743 736 2768 quo
755 2734 790 2766 cf.
804 2742 830 2760 φτ..
846 2736 907 2765 190,
921 2741 949 2766 1).
964 2737 1008 2759 152
1027 2735 1120 2759 annot.
1134 2737 1154 2758 1.
1259 2732 1286 2763 2)
1306 2731 1465 2764 Nmzensem,
1488 2740 1512 2757 ιι.
1526 2733 1573 2757 879
1594 2738 1611 2755 α
1630 2736 1706 2762 papa
1723 2729 1909 2760 cmzsem‘atum,

262 2781 297 2814 cf.
317 2789 343 2807 π.
358 2784 414 2807 191.

1916 712 1941 731 10

1918 969 1941 988 15

1920 1225 1944 1244 20

1920 1483 1945 1502 25

1923 1875 1947 1893 :40

1926 2147 1950 2166 35

1926 2455 1952 2473 40

1928 2668 1952 2687 45
