2189 3042
203 842 227 860 10

203 1227 227 1245 15

200 1775 225 1794 25

201 2031 226 2050 30

203 2346 227 2364 35

202 2575 228 2594 40

204 2790 229 2808 45

675 171 853 198 IOHANNIS
874 171 946 198 VIII.
966 171 1083 198 PAPAE
1106 170 1304 198 EPISTOLAE
1327 171 1384 198 266.
1404 171 1462 198 267.
1832 175 1894 205 235

1033 268 1105 298 266.

353 326 513 358 Iohannes
531 326 626 358 VIII.
637 336 728 366 papa
742 326 940 357 Adelbertzcm
962 326 1172 358 marchionem
1188 326 1354 367 (Tusciae)
1371 326 1409 357 ab
1426 328 1744 359 exeommzmicatione
1765 328 1895 360 absolvit

246 381 275 409 et
297 378 443 409 similiter
465 378 602 409 homines
624 379 699 416 eim,
724 378 753 409 si
775 378 1019 409 emendationem
1042 388 1138 417 usque
1161 378 1204 409 ad
1226 378 1256 410 d.
1274 377 1324 409 15.
1342 378 1462 409 Martii
1483 378 1623 418 fecerint.
1734 381 1805 411 880.

362 446 439 473 Cod.:
468 446 495 472 R
513 448 532 480 f.
548 448 605 472 105¹
624 455 650 472 n.
663 450 719 472 263.

350 497 434 523 Edd.:
463 497 558 523 Editio
572 497 699 523 Romana
712 498 796 531 (1591)
812 497 866 530 ΙΙΙ,
879 500 930 523 480
942 505 968 523 n.
981 500 1035 523 253.
1070 497 1164 522 Mansi
1183 496 1257 522 Cone.
1272 497 1329 523 coll.
1344 497 1444 530 XVII,
1459 501 1506 523 191
1524 506 1550 523 n.
1562 501 1619 524 258.
1651 498 1746 532 Miyne
1761 499 1837 526 Patr.
1849 499 1893 526 lat.

248 539 333 565 CXX
341 540 386 572 VI,
407 543 455 566 917
470 549 496 566 n.
511 544 571 567 305.
590 555 622 559 —-
642 540 719 572 Jaffe'
739 540 803 574 Rey.
816 543 880 567 3331
899 540 994 574 (2552).
1030 540 1104 566 Kehr
1123 540 1206 566 Italia
1220 540 1361 573 pontificia
1381 540 1438 572 ΙΙΙ,
1457 543 1473 566 3
1491 549 1517 566 n.
1534 545 1552 566 7.

848 627 1053 651 ADELBERTO
1076 627 1268 651 MARCHIONI
1278 626 1293 651 ¹.
1338 656 1340 658 Υ

354 675 400 706 Te
429 685 505 706 vero
539 677 614 717 quia
642 687 829 708 conversum
865 681 896 708 et
925 677 1053 708 fidelem
1081 678 1164 708 circa
1192 680 1334 708 sanctam
1362 677 1541 708 Romanam
1572 678 1740 709 ecclesiam
1776 681 1808 709 et
1837 688 1894 709 nos

246 727 464 768 cognovimUS,
488 727 609 769 absque
633 731 744 760 tenore
768 729 808 759 ab
833 730 918 759 omni
942 728 1273 760 excommunicatione
1297 728 1524 769 absolvimus2,
1547 729 1728 760 hominibus
1752 731 1813 760 tuis
1836 730 1894 761 sub

246 788 284 808 eo
309 782 421 809 tenore
451 789 574 809 sacram
598 779 761 810 reddimus
784 781 1054 820 communionem,
1085 783 1120 810 ut
1146 790 1272 810 omnem
1297 780 1570 821 emendationem,
1601 781 1681 812 sicut
1704 782 1894 822 promissum

246 832 308 869 est,
339 829 445 860 facere
470 830 650 871 quindecim
683 830 792 861 diesa*
815 832 897 862 intra
926 841 1069 862 mensem
1093 831 1263 861 Martiumb
1287 832 1414 861 omnino
1446 832 1636 863 accelerent.
1683 833 1804 869 Quodsi
1833 833 1894 864 hoc

246 880 353 912 facere
377 881 606 922 neglexerint0,
631 892 741 914 omnes
765 883 822 914 sub
847 883 961 914 eadem
986 883 1317 914 excommunicatione
1341 886 1564 923 permaneant,
1589 884 1690 914 donec
1714 885 1829 915 iterum
1854 884 1893 915 de

245 933 439 974 perpetratis
462 934 554 964 malis
577 934 706 974 plenam
730 935 849 965 faciant
872 934 1131 965 satisfactionem.

351 999 445 1022 DATA
465 999 509 1023 UT
528 999 644 1030 SUPRA,
664 1000 863 1024 INDICTIONE
881 1000 963 1024 XIIII.

1034 1107 1106 1136 267.

353 1165 511 1196 Iohannes
531 1165 627 1197 VIII.
653 1176 741 1206 papa
771 1165 943 1206 (Karolam
965 1165 1035 1196 III.
1064 1166 1179 1205 reyem)
1209 1164 1311 1195 nimia
1339 1164 1540 1202 festmatione
1564 1163 1698 1195 Romam
1722 1175 1896 1204 properare

246 1217 400 1254 miratum·
433 1219 546 1254 monet,
577 1220 612 1248 ut
640 1218 746 1248 omnia
771 1228 828 1256 per
851 1217 963 1257 Zeyalos
990 1226 1064 1248 suos
1093 1216 1121 1247 ei
1143 1216 1274 1246 directos
1297 1215 1469 1254 adimpleat
1499 1215 1541 1246 ad
1563 1215 1708 1247 honorem
1733 1216 1895 1248 Romanae

245 1267 389 1299 ccclesiae
411 1278 465 1299 nec
484 1268 578 1307 prins
601 1269 748 1299 terminos
770 1279 793 1299 s.
811 1267 901 1299 Petri
923 1268 1101 1308 transmeat
1121 1269 1312 1306 praesumat.
1580 1268 1642 1297 881
1666 1267 1739 1299 Ian.
1756 1267 1807 1300 25.

363 1336 438 1362 Coa:
466 1336 493 1362 R
510 1338 605 1370 f.105¹
624 1344 651 1362 n.
664 1340 721 1362 269.

349 1387 436 1414 Ed&
463 1387 559 1413 Editio
572 1388 696 1414 Romana
709 1389 792 1421 (1591)
807 1388 865 1420 III,
880 1390 932 1413 480
949 1396 975 1413 n.
990 1391 1046 1414 259.
1077 1387 1173 1413 Mansi
1193 1386 1269 1413 Cone.
1282 1386 1337 1412 coll.
1354 1386 1383 1412 X
1391 1386 1453 1418 VII,
1466 1390 1510 1413 191
1523 1395 1549 1413 η,
1563 1389 1615 1413 259.
1649 1387 1740 1420 Miyne
1760 1387 1835 1414 Patr.
1850 1388 1894 1415 lat.

250 1430 334 1456 CXX
341 1430 386 1462 VI,
405 1434 450 1457 919
468 1439 495 1457 η,
508 1434 567 1457 309.
587 1446 620 1449 —
639 1430 711 1462 Jaffe
731 1430 795 1465 Ray.
809 1433 875 1457 3333
893 1430 994 1464 (2556).

353 1504 514 1546 Susceptis
536 1505 650 1536 litteris
673 1505 774 1546 glorie
798 1507 903 1544 vestre
913 1504 935 1543 ³,
967 1503 1081 1545 quibus
1105 1514 1161 1534 vos
1185 1504 1280 1544 plena
1307 1504 1484 1534 intentione
1507 1504 1690 1534 monstratis
1722 1504 1763 1534 ad
1786 1504 1895 1535 limina

245 1556 462 1597 apostolorum
492 1556 620 1596 festine,
651 1557 749 1587 immo
778 1556 882 1597 potius
906 1556 1054 1596 precipiti
1078 1566 1188 1596 gressu
1212 1555 1316 1586 vellea
1340 1555 1524 1595 convolare,
1549 1558 1746 1596 quapropter
1768 1556 1895 1587 attoniti

243 1607 296 1638 vel
324 1607 445 1649 magisb
473 1608 645 1649 stupefacti
675 1609 828 1639 miramur
856 1607 1035 1638 decentiam
1064 1610 1203 1638 vestram
1232 1608 1402 1638 terminos⁰
1430 1610 1556 1648 patrum
1587 1607 1833 1639 transcendered
1861 1612 1893 1639 et

243 1659 361 1690 lineam
386 1660 512 1700 generis
537 1660 634 1690 vestri
657 1659 814 1700 superboss
837 1659 950 1700 spiritu
973 1659 1161 1689 conculcare
1190 1661 1221 1689 et
1244 1659 1276 1689 in
1300 1658 1458 1698 deterius,
1489 1669 1553 1689 non
1576 1659 1606 1689 in
1629 1659 1743 1690 melius
1767 1670 1895 1700 prorsus

245 1711 423 1742 convenire.
469 1710 511 1741 Et
539 1721 613 1741 ecce
638 1710 785 1742 dolenter
814 1721 884 1741 cum
908 1710 1054 1751 apostolo
1085 1710 1249 1751 compellor
1273 1710 1394 1741 dicere:
1423 1709 1472 1741 ‘In
1495 1711 1673 1741 novissimis
1696 1711 1894 1752 temporibus

244 1763 408 1794 instabunt
424 1762 584 1804 temperas
601 1763 791 1803 periculosa,
816 1763 848 1793 in
865 1762 978 1803 quibus
1003 1765 1095 1793 erunt
1112 1762 1255 1793 homines
1279 1762 1469 1802 semetipsos
1493 1760 1648 1793 amantes’
1666 1765 1698 1793 et
1713 1762 1895 1803 ‘querentes

245 1825 306 1855 que
331 1825 387 1845 sua
411 1818 492 1854 sunt,
516 1825 578 1845 non
602 1825 663 1856 que
680 1814 756 1845 Iesu
772 1813 909 1845 Christi'.
956 1813 1021 1845 Sed
1044 1824 1101 1844 nos
1125 1816 1167 1853 te,
1192 1813 1236 1844 fili
1260 1814 1438 1854 karissime,
1462 1814 1494 1844 in
1517 1814 1639 1844 viscere
1657 1813 1773 1844 Christi
1797 1813 1895 1854 pluri-

244 1876 332 1896 mum
356 1865 525 1907 diligentes
554 1866 595 1897 ad.
619 1877 658 1897 ea
686 1869 716 1897 te
744 1876 919 1907 provocare
950 1866 1120 1906 gestimus,
1149 1875 1210 1906 que
1235 1866 1339 1905 anime
1364 1868 1468 1904 vestre
1493 1865 1660 1906 proficiant
1684 1865 1725 1896 ad
1749 1865 1893 1896 salutem.

243 1918 385 1958 Legatos
409 1928 484 1948 sane
510 1928 526 1949 e
543 1918 645 1949 latere
669 1920 776 1948 nostro
794 1917 888 1958 plene
910 1917 1079 1948 instructos
1096 1917 1280 1956 direximus,
1305 1916 1419 1958 quibus
1444 1917 1550 1947 omnia
1574 1916 1615 1947 ad
1631 1927 1745 1957 purum
1763 1916 1894 1947 credere

244 1979 306 2000 non
331 1969 501 2010 ambigatis
530 1970 562 2000 in
585 1969 647 2009 his,
679 1975 761 2010 queg
784 1969 978 2000 verbotenus
1008 1968 1060 1999 eth
1084 1968 1208 2009 scriptis
1232 1969 1451 2009 capitulariter
1474 1967 1621 1998 dedimus
1650 1969 1681 1998 in
1705 1968 1894 1999 mandatis&

245 2021 316 2057 Qua
333 2021 373 2052 de
396 2032 429 2052 re
446 2024 580 2062 paterno
605 2021 723 2052 affectu
746 2031 923 2060 monemus,
945 2024 980 2051 ut
1003 2020 1120 2059 omnia,
1144 2020 1225 2051 sicut
1241 2020 1330 2051 vobis
1348 2020 1521 2050 direximus
1538 2030 1596 2060 per
1612 2019 1743 2050 eosdem
1760 2019 1893 2060 legatos,

245 2072 436 2114 adimplerei
459 2074 586 2111 omnino
611 2074 737 2113 curetis,
762 2072 901 2114 ideoque
925 2073 1048 2111 scitote,
1073 2073 1234 2113 quoniam,
1259 2073 1284 2102 si
1308 2072 1403 2113 pleno
1428 2072 1496 2102 iure
1521 2074 1643 2111 cuncta,
1668 2081 1729 2112 que
1754 2070 1893 2102 destina-

244 2125 362 2163 vimus,
389 2135 452 2154 non
475 2124 755 2166 adimpleveritisa,
783 2135 840 2155 nos
865 2125 1041 2164 enimvero,
1066 2127 1219 2165 quantum
1242 2124 1274 2154 in
1297 2123 1389 2154 nobis
1413 2126 1475 2163 est,
1500 2123 1568 2153 zelo
1592 2123 1654 2154 Dei
1678 2123 1821 2153 succensi
1845 2133 1893 2162 ea,

348 2225 374 2258 ’ἢ
395 2225 434 2252 R.
453 2226 484 2251 in
501 2234 582 2259 τηαν-ᾳ,
597 2226 657 2252 add.
672 2235 743 2253 man.
757 2227 912 2253 correctoris
931 2226 964 2252 R.

348 2294 407 2320 266.
435 2295 459 2326 ὃ)
479 2296 545 2320 diem
564 2295 595 2321 R.
673 2295 697 2327 b)
717 2296 752 2321 sic
766 2296 802 2327 R,-
820 2297 897 2321 verba
915 2296 1060 2328 quindecim
1078 2296 1146 2321 diem
1164 2297 1275 2328 fortasse
1295 2296 1321 2320 in
1339 2296 1454 2327 *marqine
1473 2295 1565 2320 addita
1583 2299 1664 2319 erant.
1743 2293 1764 2325 c)
1785 2303 1849 2319 corr.
1864 2302 1894 2318 ea:

246 2339 389 2370 neglexerit
406 2338 438 2363 R.

348 2380 406 2406 267.
434 2381 457 2412 a)
476 2385 501 2406 et
513 2381 578 2406 velle
592 2381 623 2406 R.
694 2380 717 2413 h)
736 2382 804 2413 magi
816 2382 848 2406 R.
919 2381 942 2415 ⁰)
960 2391 973 2407 o
988 2391 1053 2408 corr.
1064 2391 1094 2407 ex
1106 2391 1124 2407 u
1137 2382 1169 2407 R.
1240 2381 1264 2413 d)
1283 2391 1300 2407 n
1314 2382 1375 2407 add.
1390 2390 1471 2414 supra
1485 2382 1579 2406 lineam
1591 2381 1623 2405 R.
1695 2379 1717 2411 θ)
1737 2388 1847 2412 superno
1861 2379 1892 2404 R.

245 2424 264 2456 f)
283 2433 350 2449 corr.
363 2432 393 2448 ece
411 2428 524 2456 tempore
543 2425 578 2449 al.
592 2433 660 2450 man.
679 2424 710 2449 R.
782 2424 808 2457 8)
826 2425 917 2457 hisque
930 2425 962 2450 R.
1032 2424 1057 2456 h)
1077 2429 1104 2450 -t
1121 2425 1148 2450 in
1166 2434 1218 2450 ras.
1233 2425 1264 2450 R.
1335 2424 1352 2457 ἰ)
1371 2433 1438 2449 corr.
1449 2433 1479 2449 ex
1498 2425 1628 2456 adinplere
1645 2424 1676 2448 B.
1747 2421 1772 2455 k)
1790 2431 1846 2447 -ve-
1866 2422 1894 2446 in

244 2476 297 2491 ras.
311 2468 346 2492 al.
360 2475 429 2491 man.
448 2466 480 2491 R.

350 2526 375 2556 1)
398 2525 513 2557 Tusciae,
532 2525 564 2551 de
582 2534 635 2558 quo
653 2527 688 2559 cf.
701 2534 749 2552 nn.
762 2529 802 2558 22,
822 2530 863 2558 24,
883 2529 923 2558 83,
940 2529 980 2558 87,
999 2530 1050 2552 171.
1139 2527 1164 2559 2)
1189 2525 1263 2552 Unde
1281 2528 1403 2552 nostram
1421 2525 1558 2558 epistolam
1577 2524 1614 2549 acl
1632 2523 1701 2549 idem
1718 2525 1774 2556 fere
1791 2526 1894 2555 tempus

246 2576 279 2594 ac
300 2576 327 2594 n.
346 2572 400 2600 171,
427 2568 445 2594 i.
461 2576 480 2594 e.
500 2567 537 2593 ad
559 2576 583 2594 a.
603 2571 662 2600 879,
688 2570 793 2594 mutata
816 2568 964 2594 indictione
985 2576 1017 2594 ex
1041 2568 1141 2594 XIIII
1155 2568 1186 2593 in
1205 2568 1292 2594 XIII
1312 2568 1482 2601 referendam
1502 2575 1556 2593 esse
1574 2567 1671 2593 conicit
1693 2565 1828 2591 Dnmmler
1847 2566 1862 2591 l.
1876 2565 1892 2590 l.

246 2610 322 2643 111²,
342 2614 380 2643 92,
398 2611 482 2636 nullis
499 2613 586 2637 tamen
604 2610 777 2637 validioribus
794 2611 870 2637 nisus
888 2611 1060 2645 argumentis.
1136 2611 1162 2641 3)
1181 2610 1242 2637 Soil.
1257 2611 1357 2637 Karoli
1375 2611 1439 2643 III„
1459 2610 1505 2643 qai
1523 2610 1576 2635 iam
1595 2609 1620 2636 d.
1633 2614 1656 2635 4.
1671 2609 1800 2635 Ianum-ii
1818 2610 1893 2633 trans

246 2653 355 2679 Padum
375 2653 455 2687 Reqa‘
476 2653 630 2679 versabatur
648 2654 695 2687 (cf.
709 2654 884 2680 Miehlbacher
902 2654 983 2687 Re9.²
996 2657 1061 2680 1609
1074 2653 1177 2688 [1566])
1202 2656 1226 2680 et
1249 2654 1299 2680 iter
1318 2654 1431 2680 Romam
1450 2653 1615 2685 arripuerat,
1640 2653 1677 2684 es.
1690 2651 1829 2677 Dommler
1847 2650 1862 2676 l.
1876 2650 1892 2676 Ι.

246 2696 322 2728 111²,
343 2699 399 2722 179.
442 2696 559 2722 Litterae
580 2696 679 2722 Karoh‘
702 2705 757 2722 non
780 2699 896 2729 exstant,
924 2698 959 2731 ef.
977 2696 1150 2723 Miihlbacher
1169 2696 1247 2731 Re9.²
1266 2700 1329 2723 1609
1349 2697 1440 2730 [1566]
1446 2705 1464 2721 α
1488 2699 1511 2721 et
1528 2695 1681 2721 ‘Verlorene
1704 2693 1775 2720 Urssc.¹
1793 2702 1820 2719 n.
1838 2695 1891 2718 237.

246 2739 274 2773 4)
295 2739 434 2772 Quaenam
451 2739 557 2772 fuerint
575 2739 681 2773 sinyala
699 2739 845 2773 legatorum
863 2739 1003 2771 mandata,
1026 2740 1167 2772 nescimus,
1190 2739 1235 2766 sed
1253 2739 1386 2765 Karolam
1404 2739 1441 2764 eis
1459 2737 1673 2771 obtemperans&
1692 2735 1828 2762 verisimile
1846 2737 1891 2767 est,

248 2785 282 2816 ef.
297 2782 437 2808 Dz'lmmler
455 2782 470 2808 l.
484 2782 500 2809 l.
514 2782 587 2815 111²,
605 2782 621 2808 l.
634 2782 650 2808 l.
664 2785 722 2808 180.

1637 2830 1686 2856 3022

1908 1618 1935 1638 cf.
1946 1618 2009 1641 Prov.
2023 1621 2055 1644 22,
2065 1620 2099 1640 23.

1908 1719 1988 1740 sarim.
2000 1721 2079 1745 3,1-2.

1910 1770 1966 1792 Phil.
1978 1773 1997 1796 2,
2008 1772 2040 1791 21.

1910 1821 1939 1842 cf.
1952 1820 2008 1842 Phil.
2022 1824 2040 1846 1,
2051 1823 2070 1843 8.
