2189 3042
309 145 370 175 470

964 139 1078 167 INDEX
1097 139 1305 167 INITIORUM.

1112 442 1160 478 III

715 531 1006 589 INDEX
1053 530 1556 590 INITIORUM.

306 669 354 696 Ab
372 671 435 695 olim
453 671 477 695 si
494 671 636 695 recordaris
654 672 737 699 21,15.

304 705 383 730 Absit
401 708 491 730 autem
508 706 560 737 piis
579 706 712 730 mentibus
730 707 832 734 274,10.

305 739 347 764 Ad
365 739 512 764 deflendam
529 741 691 772 pravitatem
710 743 785 764 tuam
804 741 862 770 285,
872 745 906 764 30.

304 774 346 798 Ad
365 775 413 798 hoc
432 774 539 799 divinae
558 775 763 806 dispensationis
781 776 821 800 92.
833 779 865 799 15.

304 809 347 833 Ad
364 809 412 833 1100
430 816 478 833 nos
495 809 589 833 divina
605 810 647 838 37,
659 814 690 833 10.

305 843 348 867 Ad
364 844 413 868 hoc
430 851 514 875 usque
532 844 632 868 malum
650 845 707 868 312.
719 848 738 867 ⁵.

303 877 346 902 Ad
362 878 456 902 limina
474 878 612 903 beatorum
630 879 704 902 Petri
723 880 778 907 156,
790 882 821 903 10.

304 912 369 944 [A]d
386 916 501 937 mentem
518 913 675 942 reducimus,
696 913 810 944 qualiter
827 914 884 941 278,
896 917 927 936 10.

304 947 346 971 Ad
363 947 494 978 synodum
511 947 602 979 igitur,
621 955 701 979 quam
718 949 804 976 07,20.

304 981 404 1005 Adiuro
422 985 521 1010 autem,
540 985 570 1006 ut
588 982 712 1006 omnibus
728 983 785 1011 401,
797 986 830 1005 20.

305 1016 494 1045 Admonemus,
513 1019 543 1040 ut
562 1017 589 1040 in
608 1017 681 1040 omni
699 1018 740 1045 38,
750 1021 785 1040 20.

303 1050 429 1075 Advertit
447 1051 525 1082 plane
542 1051 685 1082 prudentia
703 1054 751 1075 tua
769 1052 838 1077 9,·25.

303 1085 366 1109 Aito
386 1086 566 1116 praesentium
585 1086 656 1110 lator
675 1085 739 1109 dum
758 1086 847 1113 280,1.

303 1119 442 1143 Almitatis
459 1123 521 1144 tuae
538 1120 709 1151 prudentiam
726 1120 885 1144 sacerdotali
902 1121 958 1149 257,
969 1124 989 1144 5.

304 1153 442 1178 Almitatis
460 1157 564 1178 vestrae
583 1154 780 1178 fraternitatem
798 1155 918 1185 ignorare
937 1155 978 1183 68,
989 1158 1021 1179 1ο.

303 1188 463 1219 Anspertum
471 1188 690 1212 Mediolanensem
698 1189 930 1220 archiepiscopum,
940 1196 1018 1221 quem
1027 1189 1082 1217 150,
1087 1192 1107 1213 5.

303 1222 429 1254 Apieibus
445 1223 536 1255 igitur,
554 1223 666 1254 gloriose
684 1223 723 1247 fili
739 1224 780 1252 57,
791 1226 824 1247 15.

302 1257 456 1288 Apostolica
475 1257 527 1281 tibi
544 1258 707 1282 auctoritate
725 1258 901 1289 praecipimus
919 1258 977 1286 234,
987 1261 1021 1282 25.

302 1291 470 1322 Apostolicae
489 1292 679 1316 moderationis
697 1292 817 1316 ordinem
836 1292 971 1323 sequimur
988 1293 1047 1321 320,
1058 1296 1091 1316 15.

304 1325 507 1350 Arbitrabamur
524 1329 598 1350 tuam
616 1327 830 1355 sanctimoniam,
850 1330 930 1358 prout
948 1328 1005 1356 367,
1016 1331 1050 1350 35.

301 1360 471 1385 Auctoritate
488 1361 591 1385 domini
607 1361 693 1385 nostri
710 1361 769 1386 Iesu
790 1362 846 1389 127,
857 1364 890 1385 15.

301 1395 470 1419 Auctoritate
489 1399 597 1420 sanotae
616 1396 685 1420 sedis
703 1396 865 1426 apostolicae
884 1396 942 1424 213,
954 1399 986 1419 15.

303 1429 423 1454 Audacia
440 1432 489 1454 tua
506 1433 533 1454 et
550 1430 733 1461 praesumptio
752 1431 810 1459 286,
822 1433 855 1454 15.

304 1463 453 1495 Audgarius
470 1464 629 1488 venerabilis
646 1465 784 1496 episcopus
802 1465 866 1488 oiim
884 1466 942 1494 299,
954 1469 973 1488 1.

304 1498 450 1522 Audientes
468 1498 566 1522 bonam
583 1499 683 1523 famam
702 1499 733 1522 de
751 1499 809 1527 262,
821 1503 855 1523 15.

304 1532 449 1557 Audientes
467 1533 534 1557 tales
551 1533 629 1557 vobis
646 1542 661 1557 a
679 1534 737 1562 201,
748 1537 768 1557 5.

306 1566 452 1591 Audientes
470 1570 497 1591 te
515 1575 569 1591 esse
587 1568 663 1598 quasi
680 1568 738 1595 250,
749 1572 783 1591 20.

307 1600 453 1625 Audientes
470 1609 517 1625 vos
534 1609 581 1633 per
598 1602 648 1626 Dei
664 1603 723 1630 214,
735 1605 767 1626 15.

305 1635 406 1659 Audita
423 1643 470 1666 per
486 1635 663 1660 Theodosium
681 1636 857 1660 venerabilem
875 1637 933 1664 258,
945 1640 964 1659 1.

305 1669 407 1694 Audita
423 1678 470 1701 per
491 1689 496 1694 .
517 1689 522 1694 .
542 1689 548 1694 .
571 1670 749 1694 venerabilem
766 1671 919 1701 episcopum
936 1671 994 1699 262,
1006 1674 1024 1694 1.

304 1704 406 1728 Audita
424 1712 502 1735 saepe
520 1704 667 1729 afflictione
686 1708 766 1736 atquc
784 1706 842 1733 270,
853 1709 887 1729 30.

305 1738 414 1762 Auditis
431 1739 543 1770 denique
560 1739 742 1770 deploratione
760 1742 840 1770 atque
858 1740 915 1768 126,
927 1743 959 1763 10.

305 1772 407 1797 Auditu
426 1773 533 1797 certiori
550 1774 734 1804 comperimus,
755 1774 825 1805 quod
844 1774 901 1802 261,
913 1777 945 1797 15.

305 1807 407 1831 Auditu
424 1807 575 1836 didicimus,
594 1808 677 1832 etiam
694 1810 721 1832 et
739 1809 778 1836 77,
791 1812 810 1831 1.

305 1841 471 1870 Audivimus,
490 1842 561 1873 quod
578 1842 696 1866 debeatis
713 1850 781 1866 nunc
800 1843 856 1870 200,
868 1846 899 1866 15.

305 1876 464 1900 Audivimus
481 1879 508 1900 te
525 1884 565 1900 res
582 1877 712 1908 spiritalis
729 1877 786 1905 213,
797 1880 830 1900 30.

306 1910 418 1934 Avidius
437 1913 464 1935 et
482 1910 619 1935 ardentius
638 1911 717 1934 solito
737 1912 838 1939 270,-25.

306 1994 396 2020 Beati
413 1996 507 2020 Basilii
524 1997 711 2020 Neocaesariae
729 1995 911 2027 Cappadociae
929 1998 987 2025 399,
998 2001 1030 2021 10.

307 2029 385 2054 Beati
401 2031 531 2055 Demetrii
547 2031 664 2055 martiris
681 2031 920 2055 Thessalonicensis
936 2032 994 2060 439,
1005 2035 1025 2055 1.

306 2064 385 2088 Beati
401 2065 531 2089 Demetrii
547 2065 784 2090 Thessalonicensis
802 2066 927 2097 martyris
943 2066 1002 2095 438,
1012 2069 1046 2089 25.

307 2099 387 2123 Beati
402 2099 530 2123 Iohannis
547 2100 679 2129 monachi,
699 2100 744 2131 qui
761 2101 819 2128 402,
830 2103 850 2124 5.

307 2133 461 2157 Beatissimi
477 2134 593 2165 apostoli
609 2137 749 2165 praecepto
767 2134 888 2158 iubemur
905 2135 962 2163 210,
976 2138 1007 2158 10.

309 2167 470 2192 Benedictus
488 2168 559 2192 Deus
576 2172 603 2192 et
620 2171 696 2199 pater
713 2170 755 2197 64,
766 2172 786 2192 1.
823 2169 880 2196 317,
891 2172 924 2192 15.

307 2201 471 2226 Bernardum
488 2202 643 2234 sacrilegum
660 2202 744 2226 filium
761 2203 891 2226 Bernardi
909 2203 964 2231 122,
976 2207 1008 2226 10.

306 2235 376 2260 Boni
391 2237 506 2267 pastoris
522 2237 619 2261 eximio
636 2237 774 2261 informati
790 2238 847 2265 264,
857 2240 890 2261 35.

306 2270 375 2294 Boni
391 2271 601 2302 patrisfamilias,
620 2279 697 2302 quem
715 2272 780 2295 bene
798 2272 854 2299 237,
864 2275 898 2295 20.

307 2304 442 2329 Bonorum
461 2314 569 2337 operum
589 2309 615 2330 et
635 2306 814 2337 spiritualium
834 2306 891 2334 362,
902 2309 935 2329 25.

307 2387 449 2415 canoniea
464 2391 590 2416 instituta
607 2394 741 2416 servantes
758 2393 863 2422 oportet
882 2392 938 2419 104,
949 2395 982 2415 30.

306 2424 444 2449 Canonicis
460 2428 612 2450 sanctorum
628 2429 735 2457 patrum
751 2425 905 2449 iubentibus
924 2427 979 2455 132,
992 2430 1024 2449 15.

305 2459 428 2490 capitula
446 2460 557 2484 Nicaeni
574 2461 680 2484 concilii
697 2460 849 2484 testimonio
867 2461 924 2488 347,
937 2464 968 2483 10.

307 2492 469 2518 Karissimae
487 2498 548 2518 tuae
566 2495 704 2519 nobilitati
720 2494 810 2518 laudes
830 2495 851 2522 l,
863 2498 895 2517 10.

308 2527 430 2552 Ceterum
447 2529 573 2559 praevide
589 2537 619 2553 ac
638 2529 670 2553 de
688 2530 745 2557 285,
758 2532 789 2552 15.

304 2561 445 2593 Cogitante
462 2571 492 2587 ac
510 2563 557 2587 diu
575 2564 657 2588 tacite
674 2565 776 2592 396‚25.

306 2595 452 2627 Cognoscat
471 2605 519 2628 pro
532 2596 610 2622 'certo
629 2598 745 2622 fidelitas
766 2598 865 2625 196,15.

304 2630 453 2662 Cognoscat
470 2639 518 2663 pro
535 2635 607 2656 certo
623 2632 777 2656 fraternitas
796 2632 852 2659 195,
864 2635 882 2655 1.

304 2663 496 2696 Gognoscentes
516 2666 548 2690 de
568 2669 657 2690 vestra
676 2666 857 2691 incolomitate
877 2666 934 2694 254,
945 2670 966 2690 5.

307 2698 496 2730 Cognoscentes
514 2700 714 2732 religiositatem
733 2704 807 2725 tuam
826 2702 918 2724 contra
937 2700 1037 2728 288,15.

305 2731 474 2765 congregatis
489 2735 579 2766 itaque
597 2735 718 2760 omnibus
736 2734 880 2766 Anglorum
897 2735 954 2762 294,
964 2737 984 2758 5.

303 2766 492 2799 [C]onscientia
510 2772 612 2793 vestrae
629 2769 657 2793 in
675 2768 778 2794 Christo
796 2769 853 2798 306,
864 2771 897 2792 25.

1158 670 1367 696 consultationis
1384 675 1456 702 tuae,
1475 681 1527 704 qua
1544 681 1592 697 nos
1609 674 1668 702 238,
1679 677 1712 696 25.

1158 705 1321 731 Consuluisti
1337 706 1421 730 etiam
1438 707 1470 731 de
1488 707 1636 732 infantibus
1653 708 1711 736 347,
1722 711 1756 731 20.

1158 740 1207 765 0111
1224 741 1296 764 enim
1314 740 1374 772 plus
1392 742 1573 766 committitur
1590 743 1693 770 336,10.

1159 773 1225 800 Cum
1243 775 1348 799 assidue
1366 783 1413 800 vos
1432 777 1510 808 quasi
1528 777 1585 805 148,
1596 780 1629 801 25.

1160 809 1225 834 Cum
1243 809 1299 833 Deo
1316 810 1434 841 propitio
1453 811 1563 842 ingressi
1579 812 1638 839 352,
1649 815 1682 834 15.

1160 844 1226 868 Cum
1243 851 1305 876 erga
1322 844 1459 869 Romanae
1477 845 1602 870 ecclesiae
1620 846 1662 873 89,
1672 849 1693 869 5.

1160 877 1227 903 Cum
1244 881 1272 902 et
1289 881 1352 902 ante
1370 882 1523 911 susceptum
1541 880 1599 908 263,
1610 884 1645 905 30.

1161 911 1227 937 Cum
1243 913 1447 944 generositatem
1465 917 1541 938 tuam
1559 917 1637 938 tanta
1653 915 1695 942 41,
1707 918 1741 937 20.

1161 947 1226 972 01110
1243 948 1348 972 litteras
1365 948 1493 980 principis
1511 949 1594 973 vestri
1612 950 1668 977 165,
1679 952 1712 972 35.

1161 981 1227 1006 Cum
1244 990 1298 1006 000
1316 985 1373 1006 tam
1391 983 1471 1007 initia
1488 984 1546 1012 266,
1557 987 1590 1007 30.

1162 1016 1227 1041 01101
1245 1024 1292 1040 nos
1309 1017 1337 1040 in
1354 1017 1540 1042 ecclesiasticis
1557 1018 1598 1046 29,
1610 1021 1641 1041 15.

1162 1051 1228 1075 Cum
1245 1058 1293 1082 pro
1310 1059 1390 1075 causa
1407 1052 1568 1076 venerabilis
1586 1053 1626 1080 16,
1637 1056 1656 1076 1.

1162 1085 1228 1109 011111
1245 1085 1415 1117 prudentiam
1433 1089 1509 1110 tuam
1526 1087 1592 1111 scire
1609 1088 1668 1115 343,
1678 1090 1712 1110 25.

1162 1119 1251 1152 [O]um
1268 1121 1367 1144 reversi
1382 1121 1531 1150 fuissemus,
1550 1121 1640 1145 omnia
1657 1121 1714 1149 303,
1725 1124 1738 1144 ἵ)

1162 1153 1228 1179 Cum
1245 1155 1371 1184 universi,
1390 1155 1436 1186 qui
1453 1156 1598 1180 christiano
1618 1156 1673 1184 164,
1684 1159 1703 1179 1.

1162 1188 1223 1217 Cur,
1240 1189 1279 1213 fili
1297 1189 1442 1218 karissime,
1461 1190 1538 1214 nobis
1556 1191 1612 1218 110,
1623 1194 1656 1213 30.

1163 1273 1212 1300 De
1230 1278 1317 1299 cetero
1334 1275 1477 1307 relegentes
1495 1276 1623 1307 epistolae
1641 1277 1698 1304 304,
1709 1279 1729 1299 5.

1162 1310 1202 1333 De
1220 1312 1307 1334 cetero
1325 1313 1416 1334 vestra
1432 1311 1539 1335 noverit
1556 1311 1615 1339 340,
1627 1314 1661 1334 15.

1162 1344 1202 1368 De
1221 1345 1396 1376 corepiscopis
1415 1345 1525 1374 scilicet,
1546 1345 1578 1369 de
1598 1346 1655 1373 347,
1667 1349 1698 1368 10.

1162 1379 1202 1402 De
1219 1379 1329 1403 crimine
1347 1379 1399 1403 sibi
1415 1379 1492 1403 illato
1509 1380 1566 1408 342,
1578 1383 1596 1403 1.

1162 1414 1203 1437 De
1220 1413 1319 1438 ducatu
1337 1417 1428 1438 autem
1446 1413 1653 1438 Commeaclensi
1669 1415 1728 1443 335,
1740 1417 1772 1437 15.

1162 1448 1202 1471 De
1220 1448 1364 1472 manifesta
1381 1451 1409 1472 et
1426 1451 1492 1472 uota
1509 1449 1568 1477 342,
1579 1452 1612 1472 10.

1162 1482 1203 1506 De
1220 1483 1416 1513 percussoribus
1434 1491 1496 1507 vero
1514 1483 1608 1507 Lazari
1625 1483 1684 1511 285,
1695 1486 1728 1506 20.

1162 1517 1202 1540 1)0
1220 1517 1300 1541 Petro
1317 1517 1401 1541 etiam
1419 1517 1530 1541 diacono
1548 1518 1638 1546 337,5.

1162 1551 1225 1582 [D]e
1242 1551 1363 1582 praefato
1380 1552 1503 1582 episcopo
1522 1551 1680 1583 significasti
1696 1552 1753 1580 298,
1766 1555 1798 1576 15.

1163 1586 1202 1609 De
1219 1586 1390 1609 veneratione
1407 1586 1567 1610 ieiuniorum
1584 1586 1696 1610 firmiter
1713 1587 1771 1614 353,
1782 1590 1815 1609 20.

1163 1620 1245 1643 Decet
1262 1620 1334 1643 enim
1352 1620 1502 1644 Romanam
1520 1620 1657 1644 ecclesiam
1678 1621 1733 1649 104,
1744 1624 1764 1644 l.

1163 1653 1295 1678 Decuerat
1313 1656 1349 1683 te,
1370 1655 1452 1678 frater
1469 1654 1607 1678 karissime
1625 1655 1684 1682 234,
1697 1658 1715 1678 1.

1163 1688 1284 1719 Denique
1301 1696 1394 1712 010000
1413 1691 1530 1712 vestram
1547 1689 1666 1713 omnium
1686 1690 1773 1716 147,ὃ.

1163 1723 1284 1754 Denique
1302 1723 1463 1754 Ragibertus
1480 1723 1589 1754 quidam
1607 1723 1714 1747 nomine
1733 1724 1789 1752 124,
1800 1727 1832 1746 10.

1163 1757 1284 1788 Denique
1302 1757 1384 1782 Treca
1400 1758 1484 1788 positi
1499 1765 1546 1788 per
1565 1758 1621 1783 122,
1632 1762 1651 1781 1.

1164 1792 1219 1815 Deo
1238 1791 1350 1816 dilectae
1367 1792 1543 1816 unanimitati
1560 1795 1663 1816 vestrae
1681 1792 1738 1820 202,
1748 1795 1781 1816 20.

1164 1826 1306 1849 Deusdona
1325 1826 1427 1850 scilicet
1446 1826 1584 1857 presbyter
1602 1826 1637 1850 ad
1655 1827 1712 1854 344,
1724 1830 1744 1849 5.

1164 1860 1341 1884 Devotionem
1360 1860 1442 1892 igitur
1461 1861 1545 1884 animi
1564 1861 1606 1884 tui
1624 1862 1709 1888 Sl,25.

1164 1895 1310 1919 Devotioni
1326 1897 1388 1919 tuae
1406 1902 1454 1927 pro
1472 1895 1561 1919 labore
1579 1896 1620 1923 38,
1631 1899 1651 1919 5.

1164 1929 1323 1953 Devotionis
1340 1932 1402 1953 tuae
1420 1929 1531 1953 affectus
1548 1937 1601 1953 non
1618 1930 1660 1954 43.
1672 1933 1704 1953 15.

1164 1963 1214 1987 Dic
1232 1971 1292 1995 ergo
1310 1964 1359 1987 eis:
1379 1964 1435 1995 Ego
1453 1964 1511 1992 284,
1522 1968 1556 1988 20.

1164 1998 1309 2022 Dilectioni
1325 2001 1388 2022 tuae
1405 1998 1562 2022 venerandis
1579 2001 1730 2022 sanctorum
1747 1998 1806 2027 209,
1816 2001 1849 2022 10.

1163 2032 1308 2056 Dilectioni
1325 2035 1429 2056 vestrae
1446 2032 1575 2056 familiari
1592 2032 1786 2063 quodammodo
1805 2032 1862 2062 221,
1872 2036 1906 2056 10.

1163 2067 1321 2091 Dilectionis
1337 2070 1365 2091 et
1382 2067 1516 2091 amicitiae
1534 2069 1637 2091 vestrae
1654 2068 1694 2095 78,
1705 2071 1738 2091 20.

1163 2101 1320 2125 Dilectionis
1337 2104 1399 2125 tuae
1415 2101 1514 2125 litteris
1530 2101 1642 2132 receptis
1660 2102 1716 2130 153,
1726 2104 1746 2125 5.

1163 2135 1320 2160 Dilectionis
1337 2139 1440 2159 vestrae
1457 2136 1631 2159 reverentiam
1649 2135 1813 2166 spiritalibus
1833 2136 1872 2165 13,
1881 2138 1916 2159 35.

1162 2170 1335 2194 Dilectissimi
1350 2169 1400 2194 filii
1415 2170 1500 2194 nostri
1516 2170 1610 2194 Karoli
1626 2171 1684 2198 255.
1694 2174 1726 2194 10.

1163 2205 1340 2229 Dilectissimo
1357 2204 1412 2228 filio
1429 2207 1519 2229 nostro
1536 2205 1677 2229 Michaheli
1693 2205 1732 2233 61,
1744 2208 1763 2228 1.
1800 2205 1841 2233 65,
1852 2208 1884 2228 10.

1163 2239 1263 2263 Divina
1279 2239 1338 2263 ideo
1356 2239 1481 2263 maiestas
1498 2239 1683 2263 excellentiam
1699 2240 1740 2267 51,
1750 2243 1770 2263 5.

1162 2273 1263 2297 Divina
1280 2281 1327 2297 nos
1345 2273 1518 2297 saluberrima
1535 2276 1675 2304 praecepta
1692 2274 1749 2301 363,
1760 2276 1793 2297 15.

1162 2307 1284 2339 [D]ivin0
1303 2308 1365 2339 quia
1382 2308 1533 2332 Romanum
1550 2307 1717 2338 pontificium
1735 2308 1775 2336 93,
1786 2311 1819 2332 30.

1162 2343 1266 2366 Domne
1283 2345 1310 2367 et
1328 2350 1430 2366 summe
1447 2345 1524 2373 pater
1540 2343 1582 2370 94,
1593 2345 1628 2366 25.

1162 2377 1234 2400 Dum
1251 2384 1305 2400 non
1322 2377 1411 2400 minus
1428 2384 1476 2407 pro
1495 2377 1535 2405 11,
1546 2380 1566 2401 5.

1162 2411 1233 2435 Dum
1250 2411 1426 2435 orthodoxam
1444 2411 1543 2435 Christi
1559 2410 1695 2435 ecclesiam
1713 2411 1772 2439 359,
1783 2414 1816 2434 30.

1162 2445 1233 2469 Dum
1250 2446 1327 2469 verbi
1344 2445 1395 2469 Dei
1413 2453 1500 2469 semen
1517 2446 1559 2473 39,
1570 2449 1590 2469 5.

1162 2480 1233 2504 Dum
1250 2480 1327 2504 vobis
1344 2479 1548 2504 innumerabiles
1566 2480 1644 2503 huius
1661 2482 1686 2504 6.
1697 2483 1730 2503 30.

1163 2563 1218 2594 Ea,
1239 2573 1305 2597 quae
1323 2567 1413 2589 nostro
1430 2564 1594 2596 praesulatui
1610 2565 1667 2593 247,
1678 2568 1711 2589 20.

1162 2600 1230 2624 Ecce
1248 2600 1318 2624 enim
1336 2599 1371 2623 ad
1388 2600 1437 2623 hoc
1455 2600 1513 2627 336,
1523 2603 1557 2623 20.

1161 2633 1252 2665 [E]cce
1272 2634 1431 2658 Graecorum
1450 2633 1594 2664 imperator
1611 2633 1774 2664 apostolicae
1791 2633 1849 2662 291,
1860 2637 1894 2656 30.

1161 2669 1229 2692 Εο00
1246 2669 1436 2699 imperatorum
1454 2668 1633 2692 sollertissime
1651 2670 1678 2692 et
1696 2669 1754 2696 440,
1765 2671 1785 2692 1.

1161 2703 1229 2726 Ecce
1247 2702 1408 2726 sanctissimi
1426 2702 1573 2726 sacerdotes
1591 2702 1742 2732 praemissis
1761 2702 1861 2730 131,25.

1161 2737 1346 2761 Ecclesiastica
1365 2736 1484 2768 exigente
1503 2735 1623 2760 utilitate
1643 2737 1768 2768 quoniam
1789 2736 1845 2764 128,
1854 2739 1875 2760 5.

1161 2771 1382 2799 Ecolesiasticam,
1403 2770 1539 2794 karissime
1556 2770 1638 2794 frater
1656 2773 1683 2795 et
1700 2772 1758 2798 419,
1769 2774 1802 2795 10.
