2189 3042
639 182 818 209 IOHANNIS
836 183 910 209 VIII.
931 183 1048 210 PAPAE
1071 183 1270 210 EPISTOLAE
1295 184 1352 210 154.
1372 184 1429 210 155.
1799 187 1856 217 129

560 295 735 319 ΗΕΕΜΑΒΙι
756 296 799 319 ΕΤ
823 296 985 320 UUIDONI²
1003 297 1306 321 REVERENTISSIMIS
1330 296 1507 321 EPISCOPIS.

318 354 494 386 Hortamur
527 355 704 385 sanctitatis
736 358 841 394 vestre
876 354 1110 386 fraternitatem
1144 355 1444 397 sacerdotalemque
1478 355 1582 386 zelum
1612 357 1709 387 vestri
1739 357 1857 398 vigoris

212 406 390 446 apostolica
413 407 603 437 auctoritate
622 405 803 436 incitamus:
828 405 973 445 Bertildi,
997 406 1154 447 Rostagni
1177 406 1327 437 illustrisa
1343 407 1401 437 viri
1425 407 1561 448 coniugi,
1586 417 1647 448 que
1672 411 1778 449 spreto
1794 408 1857 439 Dei

212 459 326 489 timore
354 468 391 488 ac
414 457 487 499 lege
514 457 575 488 tori
603 456 788 497 fugabunda
815 466 874 497 per
896 460 1018 488 vestras
1041 458 1225 498 parrochias
1248 458 1399 489 incedens
1426 459 1611 489 multotiens
1635 459 1675 490 ab
1699 460 1857 500 episcopis

181 520 192 538 5
212 514 244 541 et
272 509 393 550 synodo
417 510 531 539 vocata
554 507 649 538 surda
672 518 749 539 aure
773 509 881 538 venire
906 508 1041 548 distulit,
1070 509 1216 540 omnemb
1240 510 1465 541 necessitatem
1489 511 1519 541 ei
1542 511 1683 551 inponite
1707 511 1857 542 veniendi

212 571 317 592 coram
342 562 468 591 nostra⁰
484 560 657 600 presentia,
681 562 716 590 ut
740 559 807 590 eius
831 569 926 590 causa
945 560 1092 601 legaliter
1108 561 1202 591 finem
1226 561 1373 601 accipiat,
1397 560 1545 602 illiusque
1569 562 1600 591 in
1624 564 1688 592 tam
1705 572 1856 603 perverso

211 622 309 653 opere
333 610 532 642 adiutoribus
554 610 675 641 aditum
699 614 795 651 atque
813 611 1068 642 communionem
1085 612 1182 642 totius
1206 615 1313 652 sancte
1338 612 1473 652 ecclesie
1498 613 1620 643 tamdiu
1644 613 1857 654 intercludite,

211 663 314 694 donec
337 662 377 694 ab
396 662 482 693 omni
505 672 539 693 se
563 665 765 703 sequestrent
788 662 976 703 predicted*
994 664 1162 702 consortio,
1187 663 1268 694 inter
1285 674 1364 704 quos
1380 664 1430 693 A.
1450 689 1454 694 .
1474 688 1479 694 .
1499 688 1505 694 .
1531 665 1627 695 etiam
1639 665 1677 704 (?)
1698 665 1856 705 mechum,

211 725 282 746 cum
300 725 362 756 quo
381 712 579 756 [con]iuravit
591 714 641 753 (?),
662 716 832 755 vestroque
857 714 991 754 spiritali
1013 714 1081 745 zelo
1102 715 1271 755 percutite.
1308 714 1426 754 Queso,
1449 725 1576 756 moneo,
1600 716 1720 755 hortor,
1744 716 1858 747 fratres

168 776 193 795 ιο
210 766 379 806 karissimi,
405 765 555 797 citissime
572 765 830 806 amplectendam
848 765 1017 796 exhibetee
1033 766 1238 806 presentiam,
1261 767 1376 796 iterum
1397 767 1576 807 iterumque
1593 767 1749 807 iubemus,
1773 768 1858 798 omni

211 817 389 858 postposita
414 817 581 847 occasione
606 816 646 847 ad
667 827 724 847 nos
749 816 937 848 festinanter
952 817 1070 857 venite,
1095 818 1243 858 quatinus
1260 817 1386 848 Christo
1404 817 1532 848 domino
1556 818 1727 850 miserante
1751 819 1782 849 in
1798 819 1859 850 hoc

211 872 244 900 et
267 868 337 899 aliis
360 868 498 909 negotiis
522 869 681 899 communi
706 868 837 899 consilio
862 869 1031 899 terminum
1056 868 1225 899 salubriter
1248 869 1401 909 inponere
1425 869 1599 900 valeamus

312 938 407 962 DATA
430 938 476 962 UT
499 938 616 962 SUPRA.

1001 1092 1069 1121 155.

318 1159 476 1191 Iohannes
499 1158 593 1190 VIII.
618 1169 708 1199 papa
734 1158 938 1190 Bernardum
966 1158 1176 1189 marchionem
1200 1157 1367 1197 (Gothiae)
1397 1158 1436 1189 ab
1468 1157 1667 1199 infestatione
1694 1159 1860 1190 Frotharii

167 1224 191 1242 15
212 1210 469 1251 (archisspiscopi
492 1210 734 1250 (Bituricensis)
758 1209 950 1241 dehortatur.
1582 1211 1645 1240 878
1668 1210 1774 1250 (Iun.)

326 1277 398 1304 Cod..·
426 1278 453 1304 R
470 1280 492 1312 f.
506 1279 549 1303 63¹
570 1285 596 1303 n.
610 1280 667 1303 156.

314 1329 401 1355 Edd.:
428 1329 523 1354 Editio
536 1328 661 1354 Romana
674 1329 756 1362 (1591)
775 1328 832 1360 ΙΙΙ,
853 1331 901 1354 376
919 1335 946 1353 n.
958 1331 1006 1354 105
1024 1339 1056 1348 =
1075 1326 1199 1352 Sirmond
1221 1326 1295 1353 Com.
1310 1330 1367 1353 ant.
1383 1327 1489 1353 Galliac
1508 1327 1565 1360 III,
1583 1332 1631 1354 471
1650 1336 1677 1354 n.
1692 1332 1731 1355 37.
1765 1329 1860 1355 Mcmsi

212 1371 290 1398 Cone.
304 1372 358 1398 coll.
376 1371 474 1404 XVII,
496 1374 530 1397 87
546 1375 642 1397 n.105.
679 1370 770 1403 Miyow
789 1370 863 1397 Patr.
878 1371 925 1396 zat.
941 1369 1077 1403 CXXVI,
1100 1373 1145 1396 783
1163 1378 1189 1396 n.
1204 1373 1258 1396 135.
1279 1384 1309 1388 —-
1329 1370 1402 1401 Jaffe'
1421 1370 1486 1404 Rey.
1502 1374 1565 1397 3199
1583 1371 1687 1404 (2384).

554 1462 703 1486 DILECTO
726 1462 817 1486 FILIO
840 1462 1024 1486 BERNARDO
1046 1461 1263 1486 NOBILISSIMO
1286 1461 1520 1486 MARCIONUM³.

166 1534 192 1553 20
319 1522 401 1558 Quia
425 1525 455 1553 te
479 1531 536 1562 pre
559 1521 717 1552 nonnullis
741 1520 902 1561 diligimus
925 1520 1105 1561 specialius,
1129 1520 1247 1551 idcirco
1270 1521 1302 1550 in
1325 1520 1383 1560 his,
1409 1530 1470 1561 que
1493 1520 1695 1552 nobilitatem
1718 1524 1858 1553 vestram

209 1572 315 1604 Deum
350 1572 514 1604 offendere
549 1572 783 1613 cognoscimus,
820 1583 877 1603 vos
910 1575 1045 1613 paterno
1080 1572 1282 1612 increpamus
1317 1572 1449 1612 affectu,
1484 1573 1653 1613 presertim
1688 1572 1728 1604 de
1763 1584 1859 1604 causa

208 1624 369 1655 Frotherii
392 1623 604 1655 venerabilisa
628 1624 771 1664 episcopi
781 1624 803 1664 4,
828 1624 891 1664 cui,
922 1626 957 1654 ut
979 1623 1157 1663 audimus5,
1186 1623 1283 1654 vestri
1306 1623 1452 1654 homines
1476 1624 1536 1655 iter
1559 1624 1697 1655 civitatis
1720 1635 1790 1664 sue,
1818 1635 1858 1656 ne

210 1676 252 1707 ad
268 1675 378 1707 sedem
395 1686 485 1706 suam
501 1675 734 1716 ingrederetur,
753 1675 923 1715 temerarie
941 1675 1132 1706 clauserunt.
1168 1674 1401 1716 Episcoporum
1421 1675 1583 1716 iudicium,
1599 1676 1643 1706 fili
1659 1676 1826 1707 karissime
1834 1677 1858 1716 ¹³,

209 1732 284 1759 suo⁰
300 1727 522 1758 tantummodo
539 1727 695 1758 Dominus
719 1727 878 1758 servavitd
895 1726 1036 1766 arbitrio,
1060 1737 1119 1757 nec
1136 1726 1176 1757 de
1194 1727 1353 1768 episcopis
1369 1727 1437 1757 vult
1452 1726 1541 1758 Deus
1565 1727 1663 1758 laicos
1686 1727 1828 1759 iudicare
1837 1733 1857 1758 ¹³.

166 1791 190 1809 25
210 1779 303 1810 Unde
327 1789 494 1810 monemus
518 1778 740 1810 dilectionemf
762 1782 815 1818 tue
840 1779 995 1818 caritatis,
1026 1782 1074 1819 ut,
1099 1778 1250 1820 quicquid
1272 1779 1304 1809 in
1328 1779 1388 1810 hac
1413 1789 1508 1810 causa
1533 1779 1668 1820 predicti
1695 1779 1859 1820 episcopig

208 1830 395 1871 deliquistis,
419 1830 476 1861 sub
494 1830 659 1861 celeritate
684 1833 716 1861 et
738 1829 908 1871 legaliterh
925 1830 1030 1861 officio
1054 1840 1090 1861 ac
1114 1831 1289 1861 ministerio
1314 1830 1507 1861 sacerdotali
1531 1830 1703 1862 emendare
1721 1830 1858 1868 studete,

208 1883 282 1923 quia
313 1893 370 1913 nos
400 1882 492 1922 illud,
521 1882 580 1913 nisi
611 1893 668 1923 pro
699 1882 795 1923 digna
826 1882 1065 1923 emendatione,
1095 1883 1230 1913 inultum
1261 1892 1429 1913 remanere
1460 1882 1546 1913 nullo
1580 1882 1676 1913 modo
1709 1882 1858 1923 patimur.

208 1934 366 1975 Optamus
389 1933 590 1964 nobilitatem
615 1937 753 1965 vestram
778 1933 860 1965 bene
885 1933 1016 1964 valerei.

310 2003 402 2027 DATA
421 2003 467 2028 UT
486 2004 602 2028 SUPRA.

165 2197 189 2217 30
311 2185 336 2218 *)
357 2185 397 2211 Β,
417 2185 448 2210 in
465 2192 549 2218 mary.
569 2184 634 2211 add.
653 2193 724 2211 man.
744 2185 897 2211 correctoris
917 2185 952 2211 R.

312 2258 369 2284 154.
398 2258 422 2290 ⁸)
441 2259 535 2284 illustri
554 2259 586 2283 B.
664 2258 689 2291 b)
708 2268 775 2285 corr.
787 2268 817 2284 ea:
836 2268 910 2284 omne
928 2260 962 2284 al.
976 2267 1045 2284 man.
1066 2259 1097 2284 R.
1177 2260 1198 2291 e)
1219 2260 1233 2284 d
1253 2263 1311 2284 ante
1330 2263 1418 2284 nostra
1437 2259 1486 2284 del.
1506 2258 1537 2283 R.
1609 2257 1633 2289 d)
1652 2258 1744 2283 exscidit
1766 2259 1859 2283 femine

207 2307 252 2326 aut
270 2302 352 2326 simile
365 2302 434 2333 quid.
463 2301 596 2333 Sequentia·
614 2303 750 2327 sententiae
762 2306 834 2327 tenor
847 2302 986 2327 admodum
1006 2306 1150 2334 corruptus,
1168 2302 1205 2326 ita
1222 2307 1250 2326 ut
1267 2306 1333 2327 certo
1347 2303 1439 2327 certius
1457 2303 1554 2327 restitui
1572 2306 1686 2333 nequeat,
1705 2310 1735 2326 ex
1753 2301 1858 2332 minuta,

206 2350 233 2369 ut
251 2345 358 2376 videtur,
376 2344 486 2377 pessime
504 2345 646 2376 descriptus
667 2345 694 2369 in
717 2346 838 2377 reqisstro,
860 2345 897 2369 ita
917 2345 1008 2377 legitur
1025 2345 1052 2369 in
1071 2344 1108 2369 R.-
1135 2345 1249 2377 predicte
1273 2345 1369 2370 iuravit
1392 2345 1501 2377 spiritali
1524 2345 1590 2369 inter
1608 2353 1672 2376 quos
1694 2344 1779 2369 acheti
1800 2352 1858 2368 eum

207 2388 327 2413 mechum
346 2396 405 2412 cum
424 2396 475 2419 quo
495 2389 621 2413 consortio
640 2392 777 2420 vestroque
797 2387 820 2419 (o
840 2397 906 2413 corr.
920 2397 950 2413 επ
968 2387 993 2419 a)
1012 2388 1066 2413 zelo
1084 2389 1218 2420 percutite.
1307 2387 1328 2419 e)
1346 2389 1446 2413 exibete
1465 2387 1497 2413 R.

165 2452 188 2472 3⁵
312 2447 369 2472 155.
399 2447 422 2479 Ε)
441 2456 507 2472 corr.
522 2456 552 2472 ex
569 2448 709 2473 venerabili
728 2448 763 2473 ol.
776 2456 844 2472 τηαη.
859 2447 890 2472 R.
961 2446 986 2478 b)
1005 2448 1134 2472 karissimi
1153 2448 1184 2473 R.
1256 2448 1277 2479 c)
1297 2456 1363 2473 corr.
1379 2456 1409 2473 ex
1427 2455 1473 2479 sue
1492 2448 1528 2473 al.
1541 2456 1609 2471 man.
1629 2446 1661 2472 R.
1732 2445 1756 2474 d)
1774 2455 1857 2471 serva-

206 2490 244 2514 bit
264 2490 294 2515 R.
366 2489 388 2523 e)
407 2491 514 2515 iudicari
533 2490 566 2516 R.
636 2489 655 2522 ί)
674 2499 741 2516 corr.
755 2499 785 2515 ez
803 2491 937 2515 dilectione
957 2491 991 2515 al.
1005 2499 1073 2516 man.
1093 2491 1125 2515 R.
1197 2490 1221 2521 8)
1240 2491 1280 2523 epi
1300 2500 1366 2516 corr.
1380 2499 1410 2515 ez·
1429 2489 1471 2523 epl
1490 2490 1523 2515 R.
1593 2488 1619 2522 h)
1638 2490 1755 2522 legaliter
1773 2498 1856 2514 emen-

208 2533 267 2558 dare
285 2533 428 2558 studete—
439 2534 551 2565 patimur
569 2534 653 2559 officio
671 2542 701 2558 ac
719 2534 859 2558 ministerio
878 2534 1027 2558 sacerdotali
1047 2534 1079 2558 R.
1166 2533 1184 2565 i)
1204 2542 1220 2558 v
1239 2542 1306 2559 corr.
1319 2542 1350 2559 ez
1368 2534 1384 2558 b
1404 2533 1435 2558 R.

313 2616 337 2648 l)
359 2616 540 2649 Rutlzenensi,
557 2617 633 2642 hodie
649 2616 769 2649 ‘Rode2’‚
790 2620 904 2643 865—0.
918 2620 977 2643 880.
1065 2618 1091 2649 2)
1113 2617 1196 2643 Forte
1214 2617 1364 2649 Aaiciensi,
1382 2617 1425 2642 cui
1444 2616 1521 2642 etiam
1541 2615 1650 2648 epistola
1669 2623 1696 2641 η.
1709 2618 1741 2641 85
1758 2614 1856 2640 directa

208 2666 259 2684 csse
283 2659 389 2685 videtur
412 2659 538 2692 cuiusque
560 2659 682 2685 dioecesis
705 2659 793 2685 vicina
816 2659 986 2686 Rutlzenewsi
1008 2660 1117 2686 exsistit.
1224 2660 1250 2693 3)
1271 2660 1310 2692 Cf.
1330 2662 1452 2691 om.135,
1473 2662 1529 2684 142.
1565 2658 1640 2683 Haec
1662 2658 1772 2690 epistola
1794 2659 1856 2682 ante

166 2709 193 2727 4ο
211 2701 360 2727 citationem
378 2710 405 2728 n.
420 2705 475 2734 135,
494 2705 526 2728 ut
543 2702 618 2728 habet
637 2702 715 2735 Jaffe',
734 2703 841 2728 minime
859 2711 916 2728 vero
931 2705 991 2736 post
1009 2703 1306 2729 excommunicationem
1324 2711 1351 2729 τι.
1366 2706 1423 2733 142,
1443 2704 1472 2727 ut
1490 2701 1563 2726 habet
1576 2700 1680 2732 Ewald,
1699 2698 1855 2725 collocanda

209 2746 254 2770 est.
284 2743 324 2776 Cf.
338 2747 430 2771 annot.
444 2748 467 2771 5.
544 2745 571 2779 4)
591 2745 773 2771 Bituricensis.
850 2746 876 2779 5)
895 2746 936 2771 Ab
954 2745 1017 2778 ipso,
1037 2748 1066 2771 ut
1084 2745 1196 2778 videtur,
1219 2746 1377 2777 Frothario,
1394 2752 1468 2777 quem
1485 2752 1586 2776 papam
1605 2743 1634 2768 in
1652 2743 1743 2768 itinere
1759 2741 1782 2767 T
1780 2749 1855 2767 rocas

210 2794 296 2812 versus
314 2787 411 2813 adiisse
428 2790 537 2820 constat,
557 2788 592 2819 cf.
606 2796 632 2813 η.
647 2792 702 2820 104,
718 2796 744 2820 p.
760 2791 792 2814 97
808 2790 900 2814 annot.
915 2792 940 2821 4,
960 2788 1023 2814 NA.
1045 2788 1190 2820 XXXVI,
1212 2791 1260 2814 148
1278 2790 1370 2813 annot.
1383 2792 1405 2813 5.

312 2838 462 2864 Erxsrotn:
480 2838 542 2864 VII.
1618 2837 1647 2862 17
