2189 3042
163 2041 192 2062 cf.
203 2043 219 2062 1.
228 2041 275 2061 Cor.
282 2043 354 2065 15,1υ.

362 186 400 214 44
851 175 1030 204 IOHANNIS
1049 175 1124 202 VIII.
1144 174 1263 201 PAPAE
1287 172 1460 200 EPISTOLA
1479 173 1520 200 46.

1159 276 1210 306 46.

469 339 624 370 Iohannes
648 336 746 368 VIII.
762 345 851 374 papa
867 335 966 366 Aiom'
987 334 1128 374 episcopo
1143 333 1364 364 Beneventano
1388 332 1425 363 de
1439 332 1501 371 fide
1523 334 1647 363 servata
1667 331 1790 371 ,qratias
1812 331 1893 371 ayit;
1915 334 1952 362 ut
1974 332 2009 363 in

360 390 553 423 dissolve-ndo
569 389 801 420 Saracenorum
817 386 937 424 foedere
958 385 1082 422 laboret,
1106 385 1306 424 deprecatum
1323 384 1491 423 praecipit,
1514 385 1551 414 ut
1567 393 1627 422 per
1641 382 1775 422 fratrem
1791 382 2007 423 (Adalyisz'um

353 441 545 482 principem)
569 439 731 479 epistolam
754 448 846 469 suam
869 438 905 468 de
924 437 1085 468 adiutorio
1107 436 1257 467 mittendo
1281 436 1326 476 (n.
1340 436 1397 476 47)
1421 435 1464 466 ad
1478 434 1698 475 (Greyorium)
1714 434 1857 473 primum
1872 434 2009 465 Graeco-

360 504 432 524 rum
455 492 669 523 Beneventum
692 489 881 520 venientium
904 488 1031 528 dirigat.
1689 486 1752 516 877
1775 486 1854 524 Apr.
1872 487 1922 516 17.

472 559 547 585 Corl..·
577 558 603 584 R
622 561 642 591 s.
657 560 698 583 22¹
718 566 745 582 n.
758 560 798 582 46.

462 610 547 637 Eclds
575 609 666 635 Editio
685 609 809 635 Romana
828 608 913 641 (1591)
934 607 992 640 III,
1009 610 1057 634 326
1075 615 1102 633 n.
1116 611 1157 633 45.
1194 605 1288 631 Mami
1308 605 1384 631 Cone.
1398 605 1453 631 coll.
1476 604 1578 637 XVII,
1598 609 1628 631 41
1647 613 1674 631 η.
1688 608 1727 631 45.
1764 604 1857 638 Migyne
1876 604 1951 630 Patr.
1964 605 2009 630 lat.

361 655 445 681 CXX
452 654 495 686 VI,
519 657 565 680 725
583 661 610 679 rt.
628 656 662 678 72.
683 666 715 670 —
733 651 806 683 Jall‘c‘
827 651 892 685 Rey.
904 654 968 678 3091
987 650 1089 684 (2320).

897 734 993 759 AIONI
1016 733 1179 758 EPISCOPO
1202 731 1480 757 BENEVENTAN01.

466 791 649 832 Perspectis
672 789 817 830 apicibus
845 789 1024 820 sanctitatis
1053 791 1122 828 tue,
1153 790 1306 829 quantum
1336 788 1368 817 in
1395 790 1426 817 te
1456 786 1553 817 divini
1580 786 1698 817 amoris
1728 786 1825 817 ardor
1848 786 2011 826 efferveat,

360 846 430 876 luce
448 843 562 875 clarius
585 842 829 883 recognovimus
850 844 891 880 et,
911 842 1064 881 quantum
1084 850 1162 881 erga
1186 842 1329 870 sanctam
1347 838 1528 869 Romanam
1545 838 1715 869 ecclesiam
1732 838 1866 869 devotus
1883 838 2012 878 existas,

360 895 582 927 nichilominus
607 893 812 924 advertentes
836 902 894 933 pro
918 894 1008 923 tanta
1031 891 1089 922 tibi
1112 891 1311 931 benignitate
1335 890 1529 931 multiplices
1550 890 1669 931 gratias
1692 890 1817 931 agimus
1841 892 1874 920 et
1896 890 2013 920 sancti-

360 948 500 979 moniam
524 950 611 977 tuam
634 944 676 976 ad
699 945 797 975 nostri
823 943 1004 984 profectum
1028 943 1210 974 certaminis
1228 942 1331 983 dignis
1348 942 1471 983 pollere
1496 940 1693 973 successibus
1717 941 1758 972 ab
1776 941 2014 982 Omnipotentis

361 998 531 1029 clementia
550 996 757 1038 postulamus.
799 995 886 1026 Vere
904 995 1033 1035 etenim,
1057 994 1157 1025 frater
1173 994 1351 1033 karissime,
1376 992 1525 1024 laudibus
1549 1003 1583 1024 es
1607 992 1819 1033 extollendus,
1837 993 1891 1034 qui
1914 992 2013 1023 tribu-

361 1051 496 1081 lationes
525 1051 663 1087 nostras,
695 1051 793 1088 quasa
821 1057 878 1087 pro
908 1047 1028 1087 populo
1059 1046 1151 1077 nobis
1181 1046 1350 1077 commisso
1381 1045 1534 1086 patimur,
1564 1046 1654 1086 quasi
1683 1044 1836 1085 presensb
1860 1044 2013 1083 intuensc,

361 1101 526 1133 nobiscum
542 1110 674 1141 gemens
699 1102 731 1129 et
755 1097 868 1128 dolens
891 1098 932 1129 ad
956 1098 1013 1129 has
1036 1097 1228 1129 auferendas
1245 1097 1413 1138 providum
1438 1096 1689 1127 commilitonem
1715 1098 1746 1127 et
1770 1099 2014 1136 cooperatorem

362 1157 504 1184 nostrum
533 1162 595 1182 non
624 1150 769 1181 indebite
798 1152 829 1180 to
854 1150 937 1181 velle
966 1160 1036 1180 esse
1066 1150 1099 1180 in
1127 1149 1273 1180 omnibus
1304 1148 1500 1180 asseverasd.
1546 1148 1615 1179 Nec
1643 1147 1730 1179 aliud
1759 1148 1868 1188 itaque
1897 1146 1937 1178 de
1961 1150 2015 1177 tua

363 1205 530 1235 sanctitate
555 1200 722 1241 credimus,
748 1211 806 1232 nec
823 1201 910 1232 aliud
934 1202 1142 1242 suspicamur,
1166 1201 1225 1232 nisi
1250 1204 1293 1241 ut,
1319 1201 1463 1242 quamvis
1487 1210 1621 1241 corpore
1646 1199 1763 1230 absens
1787 1199 1838 1239 sis,
1863 1199 1975 1240 spiritu
1998 1208 2016 1229 a

363 1256 478 1287 nostris
501 1254 691 1295 singultibus
715 1263 890 1293 numquam
914 1252 999 1283 desis
1023 1255 1071 1291 et,
1096 1263 1192 1294 quam
1217 1251 1390 1283 dolendum
1415 1253 1468 1288 sit,
1494 1251 1580 1293 quod
1602 1251 1717 1282 fideles
1740 1261 1811 1282 cnm
1835 1249 2017 1281 infidelibus

364 1311 429 1339 tam
453 1306 629 1347 perniciose
653 1306 834 1345 iunguntur,
866 1304 1019 1345 liquidius
1049 1307 1082 1335 et
1109 1305 1179 1345 ipse
1207 1303 1397 1345 perpendas
1445 1303 1548 1334 Huius
1577 1304 1624 1334 rei
1656 1303 1774 1344 gratia,
1805 1302 1880 1344 quia
1908 1301 2016 1332 multis

364 1359 511 1390 studeree
533 1357 676 1398 loquelis,
702 1366 741 1387 ne
765 1356 885 1398 magiss
905 1355 1140 1397 multiplicareg
1162 1355 1260 1387 verba
1284 1366 1379 1396 quam
1403 1355 1543 1396 gemitus
1566 1354 1741 1394 videamur,
1766 1364 1829 1384 non
1853 1353 2015 1394 expediat,

364 1411 515 1451 precipue
533 1409 607 1450 quia
631 1412 685 1439 tua
700 1408 883 1439 fraternitas
906 1408 992 1449 ipsos
1015 1407 1190 1438 invisibiles
1214 1407 1375 1438 meroresh
1392 1410 1526 1446 nostros,
1551 1407 1632 1437 sicut
1654 1407 1686 1436 in
1710 1406 1824 1437 litteris
1841 1405 1924 1435 tuis2
1941 1415 2016 1435 con-

365 1462 529 1503 spicimus,
552 1471 614 1491 non
638 1461 777 1501 ignorat,
803 1470 860 1501 per
884 1460 989 1500 illum,
1015 1459 1069 1501 qui
1092 1462 1124 1490 te
1149 1458 1350 1490 sacerdotem
1375 1469 1467 1489 suum
1491 1459 1667 1498 constituit,
1692 1462 1778 1489 tuam
1802 1456 2016 1488 reverentiam

365 1513 549 1544 adiuramus
570 1511 805 1552 suadentesque
828 1511 931 1542 modis
952 1511 1099 1542 omnibus
1117 1511 1329 1551 deprecamur
1345 1514 1377 1541 et
1393 1511 1583 1541 auctoritate
1600 1510 1780 1551 principum
1798 1508 2016 1550 apostolorum

366 1565 506 1596 fraterno
537 1563 609 1593 freti
640 1573 748 1593 amore
782 1563 990 1603 precipimus,
1020 1565 1054 1593 ut
1086 1561 1233 1592 omnibus
1265 1561 1382 1592 viribus
1413 1563 1473 1593 tuis
1502 1562 1652 1602 omnique
1683 1571 1776 1602 posse
1806 1563 1860 1590 tuo
1890 1559 2016 1590 labores

368 1619 432 1647 tam
456 1615 577 1645 scilicet
601 1625 671 1645 cum
695 1624 848 1655 germano
871 1613 991 1644 fratre³
1008 1624 1104 1655 quam
1129 1624 1200 1645 eum
1225 1613 1295 1644 aliis
1313 1612 1509 1644 Christicolis
1532 1614 1563 1643 in
1579 1613 1640 1644 hoc
1664 1623 1759 1654 opem
1780 1612 1863 1642 ferre
1880 1610 2016 1641 valenti·
2036 1620 2047 1638 2

367 1667 436 1707 bus,
459 1670 493 1697 ut
516 1667 614 1707 impia
631 1666 853 1707 Agarenorum
877 1665 999 1707 federa,
1025 1676 1085 1707 que
1109 1665 1316 1706 Neapolitani
1341 1665 1391 1695 vel
1416 1665 1463 1695 sui
1487 1665 1626 1695 consocii
1650 1674 1721 1695 cum
1745 1663 1880 1694 inimicis
1901 1662 2018 1694 Christi

368 1719 503 1750 nominis
534 1718 704 1753 inierunt4,
735 1717 861 1748 Christo
894 1718 1067 1748 miserante
1100 1717 1288 1758 quantocius
1321 1716 1525 1747 destruantur
1556 1719 1588 1747 et
1620 1727 1684 1757 pax
1718 1718 1815 1756 atque
1848 1713 2018 1745 concordia

368 1771 509 1801 fidelium
526 1780 584 1810 per
600 1769 736 1800 eundem
754 1769 914 1800 Christum
932 1769 1095 1800 dominum
1112 1769 1314 1807 reformetur,
1339 1771 1497 1809 quatenus
1520 1778 1636 1809 corpus
1660 1770 1768 1807 sancte
1784 1766 1847 1797 Dei
1871 1765 2017 1805 ecclesie,

369 1832 425 1862 pro
443 1832 506 1862 qua
530 1821 656 1861 sangnis
680 1821 766 1851 fusus
791 1824 838 1851 est
857 1820 984 1859 Christi,
1007 1820 1039 1851 11]
1063 1821 1127 1851 suis
1150 1820 1304 1851 membris
1328 1830 1390 1850 non
1414 1820 1573 1850 laceretur
1598 1823 1639 1858 et,
1664 1829 1725 1860 que
1750 1818 1790 1848 sit
1806 1828 1882 1848 vera
1906 1816 2018 1858 religio

368 1876 464 1913 atque
488 1873 631 1913 perfecta
655 1872 778 1910 caritas,
803 1876 1002 1913 agnoscatur.
1051 1872 1143 1912 Quia,
1169 1871 1244 1902 licet
1266 1882 1323 1902 vos
1347 1871 1398 1902 vel
1423 1871 1524 1901 omnis
1555 1871 1637 1902 forte
1668 1869 1804 1901 mundus
1834 1869 1933 1907 mala,
1958 1878 2018 1909 que

369 1924 544 1954 imminent.
578 1924 700 1964 lugeat,
732 1934 788 1954 nos
814 1927 920 1954 tamen
945 1927 1067 1954 tantum
1092 1934 1147 1964 pre
1173 1923 1318 1954 omnibus
1342 1922 1515 1964 affligimur
1538 1933 1574 1953 ac
1600 1922 1760 1958 dolemus,
1785 1923 1938 1962 quantum
1962 1931 2017 1961 pre

370 1975 515 2006 omnibus
539 1975 784 2005 sollicitudiuem
808 1979 904 2016 atque
930 1985 1037 2006 curam
1061 1975 1276 2015 regendarum
1294 1974 1410 2005 Christi
1435 1975 1541 2005 ovium
1564 1985 1622 2005 nos
1645 1973 1822 2014 suscepisse
1846 1971 2017 2013 perpendi-

368 2037 450 2060 mus:
474 2026 622 2067 ideoque,
648 2027 721 2067 quia
742 2026 812 2067 plus
837 2026 983 2056 omnibus
1006 2026 1199 2067 laboramus,
1223 2029 1259 2057 ut
1282 2036 1340 2066 per
1364 2036 1420 2056 vos
1440 2025 1533 2056 labor
1557 2029 1666 2056 noster
1688 2035 1789 2066 usque
1814 2023 1855 2054 ad
1879 2023 2019 2054 efectum

369 2079 527 2119 proficiat,
551 2078 732 2118 specialiter
755 2078 975 2119 deprecamur.
1022 2078 1110 2109 Inter
1134 2078 1193 2118 hec
1217 2081 1325 2108 autem
1348 2077 1553 2108 karissimum
1576 2076 1723 2114 fratrem,
1748 2085 1936 2116 quesumuS,
1961 2084 2017 2105 ex-

369 2130 513 2168 hortare,
541 2133 575 2159 ut
599 2130 765 2169 epistolam
790 2133 929 2160 nostram
954 2129 994 2160 ad
1018 2130 1154 2170 primum
1179 2128 1356 2160 Grecorum
1384 2129 1458 2159 illuc
1483 2127 1712 2160 venientiumis
1735 2128 1797 2158 cito
1826 2126 2020 2157 transmittat

370 2184 401 2212 et
424 2182 487 2211 suis
511 2191 583 2211 eum
608 2180 885 2221 deprecationibus
909 2184 1053 2220 moneat,
1082 2184 1117 2211 nt
1146 2182 1231 2212 omni
1255 2184 1363 2211 amota
1388 2180 1555 2211 occasione
1578 2179 1630 2210 vel
1654 2179 1765 2209 decem
1790 2178 1960 2208 dromones
1989 2177 2020 2207 in

370 2232 561 2263 adiutorium
586 2235 725 2262 nostruin
751 2233 855 2263 statim
874 2232 1012 2273 dirigere
1036 2243 1198 2274 nunquam
1216 2233 1352 2273 omittat,
1375 2232 1450 2273 quia
1472 2242 1530 2262 nos
1551 2229 1766 2272 cooperantek
1783 2230 1886 2271 gratia
1903 2229 2020 2260 Christi

371 2287 435 2314 tam
460 2293 529 2313 01111]
558 2283 724 2313 karissimo
748 2283 813 2313 filio
838 2286 944 2314 nostro
967 2284 1142 2315 Lamberto
1166 2283 1305 2325 glorioso
1331 2283 1410 2314 duce
1421 2284 1442 2323 ⁶,
1473 2283 1526 2324 qui
1554 2282 1646 2314 nobis
1673 2282 1704 2312 in
1729 2280 1874 2312 omnibus
1896 2280 2018 2321 heret7,

371 2345 465 2375 quain
490 2345 560 2365 cum
583 2334 652 2365 aliis
675 2334 779 2365 Deum
805 2335 988 2365 timentibus
1013 2335 1249 2375 desudabimus,
1272 2338 1308 2366 ut
1331 2339 1363 2366 et
1386 2335 1517 2376 impium
1541 2334 1634 2374 fedus
1658 2344 1728 2364 cum
1746 2333 1904 2373 Agarenis
1927 2330 2019 2362 habi-

371 2390 437 2417 tum
453 2386 652 2423 dissolvatur,
675 2389 707 2416 et
731 2385 860 2416 libertas
876 2387 925 2416 vel
944 2387 1107 2426 aliquanta
1124 2388 1277 2418 securitas
1295 2386 1467 2418 Christiani
1482 2386 1592 2427 populi
1608 2387 1803 2416 renascatur.
1839 2383 2019 2422 Postremo,

475 2497 515 2523 46.
544 2499 568 2528 ²²)
587 2497 648 2521 «dd.
669 2497 695 2520 in
714 2489 966 2529 vzaryi11e‘al.wzan.
987 2499 1017 2523 R.
1094 2499 1118 2532 h)
1139 2509 1204 2525 corr.
1218 2509 1250 2525 em
1269 2505 1401 2533 presentes
1420 2501 1455 2524 al.
1468 2508 1538 2523 man.
1557 2498 1589 2523 B.
1667 2497 1689 2529 c)
1709 2498 1820 2521 innuens
1839 2496 1868 2520 R.
1950 2494 1974 2527 (l)
1993 2496 2019 2519 in

372 2551 424 2567 ras.
444 2541 475 2566 R.
570 2541 593 2570 ἓ)
612 2541 685 2564 stude
706 2540 736 2564 R.
831 2540 850 2565 s)
871 2543 970 2572 magnis
990 2542 1020 2566 ]ι’.
1119 2544 1143 2574 Β)
1162 2544 1332 2576 multiplicare
1352 2543 1524 2575 multiplicare
1544 2542 1574 2566 R.
1673 2539 1698 2571 h)
1718 2548 1784 2565 corr.
1797 2547 1828 2564 ex
1846 2546 1969 2564 memores
1986 2538 2018 2562 B.

372 2585 389 2616 i)
408 2594 460 2609 rus.
479 2585 544 2609 inter
563 2584 569 2607 i
589 2588 610 2608 e!
630 2592 643 2608 e
662 2583 694 2607 R.
782 2582 806 2609 Ι(Ι
826 2592 876 2614 quo
896 2589 1015 2616 operante
1034 2585 1065 2609 Ιῖ.

476 2661 502 2691 1)
528 2659 557 2685 V.
576 2667 661 2692 snpra
679 2666 705 2684 11.
719 2661 764 2689 34,
786 2667 812 2691 2).
826 2662 859 2684 33
878 2662 968 2685 11111101.
983 2664 1004 2685 2.
1101 2661 1126 2693 2)
1149 2662 1340 2695 Responsorifis,
1364 2664 1394 2686 ut
1416 2660 1528 2692 ridetur,
1550 2659 1586 2685 acl
1608 2659 1745 2692 epistolam
1767 2666 1794 2684 η,
1807 2660 1853 2690 34,
1876 2665 1945 2690 quae
1963 2664 2019 2682 vero

2032 849 2058 867 10

2036 1106 2058 1125 15

2035 1363 2060 1382 20

2039 1877 2063 1896 30

2038 2134 2062 2154 35

2039 2391 2064 2410 40

373 2711 427 2728 ‘non
445 2704 558 2728 exstant.
630 2702 656 2734 3)
676 2701 812 2734 Arlalfflsio
826 2702 865 2727 ΙῙ.
875 2702 1002 2734 principe.
1073 2704 1100 2737 4)
1123 2704 1163 2735 Cf.
1176 2713 1202 2730 11.
1214 2708 1321 2731 39-42,
1392 2705 1418 2737 5)
1441 2703 1615 2737 Greyorimn;
1631 2702 1665 2733 cf.
1678 2709 1704 2727 n.
1715 2705 1754 2727 47.
1828 2700 1856 2734 6)
1876 2699 2018 2733 &metina
2036 2708 2061 2726 45

374 2747 399 2777 7)
419 2745 510 2779 Lonyc
528 2744 603 2770 aliter
627 2744 658 2770 (le
676 2752 705 2770 co
724 2752 755 2770 m.
779 2744 840 2770 Nor.
860 2748 907 2770 876
925 2746 1076 2777 scripserat,
1101 2746 1135 2777 cf.
1155 2751 1233 2778 1192,
1253 2751 1300 2777 24,·
1322 2746 1368 2773 sed
1392 2746 1488 2780 legatio
1506 2745 1614 2772 111.Βο0.
1633 2744 1669 2770 ad
1691 2752 1750 2770 eum
1773 2743 1851 2770 missa
1870 2742 1917 2775 (cf.
1936 2742 2019 2774 ’1123)

370 2795 495 2821 prospere
512 2786 623 2813 creuisse
639 2786 752 2813 ridetur.
