2189 3042
132 442 162 462 cs*
175 441 323 465 l.Cor.15,5S.

339 192 379 223 30
829 183 1007 212 IOHANNIS
1026 183 1101 210 VIII.
1120 183 1238 209 PAPAE
1260 182 1434 209 EPISTOLA
1454 182 1495 208 31.

339 277 472 307 vilescat
488 276 669 317 imperinm,
687 277 719 305 ct
736 276 802 304 tote
814 271 1045 303 Christianitati
1061 272 1210 301 nascatur
1227 269 1439 311 dispendium.
1472 268 1726 300 Reminiscimini
1741 268 1838 308 igitur
1853 271 1985 309 propter

338 328 454 365 Deum,
478 326 725 364 reminiscimini,
750 325 824 365 quia
846 323 947 354 multa
970 327 1046 363 spea
1070 324 1102 353 et
1121 321 1238 352 fiducia
1260 321 1334 352 freti
1358 320 1507 351 divinitus
1530 323 1563 351 et
1589 320 1772 350 humanitus
1795 319 1837 350 ad
1859 319 1985 360 imperii

340 379 554 420 gubernacula
585 376 800 418 promerenda
830 386 886 416 pro
916 373 1007 405 vobis
1031 374 1205 404 certamina
1235 373 1428 414 sumpsimus
1454 371 1596 413 nullique
1626 371 1729 402 labori
1751 371 1985 412 pepercimus²,

340 430 478 471 ideoque
502 431 604 460 vicem
629 428 720 459 nobis
744 426 921 468 rependite,
945 428 980 456 ut
1003 435 1076 466 spes
1100 428 1133 456 et
1155 425 1246 456 labor
1269 427 1377 455 noster
1400 435 1462 455 non
1486 424 1527 454 sit
1549 423 1652 454 inanis
1674 423 1705 453 in
1722 422 1876 459 Domino;
1902 423 1985 463 quia,

340 492 410 512 cum
439 482 498 522 hec
528 481 623 511 fuerit
653 489 781 520 semper
812 477 898 519 apud
925 487 981 508 vos
1004 487 1128 508 summa
1151 479 1258 517 nostre
1283 477 1458 517 petitioniS,
1492 476 1517 505 si
1546 475 1682 516 amplius
1710 473 1802 505 nobis
1833 473 1987 504 auxilium
2017 485 2029 504 5

340 536 481 563 vestrum
509 532 744 570 subtraxeritis,
768 531 799 560 in
824 529 1083 570 desperationem
1106 529 1188 569 lapsi
1213 528 1396 559 deficiemus
1421 530 1454 558 et
1477 527 1609 558 forsitan
1633 526 1674 557 ad
1696 525 1775 556 aliut
1799 524 1988 556 consilium2

340 584 510 625 resumptis
538 583 742 624 aliquantulis
766 581 883 612 viribus
914 581 1096 611 necessario
1126 580 1399 611 transcendemus.
1446 579 1518 610 Non
1544 579 1641 619 enim,
1672 579 1751 609 sicut
1774 587 1830 608 vos
1854 577 1987 607 forsitan

342 636 506 675 estimatis,
531 634 713 666 mediocreb
730 634 849 665 malum
874 636 941 664 tota
957 635 1064 663 nostra
1082 632 1218 663 ecclesia
1234 632 1363 672 patitur,
1387 631 1525 662 minimis
1542 633 1643 661 status
1658 631 1704 661 rei
1720 629 1847 670 publice
1865 628 1988 659 damnis

342 688 488 725 afficitur,
512 687 569 717 sed
585 687 648 717 alia
665 686 895 717 Saracenorum
916 684 1102 724 incursibus,
1127 683 1190 714 alia
1210 686 1318 714 autem
1336 683 1589 714 Christianorum
1611 683 1656 712 ita
1680 685 1751 712 sunt
1775 681 1988 712 exterminata

343 742 375 770 et
398 739 565 769 devastata
589 737 766 779 tyrannide,
790 740 825 767 ut
848 747 910 766 non
933 738 1041 766 nostra
1065 735 1140 775 sint,
1165 746 1226 776 que
1250 738 1357 765 nostra
1381 734 1517 774 suerunt,
1542 734 1617 775 quin
1640 734 1746 775 potius
1770 733 1837 764 solo
1860 732 1988 763 nomine
2008 742 2033 762 ιο

344 790 488 821 omnibus
520 790 580 820 illis
614 793 740 820 utamur
770 791 803 819 et
830 788 880 818 vel
912 787 954 817 ad
985 787 1204 818 defensionem
1234 787 1336 827 patrie
1368 786 1419 817 vel
1449 785 1491 816 ad
1519 786 1659 826 aliquam
1687 785 1859 815 utilitatem
1882 786 1989 824 nostre

344 842 477 882 ecclesie
503 841 719 882 quorumlibet
742 839 862 870 solacia
885 849 1059 879 numquam
1082 838 1291 869 inveniamus.
1337 838 1495 878 Precipue
1526 841 1633 868 autem
1661 836 1746 873 hi03,
1777 846 1856 877 quos
1883 838 1991 866 vestra

343 904 406 924 non
428 893 555 933 ignorat
577 893 742 931 maiestas,
772 902 835 922 non
860 891 962 921 solum
986 890 1074 921 nulla
1096 890 1189 920 nobis
1213 890 1332 921 solacia
1356 890 1537 929 conferunt,
1562 899 1672 920 verum
1696 889 1809 927 etiam,
1839 886 1991 928 quicquid

344 944 507 975 residuum
531 947 579 975 est
602 955 620 974 a
644 944 792 984 paganis,
820 942 1072 983 impretermisse
1099 941 1289 972 subtrahunt
1317 944 1349 972 et
1377 952 1505 973 omnem
1528 943 1669 972 nostram
1694 940 1937 981 dispositionem
1959 938 1991 968 in

344 997 503 1027 territorio
526 995 672 1027 Romano
697 996 760 1026 suis
783 995 942 1026 violentiis
966 993 1100 1034 calcant,
1125 993 1207 1024 adeo
1231 996 1266 1024 ut
1289 1003 1347 1024 nec
1370 993 1519 1024 victualia
1543 1003 1602 1023 nec
1627 992 1691 1023 ulla
1715 990 1937 1033 quadrupedia
1960 990 1992 1020 in
2011 1001 2035 1020 15

346 1048 490 1078 omnibus
512 1048 627 1078 nostris
651 1049 852 1085 remaneant,
880 1055 939 1076 nec
962 1045 1076 1085 ullum,
1105 1045 1159 1086 qui
1185 1044 1278 1075 nobis
1301 1045 1514 1085 compatiatur
1537 1045 1587 1075 vel
1610 1046 1735 1075 nostros
1759 1042 1914 1084 singultus
1938 1044 1993 1072 aut

345 1100 483 1140 gemitus
507 1098 629 1134 doleat,
659 1097 789 1128 oculusd
811 1096 938 1128 nosterd
963 1096 1127 1137 aspiciatd.
1174 1096 1252 1135 Sed,
1284 1096 1358 1137 quia
1384 1099 1473 1127 tanto
1496 1096 1684 1136 imperatori
1706 1105 1810 1136 pauca
1833 1093 1994 1124 sufficiunt

347 1155 379 1182 et
402 1162 443 1181 ex
466 1151 533 1181 istis
556 1152 629 1188 iam,
654 1150 697 1180 fili
714 1150 891 1189 karissime,
916 1159 977 1190 que
1001 1158 1059 1179 nos
1082 1158 1138 1188 pre
1162 1148 1285 1189 gemitu
1309 1151 1341 1178 et
1357 1148 1530 1178 afflictione
1556 1147 1661 1178 cordis
1684 1147 1772 1188 loqui
1794 1156 1857 1176 non
1880 1155 1992 1186 possu-

346 1213 425 1239 nmS,
451 1203 597 1233 universa
613 1202 676 1232 alia
693 1202 902 1242 cognoscetis,
927 1200 1017 1241 quasi
1040 1200 1137 1230 humo
1162 1201 1313 1240 prostrati
1330 1202 1470 1231 vestram
1493 1199 1764 1240 magnificentiam
1782 1197 1993 1239 deprecamur

348 1257 380 1285 et
407 1264 464 1295 per
491 1254 629 1284 futurum
658 1253 808 1284 iudicium
837 1252 1021 1283 adiurantes
1050 1262 1122 1282 cum
1149 1254 1217 1282 tota
1248 1254 1358 1282 nostra
1382 1251 1518 1282 ecclesia
1541 1253 1647 1281 vestro
1673 1249 1822 1280 divinitus
1845 1251 1993 1290 protecto
2012 1257 2038 1276 20

348 1306 482 1346 imperio
506 1305 580 1336 totis
603 1305 721 1335 viribus
738 1304 938 1345 suggerimus
961 1304 1125 1344 votisquee
1149 1303 1345 1344 subplicibus
1366 1313 1477 1343 preces
1501 1302 1618 1332 multas
1635 1301 1838 1340 effundimus,
1861 1305 1896 1331 ut
1919 1311 1993 1331 con-

348 1358 421 1397 trite
446 1360 478 1387 et
501 1357 586 1387 omni
610 1356 747 1387 humano
772 1355 890 1386 solacio
912 1355 1064 1395 destitute
1088 1358 1196 1386 sancte
1219 1355 1314 1385 matri
1337 1358 1441 1394 vestre
1458 1354 1604 1394 Romane
1621 1353 1756 1393 ecclesie
1774 1352 1994 1384 defensionem

349 1408 555 1449 debitamque
580 1409 746 1438 tuitionem
771 1408 891 1438 cunctis
914 1408 1045 1438 remotis
1069 1406 1288 1438 occasionibus
1307 1407 1492 1447 cunctisque
1517 1405 1641 1437 omissis
1664 1404 1870 1435 dilationibus
1894 1405 1994 1435 omni-

349 1460 451 1491 modis
468 1460 637 1500 prebeatiS,
656 1461 738 1500 quia,
757 1470 829 1490 cum
845 1461 908 1490 iam
925 1460 1014 1490 iuxta
1031 1459 1232 1499 precipitium
1250 1459 1469 1497 consistamus,
1491 1457 1551 1487 nisi
1566 1467 1662 1488 manu
1679 1459 1784 1496 vestre
1802 1455 1996 1487 defensionis

350 1515 382 1542 et
408 1512 596 1542 necessariis
623 1512 728 1549 nobis,
760 1512 841 1542 sicut
867 1510 1094 1552 premisimusf,
1123 1511 1221 1541 immo
1247 1511 1354 1550 sepius
1382 1510 1614 1548 exoravimusss,
1650 1507 1858 1549 quantociush
1882 1507 1996 1548 opibus
2014 1515 2039 1536 2⁵

351 1563 518 1594 subvenire
544 1563 736 1603 studueritis,
762 1573 818 1604 spe
841 1562 968 1593 vivendi
991 1572 1049 1603 per
1073 1561 1271 1593 Christianos
1294 1561 1434 1601 sublata,
1457 1564 1512 1591 aut
1534 1561 1611 1601 ipsis
1634 1561 1769 1601 paganis
1792 1559 1995 1599 subiciemur,

351 1618 415 1651 aut,
441 1615 525 1656 quod
548 1618 671 1645 avertat
696 1614 802 1646 divina
825 1615 979 1655 potentia,
1004 1614 1044 1645 ab
1070 1624 1181 1645 eorum
1204 1613 1408 1644 multitudine
1432 1613 1507 1644 victi
1531 1612 1572 1643 ad
1597 1622 1724 1644 omnem
1749 1611 1997 1642 Christianitatis

351 1667 512 1697 interitum
537 1666 657 1697 crudeli
681 1677 759 1697 nece
782 1666 957 1707 peribimus
984 1676 1021 1696 ac
1045 1676 1103 1707 per
1129 1666 1190 1696 hoc
1221 1668 1253 1696 et
1277 1665 1394 1697 Christi
1423 1673 1540 1695 nomen
1564 1664 1595 1694 in
1619 1663 1767 1705 gentibus
1790 1663 1996 1704 blasphema-

351 1718 445 1757 bitur,
470 1721 502 1748 et
525 1722 627 1758 vestre
653 1718 809 1758 opinionis
833 1721 906 1749 ante
936 1721 1009 1748 acta
1032 1717 1137 1748 studia
1162 1717 1314 1748 oblivioni
1337 1716 1524 1747 tradenturi.
1570 1715 1674 1746 Huius
1698 1716 1745 1746 rei
1768 1715 1887 1755 gratia,
1918 1715 1998 1745 sicut

353 1780 447 1810 supra
464 1770 674 1809 meminimus,
693 1773 884 1810 oportunum
900 1769 1094 1800 adiutorium
1111 1769 1311 1799 conferentes
1335 1768 1427 1799 nobis
1440 1770 1580 1799 vestrum
1598 1767 1775 1798 exercitum
1792 1766 1833 1797 ad
1849 1766 1998 1797 hostilem
2018 1775 2044 1794 ³0

354 1821 594 1862 expeditionem
621 1822 892 1862 promptissimum
916 1821 1074 1852 destinate
1099 1820 1243 1862 aliosque
1260 1820 1366 1852 Deum
1390 1830 1448 1861 per
1472 1820 1578 1850 omnia
1602 1819 1773 1859 diligentes
1796 1819 1919 1858 missos,
1944 1818 1999 1859 qui

353 1873 501 1903 vitiorum
516 1873 660 1903 flammas
685 1873 801 1912 iustitie
826 1873 952 1904 tramite
977 1873 1025 1903 usi
1046 1875 1261 1914 compescant,
1286 1873 1383 1902 nimia
1406 1872 1570 1903 celeritate
1592 1870 1729 1911 dirigite,
1754 1873 1921 1911 quatenus,
1946 1870 1999 1910 qui

354 1924 526 1955 innumeris
550 1924 805 1954 tribulationibus
837 1925 997 1965 quatimur
1019 1935 1056 1955 ac
1088 1928 1250 1964 estuamus
1274 1927 1306 1954 et
1328 1934 1384 1964 pro
1418 1923 1527 1964 populi
1557 1922 1648 1953 nobis
1676 1922 1837 1953 commissi
1864 1922 2000 1952 miseriis

355 1977 544 2015 cruciamur,
579 1977 691 2006 vestris
723 1976 993 2006 consolationibus
1028 1976 1138 2007 refecti
1171 1976 1308 2016 letemur
1342 1979 1374 2006 et
1408 1985 1466 2015 per
1497 1985 1553 2005 vos
1581 1973 1811 2015 tranquillitate
1846 1976 2000 2014 percepta

356 2031 499 2068 optatam
523 2027 720 2067 libertatem,
751 2028 831 2058 sicut
859 2027 966 2061 decet,
997 2038 1055 2068 per
1082 2030 1148 2058 tam
1171 2027 1345 2068 benignum
1370 2027 1598 2067 imperatorem
1628 2026 1781 2066 consequi
1807 2035 1998 2056 mereamur.
2019 2037 2043 2056 ³5

355 2079 523 2109 Postremo
548 2078 757 2110 subtilitatem
772 2082 912 2110 vestram
929 2079 1140 2119 deposcimus,
1163 2082 1198 2109 ut
1219 2079 1338 2109 latores
1358 2078 1565 2118 presentium,
1589 2077 1744 2108 Petrum4
1768 2077 1889 2107 scilicet
1905 2079 2001 2116 atque

356 2131 510 2161 Petrum5
534 2130 734 2161 venerabiles
759 2132 935 2171 episcopos,
959 2131 1073 2161 missos
1089 2130 1264 2171 apostolice
1290 2129 1374 2160 sedis
1391 2132 1580 2170 nostrosque
1597 2129 1741 2168 dilectos,
1765 2129 1855 2158 iuxta
1878 2137 2001 2158 morem

357 2182 494 2223 benigne
525 2192 562 2211 ac
590 2182 723 2222 pacifice
751 2182 912 2222 suscipere
947 2192 1009 2212 non
1039 2181 1275 2222 dedignemini⁶
1305 2184 1337 2211 et
1370 2191 1421 2219 ea,
1451 2191 1511 2221 que
1540 2180 1601 2220 piis
1623 2180 1736 2210 vestris
1760 2178 1920 2209 auditibus
1943 2189 2001 2219 pro

357 2233 494 2264 utilitate
519 2236 626 2272 sancte
650 2232 795 2273 Romane
821 2233 955 2273 ecclesie
987 2234 1018 2262 in
1043 2236 1216 2274 conspectu
1239 2235 1344 2263 vestro
1368 2231 1549 2270 retulerint,
1581 2231 1622 2261 ad
1647 2240 1821 2271 congruum
1845 2240 1882 2261 ac
1907 2240 2001 2270 opor-

357 2289 468 2315 tunum
492 2284 641 2315 effectum
666 2284 831 2324 pervenire
856 2295 912 2324 pro
937 2284 1054 2314 sanctis
1077 2284 1232 2325 apostolis
1256 2283 1368 2315 vestris
1392 2282 1656 2313 intercessoribus
1679 2281 1765 2322 apud
1786 2281 1892 2312 Deum
1916 2281 2000 2312 cele-
2020 2293 2047 2311 40

358 2337 435 2367 riter
458 2335 621 2366 studeatis.

462 2388 555 2412 DATA
578 2389 634 2412 IIII.
656 2388 733 2411 [bus
756 2388 948 2418 FEBRUARII,
972 2387 1170 2412 INDICTIONE
1189 2388 1220 2411 X.

466 2521 489 2553 a)
508 2530 574 2546 corr.
591 2529 622 2545 ex
640 2529 683 2552 sep
704 2520 736 2545 B.
831 2519 854 2551 b)
874 2529 939 2545 corr.
959 2529 989 2545 ea·
1011 2521 1162 2545 mediocrem
1181 2519 1212 2544 R.
1306 2518 1328 2550 ⁰)
1348 2513 1372 2543 iii
1392 2518 1423 2543 R.
1521 2517 1544 2550 d)
1565 2527 1631 2543 coo-r.
1649 2527 1678 2544 ex
1697 2519 1764 2543 oculi
1783 2519 1862 2543 nostri
1880 2518 2006 2550 aspiciant

361 2567 395 2591 al.
415 2574 483 2590 mem.
502 2565 532 2589 12.
621 2563 644 2593 Θ)
664 2564 690 2587 in
708 2572 759 2587 ras.
780 2564 811 2588 ]ἰ.
898 2562 918 2594 f)
938 2564 1098 2595 promisimus
1118 2562 1149 2586 R.
1238 2563 1262 2593 g)
1281 2570 1354 2586 -mus
1372 2561 1399 2586 in
1417 2570 1470 2586 ras.
1490 2561 1521 2586 11¹.
1603 2560 1628 2592 1¹)
1647 2562 1702 2586 -ci-
1720 2562 1747 2586 in
1766 2569 1818 2586 ras.
1834 2562 1870 2586 al.
1884 2569 1952 2585 man.
1972 2560 2004 2585 R.

362 2608 380 2641 i)
398 2609 527 2634 trademus
549 2614 615 2631 corr.
634 2615 664 2631 ex
687 2615 758 2630 -mur
777 2606 810 2630 αἶ.
831 2614 898 2630 maoz.
918 2605 949 2630 B.
2023 2615 2049 2633 45

467 2659 491 2689 1)
510 2657 571 2682 Scit.
591 2665 650 2682 cam
669 2656 744 2688 parti
766 2656 822 2681 cius
845 2656 873 2681 in
896 2655 1064 2687 adquirendo
1087 2655 1194 2687 imperio
1218 2664 1242 2681 ιι.
1256 2658 1302 2681 875
1327 2654 1452 2680 adversus
1475 2654 1609 2680 Karolum
1632 2657 1655 2679 et
1678 2653 1915 2690 Karolomanmmz
1937 2652 2005 2685 filios

362 2701 492 2727 chclorici
507 2699 660 2725 Germanici
676 2700 784 2730 fureret.
855 2698 881 2730 ⁶2)
901 2698 959 2723 Scetl.
974 2698 1057 2724 aliam
1070 2698 1107 2723 αιῖ
1121 2698 1255 2723 auxilinm
1271 2697 1320 2723 sibi·
1337 2697 1475 2729 ferendam
1487 2697 1611 2729 satarum
1629 2697 1814 2729 rimpm-atorem
1827 2695 2003 2722 adsciscendi.

363 2745 389 2773 3)
408 2744 470 2769 Scil.
489 2743 647 2769 Lambertns
666 2742 816 2774 Spoletinus
839 2744 862 2767 ct
882 2741 1043 2767 Aclalbertas
1064 2741 1216 2774 Tuscensis,
1239 2740 1273 2772 cf.
1293 2749 1319 2766 τι.
1337 2744 1376 2766 22.
1478 2742 1505 2773 4)
1527 2739 1595 2765 Fari
1616 2739 1770 2772 Simproniz'.
1876 2739 1902 2771 5)
1923 2738 2005 2765 Seno-

362 2787 521 2821 yalliensem,
613 2785 639 2818 6)
660 2784 738 2810 Haec
760 2784 855 2818 leyatio
876 2784 906 2809 in
929 2783 970 2810 die
984 2785 1100 2817 paschae
1118 2793 1143 2811 α,
1156 2788 1189 2811 87
1195 2788 1208 2810 7
1226 2784 1360 2811 Κανοῖιιηι
1381 2784 1539 2817 Compenclio
1558 2783 1636 2816 adiit,
1657 2784 1691 2816 cf.
1713 2783 1858 2809 Hincmari
1877 2783 1951 2808 Αηνι.
1970 2781 2006 2808 ad

363 2833 452 2857 (1.877
469 2828 520 2862 (ccl.
532 2828 619 2854 quitz
634 2836 660 2861 χ).
676 2828 743 2860 13]),
762 2827 899 2853 Πῖίηιηιῖεν
918 2827 933 2854 ἶ.
947 2827 962 2853 Ζ.
983 2827 1059 2860 111²,
1080 2832 1121 2854 40.
2024 2837 2051 2855 50
