2189 3042
253 133 314 163 375
630 126 827 154 EPISTOLAE
846 125 895 152 AD
915 125 983 152 RES
1002 124 1232 152 ORIENTALES
1250 124 1483 152 SPECTANTES
1501 125 1529 152 2.

253 217 502 255 συλλειτουργῶν
534 215 627 254 ἡμῶν
656 213 711 253 τὴν
743 213 834 243 θείαν
864 212 1090 252 μυσταγωγίαν
1121 211 1153 242 ἓν
1182 214 1227 252 τῷ
1251 211 1450 252 περιβλέπτῳ
1481 214 1551 252 ναῷ
1582 215 1636 252 τῆς
1666 212 1756 252 ἁγίας
1778 212 1905 252 Σοφίας

253 267 484 299 ἐπιτελούντων.
534 265 573 296 Οἱ
595 265 649 295 καὶ
672 265 866 304 θεασάμενοι
890 263 984 294 αὐτὸν
1008 263 1225 303 ἀναισχύντως
1255 263 1298 298 εἷς
1327 262 1362 294 τὸ
1385 263 1611 303 θυσιαστήριον
1638 263 1779 299 εἰσιόντα,
1809 274 1906 294 κατα-

252 319 391 352 λιπόντες
415 317 541 358 ἡμιτελῆ
565 316 620 357 τὴν
643 316 836 355 λειτουργίαν
859 316 989 355 ἔφυγον.
1019 314 1059 346 Ὁ
1081 315 1116 346 δὲ
1137 315 1261 349 Φώτιος
1282 314 1356 349 τοὺς
1378 315 1469 354 ἱερεῖς
1491 315 1605 354 κυρίου
1630 314 1683 346 καὶ
1711 315 1906 356 συλλειτουρ-

253 371 328 411 γοὺς
351 370 445 410 ἡμῶν
467 368 545 409 μετὰ
569 368 687 408 πολλῆς
710 368 781 408 βίας
803 367 857 398 καὶ
879 368 1042 407 μαστίγων
1065 366 1193 398 πολλῶν
1216 365 1298 406 πρὸς
1321 366 1434 397 ἑαυτὸν
1457 366 1654 398 ἐπεσπάσατο
1683 367 1736 397 καὶ
1760 367 1906 401 ἄκοντας.

253 422 338 462 Ἐγὼ
363 421 396 452 δὲ
419 421 473 452 καὶ
497 421 526 451 οῖ
549 419 606 450 σὺν
630 419 701 459 ἐμοὶ
724 419 890 450 ἐπίσκοποι
913 419 1119 459 πρεσβύτεροι
1142 418 1196 449 καὶ
1220 418 1362 449 διάκονοι
1385 418 1439 449 καὶ
1461 418 1574 452 πάντες
1596 418 1626 449 οἱ
1645 418 1725 449 κατὰ
1748 418 1802 459 τὴν
1819 418 1908 450 δύσιν

252 474 305 504 καὶ
332 473 417 513 ἑῴαν
441 472 612 513 ἡγούμενοι
639 471 780 511 μοναχοί
806 482 837 501 τε
859 470 913 501 καὶ
936 471 1118 511 ἡσυχασταί,
1143 470 1269 511 πλῆθος
1298 470 1358 501 οὐκ
1385 470 1611 510 εὐαρίθμητον,
1641 473 1677 511 τῇ
1708 470 1781 510 θείᾳ
1809 470 1909 511 χάριτι

253 525 514 565 διεφυλάχθημεν
538 524 762 563 ἀπαράτρωτοι
784 523 863 563 μήτε
886 522 1043 562 πρότερον
1064 522 1143 563 μήτε
1167 522 1297 562 ὕστερον
1320 523 1571 562 κοινωνήσαντες
1593 525 1638 562 τῷ
1665 521 1791 562 Φωτίῳ.

355 576 415 611 “Oc
438 576 503 607 ἐπεὶ
527 576 752 613 ἀκανονίστως,
777 574 823 608 ὡς
839 575 965 614 εἴρηται,
983 574 1079 614 ἐπέβη
1096 573 1189 604 πάλιν
1199 573 1221 609 ¹,
1245 573 1439 613 ἀμφιβολίαν
1461 573 1587 607 πολλοῖς
1609 573 1736 614 ἐνέβαλε
1754 573 1908 613 λέγουσιν,

253 629 297 660 ὅτι
322 629 381 659 οὐκ
401 627 631 668 ἀποδεχόμεθα
655 629 775 661 τοῦτον,
799 625 884 666 εἰμὴ
911 626 1083 656 συναινέσει
1106 625 1160 656 καὶ
1182 625 1200 656 ὁ
1223 624 1431 659 ἀποστολικός
1454 625 1574 664 θρόνος
1591 624 1716 666 Ῥώμης
1737 628 1791 666 τῆς
1812 637 1909 665 πρεσ-

252 682 395 721 βυτέρας.
438 679 478 711 ‘O
510 679 548 719 δὴ
581 678 702 719 μαθὼν
737 678 856 711 ἐκεῖνος
886 676 960 712 τοὺς
991 677 1228 716 ἁπλουστέρους
1259 677 1362 711 οὕτως
1396 677 1545 717 ήπάτησε.
1593 677 1724 708 Παῦλον
1759 676 1819 717 γὰρ
1855 677 1908 708 καὶ

254 732 409 772 Εὗγένιον
441 731 515 766 τοὺς
548 730 745 764 ἐπισκόπους
778 729 865 768 παρὰ
897 732 952 760 τοῦ
982 729 1072 759 πάπα
1107 728 1255 760 Ἰωάννου
1287 727 1538 762 ἀποσταλέντας2
1567 728 1650 768 πρὸς
1676 728 1826 768 ’Ῐγνάτιον
1857 728 1911 760 τὸν

254 784 452 824 πατριάρχην
475 783 547 823 περὶ
570 786 623 823 τῆς
639 782 862 822 Βουλγαρικῆς
885 781 1038 821 ἐπαρχίας
1060 780 1113 811 καὶ
1137 780 1296 820 εὑρόντας,
1321 780 1366 811 ὅτι
1389 779 1406 810 ὁ
1427 780 1587 820 μακάριος
1604 779 1750 820 Ἰγνάτιος
1768 780 1910 821 τέθνηκε,

253 835 453 876 παραλαβὼν
475 835 493 866 ὁ
521 835 647 869 Φώτιος
671 834 790 873 δώροις
813 832 953 874 ἠπάτησε
976 832 1029 863 καὶ
1051 832 1225 873 βασιλικαῖς
1248 832 1396 867 ἀπειλαῖς,
1420 832 1515 862 εἷπεῖν
1538 832 1676 863 ἐνώπιον
1702 835 1758 863 τοῦ
1787 832 1909 873 κλήρου

255 888 308 918 καὶ
335 890 398 918 τῶν
422 886 607 918 ἐπισκόπων
633 885 686 916 καὶ
709 888 763 916 τοῦ
787 885 899 916 λοιποῦ
922 885 1010 920 λαοῦ,
1036 884 1081 915 ὅτι
1104 883 1183 914 κατὰ
1201 883 1368 923 ‘vactu‘ova
1391 883 1609 924 ἀπεστάλησαν
1631 883 1717 924 παρὰ
1741 886 1797 915 τοῦ
1819 885 1910 915 πάπα

256 939 415 974 Ἰωάννου,
447 938 528 969 ὥστε
560 938 788 978 ἀναθεματίσαι
820 936 880 977 μὲν
910 937 1014 972 αὐτόν,
1044 936 1098 967 τὸν
1127 935 1161 966 δὲ
1188 935 1312 966 Φώτιον
1342 934 1540 976 πατριάρχην
1563 935 1774 976 ἀναγορεῦσαι
1784 935 1805 966 ³.
1853 936 1910 967 Διὸ

254 992 307 1023 καὶ
345 993 374 1022 οἳ
409 991 544 1022 πλεῖστοι
576 993 639 1021 τῶν
667 990 918 1029 συλλειτουργῶν
949 989 1044 1029 ἡμῶν
1074 988 1295 1029 ἠπατήθησαν.
1349 987 1486 1022 Ἐκεῖνος
1521 987 1555 1019 δὲ
1588 988 1642 1018 καὶ
1673 987 1726 1019 τὸν
1760 988 1911 1028 ὑμέτερον

255 1043 466 1074 ἇποστολικὸν
489 1042 611 1082 θρόνον
635 1042 793 1081 ἀπατῆσαι
816 1041 988 1082 βουληθεὶς
1012 1041 1212 1081 γραμμάτιον
1235 1040 1458 1080 συνεγράψατο
1481 1040 1527 1074 ὡς
1551 1040 1586 1070 ἐκ
1609 1040 1788 1079 προσώπου
1808 1039 1908 1080 Ἰγνα-

258 1096 323 1126 τίου
347 1097 402 1126 τοῦ
425 1095 622 1134 πατριάρχου
652 1093 705 1124 καὶ
732 1095 796 1124 τῶν
820 1093 918 1123 αὗτοῦ
948 1092 1209 1132 συλλειτουργῶν,
1240 1092 1286 1126 ὡς
1316 1092 1416 1132 δῆθεν
1438 1092 1712 1131 παρακαλούντων
1739 1092 1794 1132 τὴν
1824 1092 1911 1132 ἱερὰν

258 1147 401 1187 ὁσιότητα
426 1149 481 1177 τοῦ
505 1145 716 1177 ἀποστολικοῦ
739 1145 863 1184 θρόνου
887 1145 968 1175 ὥστε
985 1144 1137 1184 δεχθῆναι
1161 1143 1214 1174 τὸν
1234 1144 1368 1174 Φώτιον.
1404 1143 1468 1174 Καὶ
1490 1147 1581 1175 τοῦτο
1603 1143 1685 1183 πρὸς
1707 1145 1791 1184 ὑμᾶς
1814 1145 1910 1180 ἐξαπ-

260 1199 443 1229 έστειλενΜ.
489 1197 545 1228 Διὸ
568 1187 769 1235 καῖΠέτρος
792 1196 809 1227 ὁ
833 1196 1069 1237 πρεσβύτερος5
1094 1196 1127 1232 ἐξ
1150 1196 1242 1235 ὑμῶν
1273 1196 1316 1230 εἷς
1343 1195 1398 1236 τὴν
1426 1195 1655 1236 βασιλεύουσαν
1683 1196 1829 1227 ἀνελθὼν
1857 1196 1911 1227 καὶ

257 1250 424 1282 συνελθὼν
453 1249 579 1289 Παύλῳ
610 1248 664 1279 καὶ
695 1248 850 1288 Εὗγενίῳ,
881 1248 935 1279 τὸν
969 1247 1094 1278 Φώτιον
1124 1248 1170 1282 ὡς
1200 1247 1457 1288 ἀποδεδεγμένον
1489 1247 1576 1287 παρὰ
1611 1251 1666 1279 τοῦ
1699 1247 1910 1279 ἀποστολικοῦ

257 1303 381 1342 θρόνου
405 1302 588 1342 ἐκήρυξενθ.
634 1300 799 1331 Ἐντεῦθεν
822 1300 929 1334 ἀδείας
953 1300 1153 1339 δραξάμενος
1176 1299 1229 1330 καὶ
1251 1299 1412 1333 πολιτικὰς
1434 1299 1607 1339 φροντίδας
1630 1300 1673 1334 εἷς
1700 1299 1814 1331 ἑαυτὸν
1837 1300 1908 1331 ἀνε-

259 1355 371 1395 λάβετο
394 1353 448 1384 καὶ
471 1354 555 1384 οὕτω
579 1353 632 1384 καὶ
655 1351 775 1392 αὐτὴν*ἰ
797 1352 851 1392 τὴν
874 1352 1032 1392 βασίλειον
1055 1352 1201 1387 ἐξουσίαν
1224 1351 1410 1391 ὑφαρπάσαι
1434 1351 1586 1391 ἐπειρᾶτο.

366 1405 429 1436 Καὶ
453 1405 514 1444 γὰρ
538 1404 673 1445 ἀβάδιον
697 1404 804 1444 ἀγενὲς
827 1404 880 1434 καὶ
903 1404 1038 1444 ἄσημον,
1063 1403 1211 1443 γοητικόν
1227 1415 1257 1434 τε
1273 1402 1326 1433 καὶ
1347 1403 1486 1443 μαγικὸν
1502 1403 1698 1443 ᾠκειώσατο,
1716 1403 1754 1435 οὗ
1771 1404 1789 1434 ὃ
1804 1404 1908 1445 πατὴρ

257 1457 291 1488 τὸ
321 1458 450 1497 ἐπίκλην
482 1456 541 1496 μὲν
564 1456 823 1496 Σανταβαρηνός,
853 1455 1033 1496 ᾹΙανιχαῖος
1064 1455 1099 1486 δὲ
1130 1455 1185 1495 τὴν
1214 1455 1340 1495 αἵρεσιν,
1373 1454 1425 1486 καὶ
1456 1455 1533 1496 γόης
1564 1455 1598 1486 τὸ
1634 1455 1827 1496 ἐπιτήδευμα
1860 1456 1908 1497 ἧν.

251 1508 310 1543 ’Ὸς
343 1509 396 1539 καὶ
430 1508 638 1547 ἐπιγνωσθεὶς
675 1508 727 1538 καὶ
760 1507 957 1538 κινδυνεύων
991 1507 1190 1547 κρατηθῆναι
1222 1506 1304 1546 πρὸς
1337 1506 1411 1541 τοὺς
1445 1507 1656 1547 Βουλγάρους
1690 1507 1834 1548 ἀπῆλθεν
1868 1509 1909 1539 ἔτι

258 1563 431 1594 νοσοῦντας
455 1559 509 1600 τὴν
533 1559 645 1590 ἀθεΐαν
670 1571 700 1589 τε
721 1559 776 1589 καὶ
799 1559 954 1599 ἀσέβειαν,
980 1558 1031 1589 ὅτε
1053 1559 1200 1593 κάκεῖνος
1223 1558 1277 1598 τὴν
1299 1561 1363 1589 τῶν
1386 1561 1573 1599 χριστιανῶν
1589 1559 1775 1599 ἐξωμόσατο
1798 1561 1907 1591 πίστιν.

255 1611 294 1643 Ὁ
318 1612 352 1642 δὲ
377 1612 415 1652 δὴ
441 1612 553 1642 τούτου
577 1614 659 1646 παῖς,
683 1610 718 1641 τὸ
742 1610 842 1651 ῥηθὲν
866 1610 1000 1651 ἀβάδιον
1010 1609 1033 1644 ⁶,
1063 1611 1106 1644 εἷς
1134 1609 1190 1650 τὴν
1211 1610 1442 1649 βασιλεύουσαν
1465 1610 1799 1642 Κωνσταντινούπολιν
1821 1623 1908 1651 περι-

259 1663 399 1704 λειφθεὶς
431 1664 544 1699 νεάζον
576 1663 617 1693 ἔτι
649 1662 703 1702 τὴν
733 1663 864 1702 ἡλικίαν,
897 1661 1106 1701 παραδίδοται
1135 1664 1172 1702 τῇ
1201 1664 1257 1692 τοῦ
1280 1661 1439 1693 Στουδίου
1467 1665 1552 1702 μονῇ
1584 1661 1672 1702 παρὰ
1705 1661 1821 1702 Βάρδα
1853 1665 1909 1694 τοῦ

258 1715 448 1755 Καίσαροςῗ,
472 1715 566 1745 κάκεῖ
586 1714 640 1754 τὴν
663 1715 751 1754 τρίχα
775 1714 885 1754 ἐκάρη.
931 1713 989 1748 Εἷς
1014 1714 1147 1754 μέτρονΕ
1173 1713 1207 1744 δὲ
1230 1713 1350 1753 ἡλικίας
1373 1713 1487 1744 ἐλάσαν
1507 1713 1560 1744 καὶ
1582 1716 1688 1745 πᾶσαν
1710 1716 1909 1755 κακουργίαν

260 1767 518 1807 διαπραξάμενον
546 1766 779 1805 προσκολλᾶται
811 1768 855 1805 τῷ
884 1765 1089 1805 ὁμοιοτρόπῳ
1117 1765 1243 1805 Φωτίῳ,
1273 1766 1310 1795 ὃν
1339 1765 1393 1795 καὶ
1424 1765 1640 1807 ἐχειροτόνησε
1668 1766 1791 1801 Φώτιος
1823 1767 1907 1807 ἱερέα

260 1819 292 1850 ἐν
308 1822 344 1859 τῇ
367 1819 507 1858 προτέρᾳ
531 1818 628 1848 αὐτοῦ
651 1818 794 1858 βιαστικῇ
818 1818 860 1851 εἷς
882 1817 938 1857 τὴν
953 1817 1182 1857 πατριαρχικὴν
1199 1817 1289 1852 ἀξίαν
1309 1817 1428 1857 ἀνόδῳ.
1462 1816 1516 1851 Ὡς
1539 1817 1574 1848 δὲ
1597 1817 1764 1859 ἀπεβλήθη
1786 1818 1910 1854 Φώτιος

259 1873 314 1901 τοῦ
337 1872 566 1910 πατριαρχικοῦ
583 1869 717 1908 θρόνου,
739 1868 818 1909 μετὰ
834 1868 889 1908 τὴν
912 1871 966 1909 τῆς
989 1868 1212 1908 οἶκουμενικῆς
1235 1868 1373 1901 συνόδου
1397 1869 1596 1909 ἀποκήρυξιν
1618 1869 1805 1910 ὑποτίθησιν
1821 1871 1909 1911 αὐτῷ

259 1922 276 1952 ὁ
299 1925 354 1953 τοῦ
377 1921 632 1961 Σανταβαρηνοῦ
655 1920 732 1955 υἱός,
755 1919 906 1954 πολλάκις
929 1919 964 1950 τὸ
987 1920 1155 1960 προρηθὲν
1178 1920 1322 1960 ἀβάδιον,
1345 1919 1447 1960 εὑρεῖν
1470 1932 1535 1951 τινα
1558 1922 1622 1951 τῶν
1649 1924 1713 1955 τοῖς
1742 1922 1910 1962 βασιλείοις

261 1974 491 2013 οἷκειωμένων·
510 1972 667 2003 δύνασθαι
692 1972 751 2012 γὰρ
768 1972 852 2012 ἔλεγε
875 1971 925 2002 διὰ
949 1974 1041 2003 τοῦτο
1065 1971 1321 2012 ἀποκαταστῆσαι
1344 1971 1436 2002 πάλιν
1451 1971 1505 2002 τὸν
1526 1972 1659 2003 Φώτιον.
1694 1972 1827 2014 Εὗρέθη
1852 1973 1910 2006 οὖν

260 2024 402 2065 Νικήτας
424 2025 606 2064 κοιτωνίτης
630 2024 647 2054 ὁ
664 2023 884 2063 ἐπιλεγόμενος
903 2023 1065 2054 Κλαίουσα
1089 2023 1142 2054 καὶ
1167 2023 1285 2062 δώροις
1308 2023 1460 2057 πλείστοις
1481 2023 1653 2064 ἀπατηθεὶς
1676 2024 1712 2055 τὰ
1735 2037 1910 2057 κατασκευ-

260 2077 396 2108 ασθέντα
421 2075 508 2115 παρὰ
532 2078 587 2106 τοῦ
611 2075 725 2116 γόητος
740 2075 995 2115 Σανταβαρηνοῦ
1018 2074 1139 2115 μαγικά
1165 2075 1264 2106 ὕδατά
1288 2087 1319 2106 τε
1341 2075 1395 2106 καὶ
1417 2076 1575 2115 βρώματα
1601 2079 1646 2117 τῷ
1666 2077 1790 2117 βασιλεῖ
1808 2089 1911 2117 παρα-

260 2128 328 2162 θεὶς
350 2128 505 2168 πεποίηκε
521 2127 613 2167 φίλον
629 2127 716 2167 αὐτῷ
731 2126 784 2157 τὸν
799 2128 1017 2167 μεμισημένον
1038 2126 1173 2157 Φώτιον.
1202 2126 1265 2157 Καὶ
1282 2129 1336 2158 τοῦ
1358 2127 1534 2167 ἁγιωτάτου
1551 2127 1700 2168 Ἰγνατίου
1719 2128 1772 2160 τὸν
1787 2129 1909 2169 θρόνον

261 2180 449 2219 κατέχοντος
476 2179 529 2209 τὸν
556 2179 682 2210 Φώτιον
705 2179 740 2209 ἐκ
768 2181 823 2209 τοῦ
852 2178 1025 2218 λεγομένου
1049 2178 1193 2209 Στενοῢ8
1217 2179 1427 2209 ἀνεκαλέσατο
1456 2178 1538 2219 πρὸς
1567 2179 1603 2210 τὰ
1631 2180 1770 2220 βασίλεια
1799 2181 1853 2211 καὶ
1877 2181 1910 2211 ἐν

259 2233 304 2271 τῷ
327 2231 469 2270 παλατίῳ
492 2231 554 2271 εἶχε
578 2231 726 2261 σύνοικον
750 2230 796 2264 ὡς
818 2230 938 2270 μᾶλλον
962 2232 1073 2260 τοῦτον
1095 2230 1292 2270 πατριάρχην
1315 2230 1390 2261 εἶναι
1414 2231 1432 2270 ἢ
1461 2230 1514 2261 τὸν
1538 2230 1693 2271 Ἰγνάτιον,
1723 2232 1784 2262 κᾶν
1808 2232 1840 2263 ἐν
1863 2235 1908 2272 τῷ

364 2393 387 2425 ³)
401 2392 512 2426 ι’γνάτιον
522 2394 560 2426 M,
570 2394 621 2423 Ocu
640 2392 753 2426 Ξγνατιόυ
766 2402 832 2418 corr.
844 2401 874 2418 ex
887 2392 997 2425 ι’γνάτιον
1010 2393 1073 2418 Βαυ.
1136 2392 1160 2424 b)
1174 2392 1353 2422 ἐξαπέστειλαν
1366 2393 1432 2424 Βαυ,
1446 2393 1493 2419 Oti.
1556 2394 1577 2426 c)
1591 2393 1726 2426 ἐκήρυξαν
1741 2395 1779 2427 Μ,
1789 2394 1911 2426 Ott‚Bav.

260 2436 284 2467 d)
303 2435 380 2461 αὐτὸν
400 2438 436 2463 M.
526 2437 547 2468 θ)
565 2436 670 2468 μέτριον
689 2437 726 2462 Μ.

366 2532 391 2563 1)
411 2531 521 2565 lynatio
545 2533 647 2557 mortuo
668 2534 717 2557 878
737 2530 792 2557 Oct.
806 2533 845 2557 23.
934 2531 960 2563 2)
981 2530 1022 2563 Of.
1035 2539 1119 2564 supra
1139 2539 1169 2564 p.
1182 2535 1214 2557 67
1233 2539 1258 2557 n.
1274 2534 1312 2557 72.
1401 2531 1428 2559 3)
1456 2528 1497 2563 Of.
1516 2538 1600 2564 swpra
1621 2534 1753 2564 p.1668q.
1777 2539 1804 2557 n.
1818 2534 1910 2564 207sq.

259 2576 286 2603 4)
305 2574 399 2600 Huius
417 2583 435 2600 α
454 2574 551 2600 letio
567 2574 644 2606 fictae
662 2574 787 2606 epistolae
805 2581 862 2599 non
880 2574 934 2599 wisi
952 2574 1002 2600 hoe
1021 2574 1075 2600 loco
1099 2574 1196 2600 mentio
1212 2575 1251 2607 fit,
1274 2574 1308 2606 cf.
1323 2573 1521 2608 Heryenro’tker
1539 2574 1555 2600 l.
1569 2574 1585 2600 l.
1600 2574 1639 2606 ΙΙ,
1653 2576 1708 2600 315.
1820 2574 1848 2607 5)
1869 2573 1910 2608 Cf.

260 2626 345 2650 supra
360 2626 388 2651 p.
403 2621 453 2644 186
471 2625 536 2643 ann.
550 2620 572 2643 2.
664 2618 690 2650 6)
711 2617 752 2643 De
770 2617 817 2642 hoc
838 2616 976 2642 leeodoro
995 2616 1182 2643 Santabareno
1201 2618 1235 2649 cs.
1253 2617 1365 2650 Theoph.
1379 2619 1449 2643 cont.
1477 2617 1520 2643 De
1533 2617 1641 2643 Basilio
1654 2616 1801 2643 Macedone
1819 2624 1840 2643 c.
1852 2620 1910 2650 100,

260 2660 299 2687 ed.
320 2661 411 2687 Banu.
428 2669 456 2694 p.
475 2664 538 2692 .349,·
565 2660 818 2694 (Pseud0-)Syn1e0n
848 2659 881 2685 ib.
898 2668 924 2692 p.
944 2663 998 2686 692.
1038 2660 1126 2686 Abbas
1158 2659 1260 2692 stud-ati,
1288 2660 1444 2686 monasterii
1475 2659 1777 2692 Constantinopolitani,
1808 2659 1911 2685 videtur

260 2704 352 2736 fuisse,
371 2704 404 2735 cf.
417 2704 610 2737 Heryenrbther
627 2703 643 2731 l.
656 2703 671 2730 I.
685 2703 708 2734 Ι,
719 2707 776 2732 395,-
794 2702 837 2735 II,
848 2706 902 2728 263.
992 2703 1017 2735 7)
1039 2703 1078 2737 Cf.
1092 2711 1176 2736 supra
1195 2712 1219 2736 p.
1231 2706 1280 2729 376
1299 2711 1364 2729 ann.
1377 2706 1400 2730 8.
1481 2702 1507 2735 8)
1523 2702 1576 2736 Qui
1590 2705 1688 2735 portas
1706 2702 1737 2728 in
1755 2702 1911 2729 occidentali

262 2746 336 2772 litore
354 2746 470 2780 Bospori
488 2747 554 2773 situs
573 2750 636 2773 erat.

1939 686 1963 705 10

1938 945 1964 965 15

1938 1203 1963 1223 2⁰

1937 1461 1962 1482 25

1937 1719 1962 1739 30

1938 1980 1963 1999 3δ

1937 2625 1963 2643 45
