2189 3042
112 444 140 465 cs.
157 444 211 465 1.Io.
223 446 242 467 4,
256 447 271 463 1.

288 123 325 152 16
774 115 952 142 IOHANNIS
972 114 1044 140 VIII.
1065 113 1181 140 PAPAE
1205 113 1379 139 EPISTOLA
1406 113 1444 139 18.

771 220 942 245 IOHANNES
966 220 1052 244 URSO
1076 219 1157 243 DUCI
1176 217 1449 243 VENETICORUM1.

394 278 475 309 Cum
499 287 556 317 pro
579 286 676 306 causa
700 274 891 306 venerabilis
915 274 1021 304 fratris
1044 273 1144 303 nostri
1161 272 1250 303 Petri
1280 275 1388 311 sancte
1407 271 1582 302 Gradensis
1607 271 1761 311 ecclesie²
1786 272 1935 303 antistitis

288 330 426 361 finienda
449 329 652 359 Dominicum
670 330 816 357 vocatum
835 326 973 357 electum
983 325 1005 364 ³,
1029 325 1079 355 cui
1097 329 1186 355 esses*
1202 323 1301 354 filium
1318 324 1430 354 tuum*
1447 323 1643 363 sociandum,
1667 323 1708 354 ad
1724 323 1934 364 apostolicam

287 381 397 411 sedem
421 381 548 411 mittere
566 380 767 420 promiseras,
792 388 850 408 nec
874 382 982 408 tamen
1006 376 1140 407 verbum
1164 376 1280 407 veritas
1302 375 1474 406 subsecuta
1498 379 1556 415 est,
1580 374 1674 406 valde
1698 375 1804 405 mirati
1827 385 1935 405 sumus

289 436 330 466 ct.
355 431 440 473 quod
463 442 526 461 non
552 431 636 461 omni
660 430 798 471 spiritui,
826 439 885 460 nec
909 429 940 459 in
964 428 1050 459 omni
1073 428 1203 468 negotio
1228 427 1375 466 credere,
1407 427 1543 458 docente
1569 426 1724 468 apostolo,
1750 426 1935 466 debeamus,

287 487 433 525 patenter
457 482 662 513 advertimus,
698 480 863 512 Exhibitio
889 481 972 511 enim
996 490 1103 510 rerum
1127 479 1353 520 preteritarum
1377 478 1536 509 certitudo
1561 482 1609 509 est
1625 478 1813 508 futurarum.
1853 477 1937 513 Quia

288 546 361 566 vero
391 534 496 565 idemb
526 534 626 564 frater
653 535 685 563 et
713 532 921 573 coepiscopus
949 534 1057 562 noster
1087 541 1175 561 more
1200 531 1356 561 maiorum
1382 530 1491 561 sedem
1516 530 1726 571 apostolicam
1751 529 1937 570 appellavit,

288 587 385 617 immo
416 586 563 616 alacriter
591 584 697 623 adiit⁰‚
728 583 912 623 obsecrans,
940 586 974 614 ut
1002 583 1233 622 controversie,
1263 592 1323 623 que
1351 582 1434 613 inter
1463 592 1496 613 se
1524 582 1658 612 vertitur
1692 583 1725 612 et
1758 581 1937 622 predictum

288 638 505 675 Dominicum,
534 640 669 677 utraque
694 646 801 666 coram
825 636 929 676 posita
952 638 1058 676 parte,
1086 635 1182 665 finem
1210 635 1387 675 legitimum
1413 634 1628 674 imponamus,
1653 632 1827 663 secundum
1852 632 1938 674 quod

289 701 323 721 se
347 690 428 720 ratio
452 688 550 719 habet
577 687 628 718 etd
652 689 719 718 iuse
743 688 930 718 canonicum
955 686 1066 725 dictat,
1095 697 1202 716 rursus
1231 686 1440 726 precipimus,
1468 688 1503 715 ut
1532 685 1597 715 iam
1628 684 1729 715 dictus
1752 684 1939 715 Dominicus

290 741 436 772 kalendis
460 741 573 771 saltem
590 739 774 770 Februariis
790 739 927 769 Romam
944 738 1035 769 nobis
1059 737 1278 768 satisfacturus
1304 741 1336 768 et
1358 747 1428 768 sese
1445 739 1636 778 purgaturus
1653 738 1812 771 occurrat;
1837 735 1938 766 ambi-

290 794 383 823 tionis
412 792 495 823 enim
524 791 654 822 crimine
679 791 850 821 denotatur
873 800 910 820 ac
937 800 996 831 per
1018 789 1078 820 hoc
1101 789 1191 819 iuxta
1220 799 1327 819 sacros
1358 790 1518 819 canones5
1540 793 1721 819 manifestum
1746 794 1789 818 est
1812 791 1940 818 confiteri

291 859 352 875 eum
377 849 410 875 (le
434 848 557 879 crimine,
582 847 629 881 qui
653 847 791 881 purgandi
816 856 844 872 se
869 846 1015 873 occasione
1038 854 1095 872 non
1118 845 1216 871 utitur.
1262 841 1332 871 Iam
1355 850 1432 871 vero
1457 840 1482 870 si
1507 839 1638 877 dixerit,
1663 850 1697 870 se
1721 849 1784 869 non
1809 838 1938 869 venien-

291 896 374 927 tibus
399 896 556 936 episcopis
572 895 680 925 venire
705 905 766 925 non
791 904 895 934 posse,
920 893 1043 924 noverit
1067 896 1098 923 et
1123 893 1292 934 episcopos
1315 903 1373 923 nos
1396 892 1481 923 illius
1505 892 1644 933 regionis
1668 890 1939 931 occurrerespre—

292 949 413 989 cipere,
445 951 476 978 et
504 946 664 977 cundemg
688 946 821 976 Petrum
846 945 1061 976 venerabilem
1086 944 1214 975 Domini
1242 943 1443 975 sacerdotem
1471 943 1659 974 imitandum
1689 942 1843 981 tribuere,
1875 942 1939 982 qui,

293 1011 363 1030 cum
387 998 650 1039 metropolitanus
675 1001 769 1038 essct,
793 997 887 1028 nullis
914 996 1159 1028 comitantibush
1185 1006 1293 1027 secum
1318 995 1487 1036 episcopis,
1510 995 1699 1026 memoriam
1723 993 1941 1035 apostolorum

1959 690 1984 708 10

1960 949 1983 967 15

292 1051 450 1082 veniendo
461 1052 481 1086 ⁶,
506 1050 586 1081 sicut
610 1049 770 1091 quondam
796 1052 922 1079 sanctus
946 1048 1161 1079 Athanasius7
1184 1048 1362 1078 honoravit.
1405 1047 1638 1078 Verumtamen
1663 1049 1695 1077 et
1719 1057 1758 1076 ex
1783 1045 1941 1086 episcopis
1968 1053 1970 1055 ’

294 1103 372 1133 duos
402 1101 519 1133 venirei
549 1102 763 1137 decernimus,
793 1101 935 1131 Felicem
963 1100 1084 1131 scilicet
1114 1102 1145 1130 et
1173 1099 1338 1137 Petrum&
1372 1101 1407 1129 ut
1435 1101 1559 1129 tantum
1587 1098 1753 1138 negotium
1782 1108 1844 1127 non
1874 1097 1941 1127 sine

294 1154 454 1196 presentia
484 1154 622 1193 regionis
658 1153 882 1193 episcoporum
915 1152 1008 1182 huius
1044 1151 1259 1192 cognitionem
1295 1150 1482 1180 habentium
1518 1149 1647 1180 diffiniri
1682 1159 1809 1190 quoquo
1844 1147 1941 1179 modo

294 1206 448 1244 videatur,
472 1206 516 1235 ita
539 1208 583 1244 ut,
608 1205 633 1234 si
658 1204 738 1235 forte
763 1214 796 1235 se
820 1203 913 1235 Felix
936 1203 1044 1234 venire
1068 1202 1154 1233 nullo
1179 1201 1275 1232 modo
1300 1212 1394 1242 posse
1418 1201 1633 1242 pretenderit,
1664 1200 1818 1231 vicarium
1851 1210 1940 1230 suum

294 1259 408 1295 mittat,
427 1258 479 1298 qni
502 1260 534 1287 et
549 1257 729 1287 mittentem
747 1266 780 1286 se
797 1254 1001 1286 iureiurando
1019 1258 1160 1294 excuset,
1185 1257 1217 1285 et
1236 1254 1268 1284 in
1285 1253 1406 1294 synodo
1424 1252 1549 1283 vicemk
1566 1253 1721 1283 mittentis
1742 1250 1941 1292 adimpleat¹.

295 1310 410 1340 Petrus
433 1311 549 1347 autem,
574 1308 598 1338 si
622 1307 723 1347 adest,
747 1307 851 1338 modis
867 1307 1013 1338 omnibus
1029 1307 1146 1345 veniat,
1171 1306 1197 1336 si
1214 1305 1354 1347 quidem,
1378 1308 1414 1335 ut
1430 1304 1614 1345 perhibetis,
1632 1303 1943 1344 Constantinopolim

296 1360 441 1391 mittendi
471 1370 528 1390 nec
560 1370 628 1390 mos
652 1363 757 1390 vester
787 1370 844 1390 nos
873 1359 967 1397 latet,
997 1368 1056 1389 nec
1081 1358 1243 1399 tempus⁰;
1273 1357 1428 1387 maturius
1453 1357 1571 1397 quippe
1596 1356 1666 1396 quis
1689 1355 1750 1386 huc
1774 1355 1881 1386 venire
1905 1364 1943 1384 ac

297 1412 399 1443 redire
423 1411 463 1442 ad
487 1412 614 1452 propria
638 1412 764 1452 poterit,
789 1422 884 1452 quam
908 1411 988 1440 mari
1012 1420 1081 1440 mos
1106 1413 1137 1440 et
1160 1413 1287 1450 tempus
1310 1408 1443 1439 accedat
1466 1407 1634 1438 itineris¹⁰.
1674 1406 1829 1446 Preterea
1851 1405 1942 1436 iube-

297 1465 402 1494 mus¹¹
419 1463 677 1493 archidiaconum
685 1468 704 1480 ¹¹¹
721 1463 759 1493 ad
783 1474 840 1493 nos
856 1463 964 1493 venire
981 1461 1194 1493 Torcellensis
1211 1460 1356 1499 ecclesie,
1382 1459 1527 1490 similiter
1548 1462 1580 1489 et
1596 1459 1771 1489 Altinensis
1791 1457 1942 1488 abbatem

297 1515 509 1551 monasteriiu,
534 1515 755 1545 nichilominus
780 1517 811 1545 et
835 1513 1146 1555 archipresbyterum
1171 1516 1202 1543 et
1226 1511 1505 1543 archidiaconum⁰
1523 1513 1619 1551 atque
1636 1511 1729 1541 huius
1754 1509 1942 1551 equivocum

299 1571 331 1598 et
360 1570 531 1608 nepoteml'
554 1567 762 1597 Laurentium
792 1566 959 1596 diaconum
988 1565 1162 1596 Gradensis
1190 1564 1340 1604 ecclesie,
1371 1574 1433 1604 quo
1464 1563 1731 1604 inpresentiarum
1761 1571 1857 1602 super
1884 1560 1942 1599 his,

299 1619 412 1660 quibus
434 1620 625 1659 inpetuntur,
650 1618 800 1649 idoneam
823 1619 980 1648 rationem
1005 1617 1265 1657 canonicamque,
1290 1615 1315 1645 si
1338 1618 1491 1646 nocentes
1515 1617 1596 1655 sunt,
1621 1614 1756 1644 subeant
1778 1613 1942 1643 ultionem.

300 1670 369 1710 Que
393 1671 498 1701 onmia
526 1670 598 1700 ideo
622 1670 722 1710 glorie
747 1672 799 1709 tue
830 1672 905 1700 nota
929 1669 998 1699 fieri
1025 1669 1185 1707 volumus,
1213 1670 1248 1698 ut
1276 1667 1321 1697 illi
1350 1667 1391 1697 ad
1415 1666 1625 1707 apostolicam
1649 1665 1759 1696 sedem
1784 1667 1942 1695 sanctam-

300 1733 361 1763 que
385 1722 540 1762 synodum
564 1722 723 1752 occursuri
747 1721 946 1752 liberalitatis
963 1724 1016 1760 tue
1040 1719 1239 1751 adminiculis
1263 1722 1481 1749 sustententur
1497 1717 1739 1759 sumptibusque
1756 1715 1943 1756 locupletati

299 1773 443 1803 laborem
459 1773 578 1803 itineris
595 1773 718 1803 facilius
742 1783 778 1803 ac
803 1773 903 1803 levius
921 1772 1034 1809 ferant,
1058 1771 1232 1803 secundum
1249 1771 1319 1811 pios
1336 1770 1504 1810 principes,
1529 1770 1582 1809 qui
1605 1770 1636 1799 in
1660 1768 1777 1799 talibus
1796 1766 1944 1798 munifice

300 1835 426 1864 semper
449 1828 538 1855 erant
561 1825 681 1855 intenti.
729 1824 798 1854 Hos
826 1828 947 1861 autem,
979 1834 1058 1864 quos
1085 1823 1145 1853 hac
1175 1823 1385 1853 auctoritateq
1410 1821 1583 1862 apostolice
1615 1819 1846 1861 presentandos
1877 1817 1946 1849 sedi

301 1876 507 1914 decrevimus,
526 1877 599 1916 quia
616 1877 708 1906 tertio
726 1877 789 1906 iam
806 1876 991 1907 commoniti
1007 1875 1170 1915 hucusque
1188 1884 1355 1905 occurrere
1372 1875 1642 1913 contempserunt,
1659 1871 1812 1902 Romami
1824 1869 1946 1901 idibuss

301 1927 482 1958 Februariis
512 1927 579 1958 fore
603 1931 752 1958 venturos
782 1927 995 1967 decrevimus,
1026 1927 1085 1957 nisi
1114 1927 1194 1956 forte
1224 1926 1379 1956 instanter
1406 1934 1580 1965 properare
1609 1923 1799 1964 delegerint.
1844 1922 1944 1954 Porro

303 1983 374 2019 post
397 1978 507 2020 [idus]‘
527 1979 718 2010 Februarias
742 1979 853 2010 tandin
876 1981 916 2009 sit
938 1979 1155 2020 unusquisque
1179 1978 1319 2018 ipsorum
1344 1988 1414 2007 cum
1438 1976 1616 2007 fautoribus
1639 1976 1703 2005 suis
1728 1975 1944 2005 excommuni-

407 2083 445 2109 18.
473 2085 497 2114 α’)
517 2092 584 2107 esses
602 2083 633 2106 R.
716 2082 740 2113 b)
760 2084 782 2107 i-
802 2084 828 2107 in
846 2092 926 2115 mary.
941 2083 1002 2107 add.
1016 2084 1050 2107 ali
1064 2091 1132 2107 man.
1152 2082 1183 2106 R.
1267 2082 1289 2112 0)
1310 2086 1335 2106 —t
1354 2090 1420 2106 corr.
1434 2089 1463 2105 er
1482 2089 1509 2104 —s
1528 2080 1559 2104 R.
1648 2078 1671 2111 d)
1690 2079 1751 2103 adel.
1771 2079 1797 2103 in
1816 2088 1896 2111 τηαν-9.
1911 2079 1946 2103 al.

302 2135 371 2150 man.
390 2126 420 2149 R.
513 2125 535 2158 Θ)
555 2126 581 2150 in
599 2134 650 2150 ras.
669 2126 703 2151 al.
721 2135 789 2150 man.
809 2126 841 2151 Ie.
934 2124 952 2157 f)
972 2134 1076 2150 occurre
1095 2125 1127 2150 R,
1220 2125 1244 2155 8)
1264 2134 1280 2148 n
1300 2133 1366 2149 corr.
1386 2132 1416 2148 em
1438 2132 1462 2148 m
1482 2123 1513 2148 R.
1605 2120 1631 2153 h)
1651 2130 1717 2146 corr.
1734 2130 1764 2146 ex
1783 2122 1946 2146 comitatibus

304 2170 338 2193 al.
351 2178 419 2192 man.
431 2168 462 2193 R.
537 2167 555 2199 i)
574 2177 615 2193 -re
634 2169 659 2192 in
677 2178 728 2193 ras.
743 2170 777 2193 al.
791 2178 859 2193 man.
879 2168 910 2193 B.
986 2167 1011 2199 k)
1031 2177 1097 2192 corr.
1112 2176 1142 2192 ea:
1160 2168 1216 2192 vice
1235 2168 1270 2192 αἰ.
1284 2175 1352 2192 mem.
1367 2166 1398 2191 R.
1475 2165 1493 2197 l)
1513 2167 1521 2190 i
1540 2174 1606 2190 corr.
1620 2173 1650 2190 ea:
1668 2166 1684 2189 d
1702 2164 1734 2190 R.
1814 2163 1845 2196 m)
1865 2165 1946 2189 arehi-

304 2212 409 2236 diacono
428 2211 459 2235 R.
530 2211 553 2241 Ι1)
573 2212 702 2236 monastrii
721 2212 752 2235 lt.
823 2212 846 2243 0)
866 2220 894 2235 co
914 2211 975 2235 add.
989 2220 1070 2243 supra
1089 2211 1184 2235 lineam
1202 2210 1233 2234 B.
1304 2210 1329 2241 Ρ)
1349 2213 1441 2241 nepote
1460 2209 1490 2233 R.
1563 2207 1586 2239 q)
1606 2208 1730 2232 auctorite
1749 2207 1780 2231 R.
1851 2207 1871 2238 r)
1891 2216 1946 2231 -am

304 2262 334 2278 ca·
352 2263 365 2278 c
384 2262 450 2278 corr.
464 2255 498 2278 al.
512 2263 580 2278 man.
600 2254 631 2279 [ι’.
720 2258 741 2285 S)
760 2255 849 2279 diebus
868 2254 900 2278 R.
988 2253 1008 2285 t)
1028 2262 1075 2279 om.
1095 2254 1126 2278 R.

411 2321 435 2350 1)
460 2321 524 2347 Urso
544 2321 698 2346 Parteciaco
718 2321 752 2351 1.,
772 2325 921 2347 ‹Sum—881.
959 2321 1000 2352 Cf.
1019 2330 1046 2346 oz.
1061 2325 1090 2347 21
1109 2323 1131 2346 et
1148 2329 1173 2353 p.
1187 2324 1221 2346 24
1239 2322 1331 2346 annot.
1348 2325 1371 2346 4.
1457 2319 1483 2351 2)
1501 2317 1626 2344 ‘Grada‘
1705 2318 1732 2348 3)
1756 2317 1948 2350 Tor-cellensem,

306 2367 384 2389 antea
398 2363 511 2389 abbatem
529 2364 682 2388 monasterii
702 2373 720 2389 s.
733 2364 817 2395 Harii,
829 2372 904 2396 quem
916 2364 999 2389 Ursus
1018 2367 1122 2389 mortuo
1134 2364 1259 2389 Sennlore
1273 2363 1398 2395 episcopo,
1419 2363 1474 2387 licet
1487 2361 1646 2393 mutilatum,
1662 2361 1950 2393 promoverat,-Petras

307 2415 366 2432 vcro
383 2407 540 2438 patriarcha
558 2406 838 2437 ercommmzicat-erat,
857 2407 890 2437 cf.
912 2407 1042 2433 Iohannis
1064 2407 1132 2433 dicte.
1148 2407 1246 2432 chron.
1263 2406 1350 2432 Venet.
1370 2405 1420 2439 (ed.
1441 2405 1476 2430 M
1481 2405 1512 2430 G.
1527 2404 1571 2430 SS.
1591 2404 1653 2436 VII,
1673 2404 1723 2437 19).
1760 2403 1950 2437 Kretschmayr

305 2449 411 2475 ιζτέεοῖι,
430 2457 481 2474 ron
500 2449 624 2482 Vencclz'y'
645 2449 668 2479 Ι,
690 2454 727 2474 sm.
766 2449 914 2475 monticolo
933 2450 948 2475 I.
962 2451 977 2475 l.
994 2458 1020 2482 p.
1036 2454 1080 2475 112
1088 2458 1124 2481 sq.
1167 2449 1194 2475 V.
1214 2458 1241 2475 n.
1255 2452 1296 2475 20.
1400 2449 1427 2480 4)
1447 2447 1577 2481 Quisnam
1598 2447 1715 2478 filiorimz
1739 2446 1780 2479 (de
1797 2447 1892 2479 quibus
1914 2446 1948 2478 cf.

308 2492 494 2524 Kretschmayr
513 2492 528 2516 l.
541 2499 560 2516 c.
579 2500 604 2524 1¹·
618 2495 678 2524 431)
702 2491 742 2516 liic
764 2492 901 2523 indicetur,
926 2493 1059 2518 incertum.
1165 2494 1190 2525 5)
1210 2492 1351 2523 Bonifacii
1370 2491 1393 2518 Ι.
1414 2499 1452 2524 ep.
1472 2490 1508 2516 ad
1530 2491 1660 2523 episcopos
1681 2490 1798 2527 Galliae,
1822 2489 1949 2523 Dionysii

309 2535 372 2561 Coll.
386 2543 444 2560 can.
460 2535 598 2564 Bonifacii
619 2542 640 2560 c.
654 2538 669 2558 :5
689 2534 792 2566 (Minue
811 2534 936 2565 LXVII,
956 2538 1025 2567 267),
1046 2536 1121 2566 Jafffi
1141 2536 1204 2567 Res).
1220 2539 1269 2561 349
1289 2536 1369 2568 (141).
1468 2535 1493 2566 6)
1515 2534 1618 2567 Quippe
1638 2533 1671 2558 ab
1692 2526 1759 2558 Urso
1776 2533 1840 2558 duce
1859 2541 1876 2558 a
1894 2532 1950 2558 sede

307 2586 358 2603 sua
378 2577 511 2603 Gradenst
533 2577 666 2609 expulsus,
685 2577 717 2607 cf.
732 2577 861 2601 lolmmiis
879 2577 945 2603 diac.
962 2578 1057 2603 Clu-on.
1078 2579 1093 2603 l.
1107 2578 1122 2603 l.
1212 2578 1237 2608 Τ)
1259 2578 1310 2611 Qui
1329 2585 1350 2605 c,
1365 2586 1390 2603 α,
1401 2580 1451 2603 342
1469 2586 1486 2602 α
1504 2576 1561 2602 sede
1580 2584 1631 2601 sna
1648 2575 1838 2601 Alexandrina
1852 2576 1950 2608 pulsus

309 2621 410 2646 Iulium
424 2620 448 2645 I.
460 2628 558 2652 papam
570 2620 670 2645 Romae
684 2619 764 2647 mliii,-
781 2620 814 2650 cs.
827 2620 972 2645 Athanasii
984 2621 1139 2654 Apoloyiam
1153 2624 1247 2646 contra
1257 2621 1376 2646 Arianos
1394 2628 1415 2646 c.
1426 2624 1459 2646 *20
1465 2628 1502 2652 sq.
1515 2619 1553 2651 (S.
1563 2609 1709 2645 Athanasii
1724 2618 1790 2652 Opp.
1805 2618 1827 2650 Ι,
1839 2622 1884 2643 110
1893 2618 1949 2651 sq).

308 2664 335 2695 8)
354 2662 613 2689 Methanaaucensem
636 2665 659 2687 ct
678 2662 856 2694 Eqmlseoezsein
879 2663 1023 2695 episcopos,
1045 2664 1079 2694 cf.
1098 2672 1180 2695 snpra
1204 2672 1230 2689 rn.
1245 2667 1282 2696 17,
1305 2672 1331 2696 p.
1346 2668 1375 2689 14
1394 2664 1468 2695 132,
1492 2663 1570 2694 infra
1588 2670 1615 2688 n.
1629 2666 1668 2688 19.
1773 2662 1799 2691 9)
1821 2661 1860 2692 Cf.
1881 2669 1907 2686 iz.
1921 2665 1950 2686 21

309 2706 388 2739 (1219
407 2706 422 2731 I.
434 2709 489 2738 167:
509 2705 567 2731 Nec
580 2705 657 2731 abire
675 2704 713 2731 cis
727 2704 905 2731 Februarium
924 2714 1043 2731 mensem
1062 2707 1196 2739 speratur.
1269 2707 1310 2737 10)
1334 2706 1437 2739 Quippe
1455 2705 1566 2731 nonnisi
1580 2707 1692 2738 peraeto
1704 2704 1811 2730 hiemali
1829 2706 1949 2736 tempore.

310 2749 353 2781 11)
379 2749 406 2775 V.
426 2757 451 2774 iz.
466 2753 501 2774 17.

1961 1205 1987 1223 20

1962 1463 1986 1481 25

1962 1719 1988 1738 30

1965 1977 1989 1996 35

1966 2251 1992 2269 40

1968 2493 1994 2511 45

1969 2706 1995 2725 50
