2189 3042
663 180 839 207 IOHANNIS
860 180 931 207 VIII.
952 180 1070 207 PAPAE
1096 181 1293 208 EPISTOLAE
1317 181 1375 208 221.
1395 181 1452 208 222.
1825 185 1881 214 197

1022 277 1094 306 221.

341 336 499 367 Iohannes
522 335 618 367 VIII.
644 345 735 376 papa
759 336 912 366 Bosonem
935 335 1114 374 principem
1137 335 1292 373 hortatur,
1324 339 1360 367 ut
1388 336 1495 367 villam
1521 347 1546 367 s.
1563 336 1652 368 Petri
1676 336 1881 373 Vendoaranz,

233 397 328 426 qnam
348 387 528 418 Aremberto
551 387 668 418 vasallo
692 387 727 417 in
750 387 931 425 bencficiwn
955 387 1082 424 dederit,
1105 387 1253 418 restituat
1276 391 1304 418 et
1326 388 1487 419 monachis
1507 387 1764 419 Pultariensibus
1786 389 1880 419 amvi-

233 438 310 468 lc'um
333 441 443 468 contra
465 438 662 468 adversarios
687 438 854 476 impendat.
1690 441 1793 480 (879.)

347 504 422 530 Coa„-
451 505 477 530 R
496 507 516 538 f.
532 508 568 530 88
587 513 614 530 oz.
628 508 683 530 222.

202 563 213 581 5
335 555 421 581 Edd..·
448 555 545 581 Editio
560 555 684 580 Romana
703 556 787 589 (1591)
807 556 862 587 III,
876 560 928 582 447
944 565 970 582 n.
984 560 1030 582 213
1049 569 1080 578 Ξ
1100 558 1224 583 Sirmoml
1244 558 1322 584 Cone.
1336 562 1390 585 cuit.
1407 559 1511 585 Galliae
1530 559 1585 591 III,
1600 563 1650 585 495
1670 562 1747 585 inm.
1786 559 1881 584 Mansa

235 599 314 625 Cone.
327 599 381 624 coll.
397 598 496 630 XVII,
516 601 564 623 160
582 606 608 623 n.
622 601 676 623 213.
713 598 808 631 Miyue
828 599 902 624 Patr.
917 598 964 625 lat.
981 599 1116 631 CXXVI,
1136 604 1187 627 880
1205 609 1231 626 n.
1245 605 1298 627 257.
1319 617 1351 620 -
1371 601 1447 632 Jaffc‘
1466 602 1529 635 Rey.
1543 605 1606 628 3285
1625 602 1722 635 (2504).

658 680 808 705 DILECTO
830 681 922 705 FILIO
946 681 1067 705 BOSONI
1091 682 1259 707 GLORIOSO
1283 683 1457 707 PRINCIPU.

339 730 487 766 Quanta²
515 741 571 761 vos
602 730 773 761 dilectione
803 734 987 771 quantoque
1015 734 1120 771 nostre
1152 733 1352 772 paternitatis
1381 733 1588 765 dilexerimus
1615 734 1732 765 affectu
1763 745 1803 766 ex
1831 746 1879 769 eo,

232 793 294 824 quo
312 785 450 814 vestram
474 781 643 813 sublimem
666 783 873 822 cognovimus
889 782 1034 823 gloriam,
1059 783 1119 823 ipsi
1143 783 1363 814 abundantera
1380 785 1530 825 recolitis,
1548 787 1697 826 quoniam
1722 789 1754 816 et
1774 789 1881 817 vestra

189 846 213 864 ιο
232 845 289 865 nos
314 833 507 864 excellentia
523 833 623 864 veluti
640 836 764 874 patrem
789 833 963 874 spiritalem
988 834 1020 864 in
1038 833 1183 864 omnibus
1205 834 1329 865 colereb
1348 838 1380 865 et
1402 835 1560 867 honorare
1585 838 1690 868 animo
1708 838 1879 878 tranquillo

231 887 362 917 curavit.
416 884 486 920 Quo
516 884 669 916 videlicet
696 888 804 925 mutue
837 885 1016 916 dilectionis
1046 884 1157 926 federe
1186 886 1296 916 confisi
1332 896 1384 925 ea,
1417 897 1477 927 que
1508 887 1565 917 sub
1594 888 1662 918 iure
1699 892 1879 920 sanctorum

231 936 451 978 apostolorum
475 936 653 977 principum
677 937 767 967 Petri
790 947 826 967 ac
850 936 943 967 Pauli
967 948 1024 977 per
1048 937 1145 968 totius
1170 936 1274 977 Gallie
1298 938 1479 978 provincias
1502 934 1685 970 inmobiliac
1708 940 1779 970 loca
1803 951 1877 971 con-

230 989 345 1019 sistunt
368 999 439 1019 cum
462 987 644 1018 hominibus
668 988 879 1029 omnibusque
904 988 963 1019 sibi
986 988 1235 1029 pertinentibuS,
1258 992 1294 1019 ut
1316 992 1421 1019 vestro
1446 991 1569 1030 potenti
1593 990 1723 1021 brachio
1748 991 1880 1022 defensa

229 1043 406 1078 manerent,
431 1040 623 1080 rogavimus,
647 1042 818 1080 vestroque
842 1040 962 1071 auxilio
987 1051 1099 1071 secura
1123 1040 1344 1079 consisterent,
1369 1041 1455 1081 quod
1475 1052 1530 1071 vos
1556 1052 1611 1081 pro
1636 1052 1745 1072 amore
1762 1042 1824 1073 Dei
1849 1047 1880 1074 et

187 1102 210 1121 15
230 1091 330 1122 sancti
346 1091 436 1122 Petri
459 1094 631 1131 nostroque
648 1091 768 1121 honore
792 1091 884 1121 nobis
908 1091 1046 1122 libenter
1062 1092 1170 1122 facere
1187 1092 1386 1132 promisistis.
1426 1092 1517 1122 Nunc
1541 1095 1660 1131 autem,
1685 1094 1765 1123 sicut
1788 1094 1879 1124 audi-

229 1143 342 1182 vimus,
366 1143 475 1173 villam
499 1145 641 1173 nostram
653 1142 881 1174 Venduaramd
898 1143 1020 1184 absque
1044 1146 1151 1174 nostro
1176 1154 1331 1174 consensu
1348 1146 1380 1174 et
1396 1144 1560 1174 voluntate
1586 1145 1749 1184 occupatis
1773 1148 1806 1175 et
1827 1146 1881 1175 uni

230 1197 336 1224 vestro
362 1194 501 1224 vasalloe
525 1194 652 1225 nomine
675 1194 867 1225 Aremberto
892 1195 923 1225 in
947 1194 1137 1225 beneficium
1161 1195 1315 1226 dedistis³
1339 1199 1384 1235 et,
1414 1195 1439 1225 si
1464 1206 1574 1226 verum
1603 1199 1665 1236 est,
1697 1207 1757 1227 non
1786 1196 1878 1232 bene,

231 1247 312 1276 sicut
334 1256 390 1277 vos
414 1246 565 1285 decebat,
591 1246 711 1286 egistis
757 1245 836 1277 Ideo
860 1256 1025 1287 rogamus,
1050 1247 1093 1277 fili
1118 1247 1294 1286 carissime,
1319 1246 1541 1277 celsitudinem
1566 1250 1667 1287 tuam,
1692 1250 1727 1278 ut
1750 1251 1881 1288 propter

231 1308 374 1328 amorem
395 1297 525 1328 Domini
549 1300 581 1327 et
605 1298 705 1328 saneti
721 1297 811 1328 Petri
836 1298 963 1337 celestis
986 1299 1075 1338 regni
1100 1298 1254 1339 clavigeri
1277 1299 1380 1339 ipsam
1401 1298 1510 1329 villam
1534 1299 1659 1338 nostris,
1685 1300 1737 1340 qui
1761 1299 1881 1331 ibidem

187 1361 212 1380 20
230 1349 385 1389 residunt,
409 1349 591 1379 hominibus
615 1349 672 1379 sub
696 1352 804 1380 nostro
829 1349 908 1385 iure.
932 1349 1014 1380 sicut
1037 1360 1093 1380 nos
1118 1360 1189 1380 eam
1214 1349 1440 1390 ordinavimus,
1464 1350 1561 1381 liceat
1583 1350 1703 1381 habere
1728 1352 1881 1382 securiter

230 1411 406 1442 omnesque
427 1404 551 1431 vestros
572 1400 623 1430 vel
646 1400 768 1430 alienos
791 1400 938 1431 homines
962 1400 1001 1431 ab
1020 1400 1164 1431 eiusdem
1183 1401 1254 1441 ville
1280 1400 1494 1432 habitationes
1509 1402 1561 1432 vel
1586 1402 1751 1432 dominatu
1774 1413 1879 1433 remo-

230 1453 332 1483 veatis
354 1462 414 1482 nec
430 1452 544 1482 vestris
567 1451 679 1482 diebus
703 1451 844 1492 aliquam
868 1462 887 1482 a
904 1462 1106 1492 quocumque
1128 1452 1278 1483 homine&
1295 1453 1556 1484 contrarietatem
1573 1454 1741 1494 patiamur.
1778 1453 1879 1484 Simili

230 1503 349 1534 etiamh
375 1503 471 1534 modo
503 1504 654 1544 petimUS,
685 1506 719 1533 ut
748 1503 978 1534 monasterium
1010 1505 1111 1534 sancti
1139 1503 1243 1543 Petri,
1275 1504 1374 1544 quodi
1402 1504 1585 1545 appellatur
1615 1505 1817 1536 Pultariense
1849 1509 1880 1536 et

229 1554 392 1586 Gerardus
409 1554 570 1595 quondam
587 1565 695 1585 comes
719 1554 759 1585 de
776 1555 871 1585 rebus
895 1556 959 1585 suis
976 1555 1113 1596 perfec-it
1137 1558 1234 1597 atque
1252 1555 1376 1586 dotavit
1400 1560 1431 1587 et
1455 1560 1564 1587 sancto
1581 1556 1680 1587 Petro
1698 1556 1879 1595 tradiditk4‚

185 1617 209 1636 25
229 1610 336 1637 vestra
360 1607 392 1636 in
415 1606 560 1637 omnibus
584 1606 718 1637 tuitione
742 1606 921 1645 adiuvetur,
951 1607 1025 1648 quia
1049 1607 1173 1647 fratres,
1204 1608 1257 1648 qui
1285 1608 1316 1637 in
1342 1618 1379 1638 eo
1404 1608 1580 1638 consistunt
1604 1611 1636 1639 et
1659 1608 1786 1639 sedulas
1809 1609 1879 1639 Deo

229 1658 341 1689 laudes
371 1658 556 1699 persolvunt
590 1661 718 1688 orantes
749 1669 806 1698 pro
841 1658 958 1689 salute¹
987 1657 1181 1700 [011111ium]¹¹¹
1208 1660 1240 1689 in
1272 1659 1399 1690 Christo
1436 1659 1635 1690 credentium
1670 1660 1710 1690 ab
1746 1660 1880 1690 inimicis

230 1710 340 1740 vicinis
364 1709 602 1750 perturbantur,
631 1709 797 1750 omnisque
822 1710 963 1746 illorum,
991 1711 1089 1740 immo
1115 1713 1223 1741 nostra
1251 1710 1372 1741 familia
1397 1710 1570 1741 crudeliter
1593 1711 1720 1742 assidue
1745 1714 1880 1742 vexatur

229 1766 261 1792 et
285 1762 483 1802 opprimitur,
507 1761 552 1791 ita
576 1771 652 1791 sane
675 1764 711 1791 ut
734 1771 840 1802 neque
864 1772 956 1792 arare
980 1772 1085 1802 neque
1110 1765 1248 1801 eeteran,
1269 1773 1330 1803 que
1355 1761 1396 1793 ad
1419 1765 1503 1802 terre
1529 1763 1685 1793 culturam
1709 1764 1879 1804 pertinent,
1907 1786 1910 1787 γ

228 1813 329 1853 possit
352 1822 515 1843 exercere.
553 1812 757 1853 Quapropter
775 1817 807 1843 et
822 1816 962 1843 vestrum
980 1813 1135 1844 auxilium
1152 1813 1259 1844 eidem
1283 1817 1391 1845 sancto
1409 1815 1479 1845 loco
1497 1815 1690 1856 impendatis
1715 1819 1747 1846 et
1770 1820 1880 1847 contra

183 1874 209 1892 30
228 1864 292 1895 Dei
315 1867 411 1906 atque
437 1865 504 1895 eius
529 1864 730 1895 adversarios
754 1875 883 1895 manum
900 1867 1004 1905 vestre
1029 1866 1172 1906 potentie
1197 1876 1255 1906 pro
1280 1876 1389 1896 amore
1406 1865 1468 1896 Dei
1493 1868 1525 1896 et
1549 1870 1731 1897 sanctorum
1749 1872 1878 1908 aposto-

227 1913 331 1946 lorum
354 1915 444 1946 Petri
472 1926 509 1947 ac
533 1915 626 1946 Pauli
653 1918 826 1957 nostraque
856 1916 1028 1947 dilectione
1058 1917 1254 1957 extendatis,
1286 1918 1435 1958 quatinus
1462 1920 1568 1948 vestro
1597 1919 1722 1959 potenti
1750 1919 1880 1949 brachio

227 1967 301 1998 freti
324 1967 403 1998 salvi
427 1968 458 1997 in
482 1967 628 1998 omnibus
653 1971 685 1998 et
708 1969 810 1998 securi
833 1968 1016 2008 consistant,
1041 1971 1075 1999 ut
1100 1971 1132 1999 et
1156 1969 1187 1998 in
1204 1968 1347 2009 presenti
1363 1968 1476 2009 dignas
1500 1979 1518 1999 a
1539 1969 1630 2000 nobis
1654 1970 1880 2001 retributiones

227 2022 260 2050 et
283 2020 314 2049 in
338 2019 443 2050 futuro
468 2019 679 2059 multiplicem
704 2029 722 2049 a
745 2019 884 2050 Domino
909 2020 1043 2051 valeatis
1067 2019 1251 2052 mercedem
1277 2021 1430 2061 recipere.

1014 2167 1085 2196 222.

333 2224 492 2255 Iohaomes
515 2224 610 2256 VIII.
630 2235 719 2264 papa
739 2225 943 2263 Guaiferz'uvn
962 2226 1141 2266 principem
1165 2225 1434 2266 (Salernitcmum)
1458 2226 1496 2257 ab
1521 2226 1723 2267 infestatione
1750 2226 1876 2265 Capua-

181 2284 205 2303 35
225 2286 338 2307 norum
353 2276 545 2314 dehortatur,
561 2276 728 2307 adventum
744 2287 838 2308 suum
854 2287 912 2316 pro
922 2288 1002 2316 pace
1017 2277 1179 2316 firmanda
1191 2280 1263 2318 post
1279 2278 1391 2308 aestivi
1407 2279 1553 2317 temporis
1569 2279 1721 2316 fervorem
1736 2279 1874 2309 nuntiat.

340 2361 416 2387 Cod.:
446 2361 473 2387 R
490 2364 511 2395 f.
525 2363 569 2387 88¹
589 2370 615 2387 η.
632 2365 690 2388 223.
1569 2330 1631 2360 379
1654 2330 1768 2369 (Aust)
1779 2330 1790 2347 ⁵

329 2412 414 2439 EM.-
442 2412 535 2438 Editio
549 2412 674 2439 Romana
688 2414 773 2447 (1591)
787 2413 845 2445 III,
858 2417 909 2439 447
919 2422 945 2440 n.
958 2417 1014 2440 214.
1047 2414 1141 2439 Mansz‘
1161 2413 1238 2440 Cone.
1252 2414 1310 2440 coll.
1326 2413 1423 2446 XVII,
1438 2417 1486 2440 160
1504 2422 1531 2440 iz.
1542 2418 1600 2440 214.
1632 2413 1726 2448 Miyne
1746 2414 1820 2439 Patr.
1831 2414 1876 2438 lat.

228 2454 363 2485 CXXVI,
385 2458 433 2481 881
451 2464 478 2481 π.
492 2459 550 2481 258.
571 2471 603 2474 -
622 2456 700 2487 Jaffe'
720 2456 785 2489 Rey.
799 2460 863 2483 3286
882 2457 979 2490 (2505).

182 2550 210 2568 40
331 2546 389 2571 221.
418 2547 440 2578 ἰ)
458 2547 650 2576 habundanter,·
668 2547 685 2571 h
704 2556 770 2572 corr.
785 2556 815 2572 ex
834 2557 850 2573 n
869 2548 901 2574 R.
973 2547 997 2581 b)
1016 2549 1024 2573 l
1044 2557 1110 2574 corr.
1124 2557 1155 2573 ex
1173 2557 1185 2573 r
1204 2549 1235 2573 R.
1311 2548 1332 2578 c)
1353 2549 1368 2572 b
1388 2556 1453 2572 corr.
1467 2556 1498 2571 ex
1516 2556 1533 2572 u
1552 2547 1583 2571 B.
1659 2546 1683 2578 d)
1702 2548 1823 2580 uenduaypf
1846 2547 1874 2571 [ι’.

225 2590 248 2621 e)
262 2590 360 2615 basallo
374 2589 405 2614 R.
477 2588 497 2621 f)
511 2590 685 2621 habitationis,
705 2599 716 2615 s
729 2591 756 2615 in
769 2592 825 2623 fine
837 2591 886 2616 olel.
898 2591 929 2616 B.
1002 2590 1027 2623 g)
1041 2592 1132 2616 bomne
1145 2591 1177 2615 R.
1249 2590 1273 2622 h)
1288 2600 1354 2615 corr.
1368 2599 1398 2615 err:
1415 2595 1439 2615 et
1452 2591 1502 2615 iam
1521 2591 1555 2615 al.
1567 2599 1636 2614 man.
1647 2590 1678 2614 R.
1748 2589 1766 2621 i>
1780 2599 1829 2622 quo
1843 2590 1874 2614 R.

224 2631 249 2663 k)
269 2633 378 2665 petimus
398 2636 426 2657 ut
443 2632 533 2657 iterum
554 2633 628 2658 habet
646 2633 678 2658 R.
766 2633 784 2665 l)
804 2643 830 2659 se
849 2634 880 2659 R.
970 2636 1002 2665 ¹¹¹)
1022 2643 1069 2659 om.
1084 2634 1121 2663 R:
1141 2635 1173 2667 cf.
1192 2644 1218 2660 π.
1234 2636 1291 2665 219,
1306 2643 1334 2666 p.
1349 2636 1396 2658 196
1414 2634 1431 2659 l.
1446 2636 1466 2658 1.
1554 2634 1578 2664 ¹¹)
1598 2637 1708 2658 cctetera
1726 2633 1758 2658 B.

327 2708 352 2741 1)
372 2708 538 2734 Provinciae.
626 2709 652 2742 2)
674 2709 760 2735 Tcnor
777 2709 857 2736 huius
876 2710 1001 2743 epistolae
1019 2718 1119 2743 mayna
1138 2717 1170 2735 ex
1190 2712 1269 2743 parte
1288 2709 1356 2734 idem
1374 2709 1428 2740 sere
1447 2711 1483 2734 est
1502 2716 1532 2734 ac
1550 2709 1579 2733 in
1598 2717 1624 2734 vn.
1641 2711 1695 2733 219.
1784 2708 1809 2739 3)
1832 2707 1873 2738 (γ’.

223 2759 250 2777 η.
264 2754 320 2777 220.
390 2751 416 2783 4)
440 2751 480 2782 Cf.
498 2759 524 2777 n.
541 2754 596 2784 213,
616 2759 644 2784 p.
660 2756 705 2778 195
725 2755 816 2779 αηηοι,
831 2757 855 2780 5.
925 2755 951 2786 5)
970 2754 1012 2779 De
1030 2757 1146 2786 tempore
1164 2753 1246 2779 huius
1264 2756 1286 2779 ct
1304 2753 1434 2785 sequentis
1453 2752 1576 2784 epistolae
1594 2751 1628 2782 cf.
1646 2759 1671 2783 p.
1691 2754 1733 2777 198
1752 2753 1843 2775 amiel.
1858 2754 1874 2774 3

181 2801 208 2819 45
226 2796 249 2819 et
268 2793 333 2820 NA.
349 2793 493 2826 XXXVI,
512 2798 557 2820 152
575 2797 669 2820 annot.
685 2799 709 2821 4.
