2189 3042
163 733 188 752 10

164 999 188 1018 15

165 1256 190 1275 20

165 1513 189 1533 25

165 1771 190 1791 ³0

166 2144 191 2164 35

167 2427 192 2446 40

167 2640 192 2659 45

593 171 790 198 EPISTOLAE
811 172 859 198 AD
878 171 943 198 RES
963 171 1192 199 ORIENTALES
1209 170 1443 198 SPECTANTES
1462 171 1486 197 2.
1808 173 1868 202 377

214 259 297 300 πρὸς
319 258 373 290 τὸν
395 258 523 299 βασιλέα
543 258 675 299 ᾹΙιχαὴλ
697 260 750 290 καὶ
773 258 826 290 τὸν
851 259 976 290 Φώτιον
986 259 1008 288 ¹.
1046 259 1174 290 Τούτων
1199 258 1233 289 δὲ
1257 260 1320 289 τῶν
1343 260 1569 299 τοποτηρητῶν
1592 257 1673 299 πρὸς
1696 257 1751 298 τὴν
1773 257 1869 289 Κων-

215 310 468 342 σταντινούπολιν
491 310 691 341 ἀνελθόντων
714 310 850 345 σύνοδος
874 309 1118 351 συνεκροτήθη2
1142 310 1195 341 καὶ
1218 309 1454 344 ὗποκλαπέντες
1481 308 1569 341 οὗτοι
1599 310 1629 340 οἱ
1659 309 1868 350 τοποτηρηταὶ

215 363 334 403 δώροις
356 362 415 402 μὲν
433 361 520 402 παρὰ
548 361 684 401 Φωτίου,
709 362 847 396 ἀπειλαῖς
871 362 905 393 δὲ
934 362 1021 402 παρὰ
1052 365 1108 392 τοῦ
1131 362 1295 402 βασιλέως,
1327 361 1386 392 οὐκ
1417 361 1568 401 ἐποίησαν
1597 361 1676 392 κατὰ
1707 360 1741 391 τὸ
1772 361 1869 391 διατε-

215 414 372 453 ταγμένον
395 413 508 451 αὐτοῖς,
533 413 610 444 ἀλλὰ
633 414 890 454 κατεψηφίσαντο
912 413 971 453 μὲν
986 413 1147 453 Ἰγνατίου,
1172 413 1225 443 τὸν
1250 413 1284 443 δὲ
1313 412 1437 443 Φώτιον
1460 412 1548 452 παρὰ
1572 413 1626 452 τὴν
1651 413 1789 448 διάταξιν
1812 414 1867 443 τοῦ

215 465 305 496 πάπα
329 465 539 504 καθίδρυσαν.
573 464 635 495 Καὶ
658 466 761 499 οὕτως
783 464 870 505 παρὰ
893 464 946 495 τὸν
970 465 1180 495 ἀποστολικόν
1203 464 1325 504 θρόνον
1352 464 1572 503 ὑπέστρεψανιι
1595 464 1672 504 μετὰ
1696 464 1750 494 καὶ
1777 464 1867 504 βασι-

214 517 314 548 λικῶν
338 516 494 557 γραφῶν3
517 516 570 547 καὶ
592 519 655 547 τῶν
677 519 732 547 τοῦ
760 516 917 548 Φωτίου4.
951 516 1066 547 ‘Onon
1093 516 1146 546 καὶ
1174 516 1260 556 ζήλῳ
1285 515 1425 555 κινηθεὶς
1448 515 1466 545 ὁ
1489 515 1635 556 μοναχὸς
1662 515 1870 555 Θεόγνωστος

216 568 234 599 ὁ
258 568 505 608 ᾶρχιμανδρίτης
528 568 581 599 καὶ
605 567 655 598 διὰ
679 571 836 608 κοσμικῆς
859 568 970 608 στολῆς
993 567 1158 608 λαθραίως
1181 567 1234 598 καὶ
1254 567 1348 601 αὐτὸς
1371 567 1414 601 εἰς
1434 566 1561 607 Ῥώμην
1585 567 1733 607 ἐπιδημεῖ
1756 566 1810 597 καὶ
1832 565 1868 596 τὰ

215 620 295 651 κατὰ
319 622 374 651 τοῦ
397 619 547 659 Ἰγνατίου
572 619 712 651 διδάσκει
735 619 788 650 τὸν
812 620 986 659 ἁγιώτατον
1009 619 1120 649 πάπαν
1143 618 1308 649 ᾉῙικόλαον
1318 620 1338 648 ⁵.
1366 618 1426 652 ‘'Og
1453 618 1506 648 καὶ
1529 618 1667 649 σύνοδον
1691 618 1867 657 συγκροτή-

215 671 293 705 σας6
317 671 383 702 τότε
414 670 486 706 τοὺς
514 671 573 711 μὲν
604 671 740 705 οἰκείους
769 671 1031 711 ἀποκρισιαρίους
1050 670 1286 701 Ῥαδούαλδον7
1311 670 1363 700 καὶ
1389 669 1552 709 Ζαχαρίαν
1581 670 1626 703 (ὃς
1655 668 1870 709 πεποιηκότας

216 722 304 762 παρὰ
334 722 369 753 τὰ
401 723 623 762 διατεταγμένα
654 722 831 763 καθῄρησε,
860 723 952 753 πάλιν
983 721 1018 753 δὲ
1049 722 1187 753 σύνοδον
1219 722 1327 761 ἑτέραν
1357 721 1545 761 συγκροτεϊῧ
1576 721 1629 752 καὶ
1663 721 1787 751 Φώτιον
1816 720 1870 751 τὸν

215 774 331 814 μοιχὸν
359 774 412 805 καὶ
439 774 588 815 ἐπιβάτην
611 774 843 814 ἀναθεματίζει,
872 773 924 804 τὸν
955 773 989 804 δὲ
1019 772 1166 813 Ἰγνάτιον
1193 773 1390 813 πατριάρχην
1414 772 1784 806 Κωνσταντινουπόλεως
1814 772 1868 802 ἀν-

217 826 380 866 ηγόρευσε,
404 825 454 856 διὰ
479 825 677 866 γραμμάτων
698 837 729 856 τε
751 825 786 856 τὸ
809 825 884 866 παρ’
903 825 1000 856 αὐτοῦ
1023 824 1169 865 πραχθὲν
1194 827 1238 864 τῷ
1255 824 1386 864 Malam
1409 824 1550 864 βασιλεῖ9
1574 824 1627 854 καὶ
1650 827 1694 864 τῷ
1715 823 1832 863 Φωτίῳ
1843 822 1870 841 ¹⁰

217 877 372 917 πεποίηκε
395 877 567 917 γνώριμον.

324 936 410 967 Ἐπεὶ
442 937 477 968 δὲ
507 936 586 977 μετὰ
618 939 728 967 τοῦτον
759 937 802 970 εἷς
833 935 998 967 Βασίλειον
1009 936 1036 954 Π
1069 935 1108 976 ἡῦ
1141 935 1300 976 βασιλεῖαι)
1333 935 1554 976 μετεκυλίσθη,
1587 935 1732 975 φιλοθέῳ
1765 935 1870 975 ζήλῳο

217 988 337 1022 ἐκεῖνος
360 987 540 1028 ἐκεκίνητο(1
563 988 617 1019 καὶ
643 988 699 1029 τὴν
720 989 835 1028 πρᾶξιν
857 987 912 1028 τὴν
935 988 968 1018 ἓν
991 991 1027 1028 τῇ
1051 988 1248 1027 πρεσβυτέρᾳ
1269 987 1376 1027 Ῥώμῃ
1400 986 1487 1027 παρὰ
1511 989 1566 1017 τοῦ
1589 986 1679 1018 πάπα
1703 986 1869 1017 Νικολάου

217 1042 383 1079 γεγονυῖαν
409 1040 480 1080 περὶ
508 1042 563 1080 τῆς
585 1039 748 1080 ἀποβολῆς
774 1039 900 1070 Φωτίου
930 1039 982 1069 καὶ
1009 1042 1064 1079 τῆς
1095 1042 1150 1070 τοῦ
1174 1038 1323 1079 Ἰγνατίου
1348 1037 1637 1072 ἀποκαταστάσεως
1657 1038 1870 1078 ἕπεκύρωσεθ,

217 1090 271 1122 τὸν
294 1090 442 1130 Ἰγνάτιον
472 1092 507 1122 ἐκ
537 1095 591 1132 τῆς
621 1091 744 1132 ἒξορίας
775 1091 1053 1130 ἀνακαλεσάμενος
1083 1090 1136 1121 καὶ
1167 1089 1378 1130 καταγαγὼνῖ
1399 1090 1452 1121 τὸν
1479 1088 1650 1120 Φώτιονη.
1686 1089 1750 1119 Καὶ
1774 1088 1812 1129 δὴ
1838 1089 1872 1124 ἒξ

216 1143 377 1183 ἑκατέρων
401 1145 463 1173 τῶν
485 1146 596 1184 μερῶν
618 1146 673 1174 τοῦ
696 1155 727 1173 τε
747 1141 897 1182 Ἰγνατίου
921 1142 974 1173 καὶ
997 1145 1052 1173 τοῦ
1073 1142 1199 1173 Φωτίου
1217 1142 1477 1182 ᾶποκρισιαρίους
1498 1140 1575 1181 μετὰ
1600 1140 1653 1172 καὶ
1678 1140 1872 1180 βασιλικῶνὲ

217 1194 410 1230 ἐξαπέστειλε
437 1194 520 1235 πρὸς
547 1194 601 1225 τὸν
625 1193 834 1225 ἀποστολικὸν
863 1194 994 1234 θρόνον,
1027 1194 1271 1228 συναποστείλας
1301 1193 1353 1224 καὶ
1386 1193 1439 1224 τὸν
1471 1191 1680 1232 ἀναπλασμὸν
1707 1191 1762 1222 τὸν
1793 1192 1869 1232 παρ’

217 1246 315 1277 αὐτοῦ
339 1246 489 1286 γεγονότα
513 1249 567 1277 τοῦ
595 1246 721 1277 Φωτίου
744 1245 823 1276 κατὰ
854 1248 909 1276 τοῦ
937 1245 1027 1276 πάπα
1051 1244 1263 1282 NmoMovffl,
1292 1245 1328 1279 ὃς
1355 1245 1408 1275 καὶ
1436 1245 1553 1285 εὑρέθη
1579 1244 1761 1284 τελευτήσας
1783 1243 1871 1283 παρὰ

217 1300 282 1328 τῶν
306 1298 555 1329 ἀποσταλέντων.
602 1297 770 1337 Ἀδριανοῦ
782 1296 811 1315 ¹4
834 1296 868 1327 δὲ
892 1297 1121 1337 διαδεξαμένου
1155 1296 1249 1327 αὐτὸν
1273 1296 1509 1337 ὖπεδείχθησαν
1533 1296 1645 1336 ε’κείνῳ
1671 1295 1707 1325 τὰ
1731 1295 1870 1326 ἀποστα-

217 1349 316 1380 λέντα.
364 1349 466 1380 Πάλιν
498 1348 555 1380 οὖν
587 1349 605 1380 ὁ
634 1349 742 1383 πάπας
765 1347 929 1388 Ἀδριανὸς
961 1348 1098 1379 σύνοδον
1128 1347 1261 1388 τοπικὴν
1285 1347 1533 1388 συνεκρότησε15
1566 1347 1619 1378 καὶ
1652 1346 1687 1377 τὰ
1718 1346 1796 1377 αὐτὰ
1825 1349 1871 1386 τῷ

216 1401 310 1441 πάπα
339 1404 383 1441 τῷ
410 1401 561 1441 μακαρίῳ
584 1399 740 1440 Νικολάῳ
763 1400 842 1431 κατὰ
870 1400 996 1431 Φωτίου
1027 1400 1181 1430 ἐθέσπισε.
1218 1399 1281 1430 Καὶ
1311 1399 1554 1439 ἐπιλεξάμενος11
1577 1399 1698 1438 ἄνδρας
1729 1399 1872 1439 εὐλαβεῖς

219 1452 395 1484 ἀπέστειλεν
424 1453 467 1486 εἷς
496 1451 830 1483 Κωνσταντινούπολιν
859 1451 913 1482 καὶ
944 1451 1168 1491 οἶκουμενικῆς
1198 1451 1337 1482 συνόδου
1369 1451 1681 1491 συγκροτηθείσης16
1711 1450 1871 1490 παρουσίᾳ

218 1504 273 1535 καὶ
297 1506 360 1535 τῶν
382 1505 606 1544 τοποτηρητῶν
628 1505 691 1534 τῶν
715 1503 910 1533 ἀνατολικῶν
933 1505 1138 1543 πατριαρχῶν
1162 1502 1322 1542 ἀπόφασις
1349 1502 1442 1532 πάλιν
1471 1502 1551 1532 κατὰ
1580 1502 1707 1533 Φωτίου
1732 1503 1869 1542 γέγονεν,

218 1555 264 1590 ὥς
289 1557 447 1596 μοιχικῶς
473 1554 638 1595 ἐπιβάντος
667 1557 721 1594 τῆς
750 1554 917 1594 ἐκκλησίας
940 1553 1311 1587 Κωνσταντινουπόλεως
1339 1552 1407 1583 καὶἰ
1430 1553 1650 1593 καθαιροῦσαἰ
1679 1556 1789 1584 τοῦτον
1817 1552 1872 1583 καὶ

218 1607 498 1647 ἀναθεματίζουσα
529 1606 583 1637 καὶ
616 1606 669 1637 τὸν
698 1605 844 1645 ’[γνάτιον
879 1605 1139 1636 ἀποκαθιστῶσα.
1183 1604 1236 1635 Ἐν
1267 1605 1387 1639 τούτοις
1423 1605 1458 1636 δὲ
1488 1605 1581 1635 πάλιν
1612 1605 1630 1635 ό
1658 1604 1782 1638 Φώτιος
1812 1604 1871 1644 οὐχ

218 1658 368 1699 ἡσύχασε.
403 1657 625 1698 Παρανόμους
651 1657 711 1698 γὰρ
741 1657 862 1698 ἄνδρας
891 1657 1006 1698 γόητάς
1036 1669 1065 1688 τε
1094 1657 1148 1688 καὶ
1177 1657 1364 1691 ἀπατεῶνας
1387 1657 1546 1697 συνήγαγε
1582 1656 1636 1687 καὶ
1669 1656 1873 1696 συκοφάντας

217 1710 348 1750 ψευδεῖς
391 1709 593 1750 πλασάμενος
635 1709 690 1740 τὸν
734 1709 998 1749 τρισμακάριστον
1038 1708 1183 1749 Ἰγνάτιον
1226 1712 1280 1749 τῆς
1323 1709 1410 1749 ζωῆς
1453 1709 1617 1749 δυστήνως
1655 1708 1873 1748 ἀπαλλαγῆναι

217 1761 461 1802 παρεσκεύασεν.
500 1760 547 1792 Οὐ
570 1761 671 1801 μόνον
694 1763 796 1800 τοῦτο,
820 1760 897 1791 ἀλλὰ
920 1760 973 1791 καὶ
1001 1761 1041 1791 ἔτι
1065 1761 1098 1791 ἕν
1126 1764 1171 1801 τῷ
1199 1761 1306 1801 οἰκείῳ
1329 1760 1443 1801 θρόνῳ
1468 1760 1615 1800 Ἰγνατίου
1639 1760 1830 1801 καθημένου
1855 1760 1873 1791 ὃ

217 1813 281 1845 ὕπὸ
307 1814 530 1854 οἷκουμενικῆς
552 1812 690 1844 συνόδου
714 1813 912 1853 ἒκκήρυκτος
940 1812 994 1843 καὶ
1023 1812 1317 1853 ἀναθεματισμὲνος
1344 1812 1468 1846 Φώτιος
1497 1812 1530 1842 ἒν
1553 1814 1589 1852 τῇ
1613 1811 1871 1842 Κωνσταντινου-

217 1865 355 1896 πολιτῶν
389 1865 524 1905 ἐπαρχίᾳ
557 1865 750 1905 χειροτονίας
787 1864 964 1904 διαφόρους
999 1865 1154 1904 ἐποίησεν,
1190 1863 1267 1894 ἀλλὰ
1301 1864 1355 1894 καὶ
1388 1863 1467 1904 μετὰ
1503 1866 1724 1904 στρατιωτικῆς
1757 1862 1872 1903 χειρός,

219 1917 369 1956 καθάπερ
398 1916 416 1947 ὁ
441 1916 537 1947 πάλαι
565 1916 722 1956 δυσσεβὴς
751 1915 956 1950 Μακεδόνιος
966 1916 993 1934 ¹⁷
1025 1916 1067 1949 εἷς
1096 1915 1151 1956 τὴν
1181 1918 1235 1945 τοῦ
1265 1916 1346 1946 θεοῦ
1380 1915 1550 1955 ἐκκλησίαν
1578 1914 1777 1955 εἷσεπήδησε,
1808 1915 1873 1944 τῶν

325 2097 348 2128 ⁸⁴)
366 2095 523 2129 ὑπέγραψαν
541 2097 585 2126 M;
609 2095 766 2129 ὑπέγραψαν
789 2106 855 2122 corr.
869 2097 896 2122 iu
920 2095 1086 2129 ὑπέστρεψαν
1108 2097 1156 2128 Ott,
1176 2097 1231 2121 Vat.
1336 2096 1361 2128 b)
1380 2105 1428 2122 om.
1444 2096 1480 2128 M,
1506 2096 1568 2121 add.
1583 2100 1650 2127 post.
1664 2096 1691 2121 in
1714 2104 1798 2128 marq.
1813 2095 1873 2121 Vae.

219 2140 241 2171 Θ)
262 2138 334 2171 ζήνῳ
347 2140 385 2165 M.
456 2138 480 2171 d)
499 2139 622 2172 κεκίνητο
635 2140 708 2165 codd.
779 2138 802 2172 e)
821 2138 978 2172 ἐπεκήρωσε
997 2140 1071 2166 codd.
1077 2147 1086 2171 ,·
1103 2137 1266 2172 ἐπεκύρωσε,
1284 2148 1300 2164 υ
1319 2148 1386 2165 corr.
1400 2143 1428 2164 ut
1443 2140 1502 2170 vid„
1522 2139 1586 2164 Bav.
1658 2138 1678 2170 f)
1698 2136 1822 2170 καγαγών
1836 2138 1873 2164 Μ.

219 2182 243 2214 Β)
261 2181 400 2214 βασιλικῆς
418 2183 483 2209 Βαυ.
571 2182 595 2216 h)
615 2181 802 2215 ε’πιδεξάμενος
820 2183 886 2209 Βαυ.
973 2182 991 2214 i)
1011 2182 1193 2215 ἑκαθαιροῦσα
1210 2182 1240 2208 V.

325 2289 350 2322 1)
370 2289 432 2322 Περ.
445 2289 516 2321 Jaffo
534 2293 608 2322 2682,
622 2292 697 2322 2683,
716 2289 755 2317 ed.
768 2291 802 2315 M
804 2289 836 2316 G.
851 2289 942 2323 Epist.
952 2288 998 2322 VI,
1010 2293 1063 2317 433
1081 2298 1108 2315 n,
1123 2292 1164 2322 82,
1183 2292 1233 2316 439
1251 2297 1279 2316 n.
1292 2292 1333 2316 83.
1432 2289 1459 2321 2)
1480 2288 1573 2315 Mense
1593 2288 1673 2315 Maio
1691 2288 1761 2314 anni
1778 2291 1825 2315 861
1842 2288 1873 2314 in

218 2332 329 2358 ecclesia
348 2332 528 2365 apostolorum
546 2332 646 2360 habita.
759 2333 785 2366 3)
806 2332 880 2366 Quae
903 2332 1053 2366 deperditae
1078 2335 1151 2359 szmt.
1187 2332 1252 2366 Req.
1267 2332 1344 2366 apud
1361 2332 1471 2365 Doelyer
1488 2332 1505 2359 l.
1521 2332 1538 2359 Ζ.
1558 2340 1585 2358 n.
1599 2335 1658 2358 460.
1774 2331 1801 2364 4)
1820 2330 1873 2357 Ed.

221 2375 311 2409 Miqne
329 2375 406 2402 Patr.
416 2383 516 2409 qraeea
531 2375 595 2408 011,
604 2379 660 2403 593.
749 2377 774 2409 5)
794 2376 925 2402 [fibellum
943 2376 976 2402 de
998 2383 1083 2403 causa
1102 2376 1208 2410 Ignatii
1226 2385 1244 2402 a
1265 2376 1433 2410 Theoqnosto
1456 2375 1570 2402 Romam
1589 2374 1707 2401 delatum
1725 2374 1764 2400 ed.
1778 2374 1875 2400 Mansi

222 2418 301 2446 Cone.
316 2418 372 2445 coll.
384 2418 464 2451 XVI,
475 2422 525 2445 293
532 2426 566 2452 sq.
638 2420 664 2454 6)
683 2419 786 2446 Romae
804 2427 860 2446 vere
878 2419 948 2446 anni
967 2422 1027 2452 863,
1046 2419 1083 2451 cf.
1096 2419 1184 2446 Perels
1202 2419 1218 2446 Z.
1231 2419 1247 2445 l.
1258 2428 1288 2453 p.
1300 2423 1391 2453 4284141.
1463 2419 1489 2452 7)
1509 2417 1677 2450 RadoaIdus,
1696 2417 1745 2451 qui
1762 2419 1874 2450 tempore

219 2462 301 2488 huius
319 2461 417 2496 synodi
434 2462 465 2488 in
482 2470 562 2496 reqno
573 2462 700 2489 Latharii
718 2462 845 2496 lcyatio‘ne
861 2462 1033 2497 sunqebatur,
1048 2464 1143 2496 postea
1156 2462 1192 2489 ad
1209 2462 1343 2489 iudicium
1355 2465 1464 2489 vocatus
1476 2464 1522 2494 est,
1542 2462 1577 2494 cf.
1590 2461 1681 2487 Perels
1699 2460 1716 2487 l.
1728 2460 1744 2486 l.
1755 2468 1781 2494 p.
1797 2463 1828 2486 81
1835 2467 1873 2493 sq.

219 2505 246 2537 8)
265 2504 368 2531 Eadem
386 2504 514 2538 synodus,
533 2513 602 2538 quae
613 2505 777 2532 Zachariam
796 2506 944 2539 episcopum
961 2505 1081 2539 deposuit
1099 2505 1145 2539 (cf.
1158 2514 1224 2533 arm.
1235 2507 1272 2539 6),
1291 2505 1419 2532 Photium
1436 2505 1492 2531 nisi
1509 2513 1536 2531 se
1553 2504 1679 2531 subiceret
1700 2502 1874 2529 excommwni-

219 2547 345 2579 candum,
356 2547 495 2581 Iymtium
506 2548 698 2575 restituendum
709 2549 820 2581 censuit,
832 2550 867 2582 ef.
877 2548 965 2575 Perels
977 2549 994 2576 l.
1002 2548 1018 2576 l.
1028 2557 1053 2581 p.
1060 2551 1100 2575 43.
1162 2549 1188 2582 9)
1201 2548 1266 2582 Ray.
1277 2548 1351 2580 Jaffei
1363 2551 1439 2581 2813,
1452 2547 1492 2574 ed.
1503 2548 1541 2574 M
1542 2547 1574 2574 G.
1582 2547 1670 2580 ffln'st.
1678 2546 1723 2579 VI,
1732 2549 1784 2572 488
1797 2554 1823 2571 n.
1832 2549 1874 2572 90.

220 2589 264 2623 10)
287 2589 351 2624 Rey.
364 2589 438 2622 Jaffe'
454 2594 530 2624 2814,
553 2591 592 2618 ed.
606 2591 676 2619 ΜΘ.
690 2592 777 2625 Epist.
794 2592 840 2624 VI,
853 2595 902 2618 533
922 2600 949 2618 n.
965 2595 1004 2618 92.
1130 2592 1173 2625 11)
1194 2592 1216 2618 Ι.
1234 2591 1414 2623 Macedonem,
1440 2594 1584 2618 867-886,
1706 2589 1747 2620 12)
1767 2589 1801 2615 Α.
1815 2591 1875 2620 867,

219 2634 254 2666 cf.
268 2632 465 2666 Herqenrotlaer
483 2634 498 2660 l.
512 2634 528 2661 l.
542 2634 580 2666 H,
594 2637 684 2667 2lsqq.
729 2643 733 2646 ·
790 2634 832 2667 13)
851 2634 894 2660 De
911 2634 962 2660 hac
980 2634 1109 2667 leqatiom
1134 2634 1169 2667 cf.
1182 2634 1260 2666 infra
1278 2634 1421 2660 Anastasii
1439 2633 1633 2660 bibliotlwcarii
1647 2632 1790 2666 prologum
1809 2639 1836 2657 n.
1849 2635 1872 2663 6,

220 2675 321 2709 Do'lyer
338 2676 354 2701 l.
369 2676 385 2703 l.
398 2684 425 2702 n.
438 2680 496 2703 474.
614 2677 656 2710 14)
675 2677 724 2711 11„
743 2680 886 2704 867—872.
1003 2678 1046 2710 15)
1068 2677 1168 2704 Romae
1186 2678 1217 2703 in
1234 2677 1344 2704 ecelesia
1361 2677 1385 2704 b.
1402 2677 1486 2707 Petri,
1512 2683 1598 2702 mense
1617 2675 1701 2702 Iwnio
1727 2674 1797 2701 anni
1815 2677 1872 2701 869.

222 2718 264 2751 16)
285 2718 518 2754 Constantinopoli
534 2720 565 2746 in
582 2721 689 2747 ecclesia
707 2729 726 2747 ε.
737 2720 861 2754 Sophiae,
878 2728 965 2746 mense
982 2720 1086 2746 Octobri
1104 2720 1173 2746 anni
1193 2724 1251 2747 869.
1324 2721 1366 2753 17)
1388 2720 1539 2753 Episcopus
1557 2717 1874 2751 Constantinopolitanue

221 2764 368 2794 342—348,
389 2764 528 2796 350—360,
548 2763 595 2797 qui
611 2764 735 2791 Ariamae
752 2763 853 2790 haeresi
871 2763 984 2797 favebat,

329 2831 480 2858 ΕΡΙετοιΔΕ
500 2832 560 2863 VII.
574 2832 598 2860 2.
1633 2829 1666 2857 48
