2189 3042
111 727 136 746 10

110 1193 134 1212 15

108 1449 135 1470 ²0

107 1739 131 1759 25

106 2061 132 2081 3⁰

106 2310 130 2330 35

105 2568 132 2587 40

105 2782 130 2800 45

523 163 722 191 EPISTOLAE
740 163 789 191 AD
808 164 874 191 RES
894 163 1121 192 ORIENTALES
1139 163 1373 190 SPECTANTES
1390 164 1414 190 3.
1427 164 1451 190 4.
1751 167 1810 198 381

163 254 219 283 τοῦ
243 252 347 292 ἀμνοῦ
371 254 425 283 τοῦ
450 252 483 282 ἐν
505 254 570 286 ταῖς
592 252 656 282 τῶν
671 250 873 292 Ἰσραηλιτῶν
896 252 1009 292 φλιαῖς,
1034 251 1062 282 εἰ
1081 250 1126 292 μὴ
1151 251 1169 282 ὁ
1193 250 1328 292 σταυρὸς
1350 253 1406 282 τοῦ
1431 251 1560 285 πάθους
1583 253 1639 282 τοῦ
1661 251 1811 292 Χριστοῦ,

165 303 244 344 ὅπερ
276 304 309 335 ἐν
338 306 402 338 τοῖς
432 304 592 344 μετώποις
621 304 684 334 τῶν
715 305 834 334 πιστῶν
870 303 1122 344 ἐνσφραγίζεται,·
1151 302 1191 334 Ὁ
1220 305 1298 343 γοῦν
1329 302 1382 334 τὸν
1413 303 1570 343 σωτήριον
1599 303 1737 344 σταυρὸν
1771 305 1814 339 εἷς

165 354 260 386 οὐδὲν
281 355 485 396 λογιζόμενος
499 357 545 395 τῷ
561 355 755 395 εὖαγγελικῷ
772 355 853 396 ξίφει
876 355 1052 396 ἀναιρεῖται.
1081 354 1174 385 Ἀλλὰ
1197 354 1268 395 περὶ
1289 354 1349 394 μὲν
1371 356 1426 386 τοῦ
1447 354 1574 386 Φωτίου
1598 355 1701 390 οὕτως
1724 356 1813 397 ὑμεῖς

163 406 369 447 ὗπεγράψατε
379 407 399 442 ¹,
431 407 521 447 ἡμεῖς
551 406 586 438 δὲ
617 406 652 437 τὸ
681 407 843 447 βασιλικὸν
873 406 1029 447 γράμμα2
1063 406 1250 447 ἀναγνόντες
1281 406 1423 437 πλεῖστον
1454 406 1519 437 ἀπὸ
1551 409 1605 438 τοῦ
1637 407 1814 448 ὑμετέρου*ὶ

165 458 362 498 διιστάμενον
385 458 530 498 εὕρομεν.
576 457 721 499 Περιεῒχε
744 457 805 498 γὰρ
831 459 943 494 οὕτως,
972 459 1017 489 ὅτι
1044 458 1168 492 Φώτιος
1194 457 1409 498 ῆσυχαστικὴν
1433 457 1595 498 διαγωγὴν
1618 459 1813 500 ᾔρετήσατοδ

163 509 216 540 καὶ
240 510 476 551 ἐνυπογράφως
498 509 553 541 τὸν
581 510 703 550 θρόνον
730 510 957 550 παρῃτήσατο3
980 509 1033 540 καὶ
1060 510 1168 544 ι’ὂίωςο
1197 508 1233 540 τὰ
1261 509 1333 549 περὶ
1355 509 1490 540 ἑαυτοῦ(ἰ
1513 511 1730 551 συνεφώνησε,
1759 523 1813 542 τα-

162 561 311 592 πείνωσιν
334 561 400 592 ἀντὶ
421 562 641 602 ὑπερηφανίας
663 552 821 602 ἑλόμενος.
869 560 918 593 Οὗ
949 561 988 602 δὴ
1018 561 1110 604 χάριν
1139 560 1172 591 ἐν
1199 560 1375 601 ἀμφιβολίᾳ
1406 561 1591 601 ἐγενόμεθα,
1636 561 1728 593 Πολὺ
1752 562 1813 604 γὰρ

164 611 306 653 διαφέρει
335 612 369 643 τὸ
396 613 652 653 παραιτήσασθαι
673 615 749 644 τοῦΘ
772 613 964 653 ἐξωσθῆναι.
999 611 1109 653 εΗμεῖς
1139 612 1244 643 τοίνυν
1276 612 1351 643 ἄνευ
1379 612 1534 653 ἀκριβοῦς
1563 613 1734 649 ἐξετάσεως
1757 614 1812 656 τὴν

163 664 293 695 οῐανοῦν
323 665 500 704 ἐπενεγκεῖν
528 665 629 705 κρίσιν
656 665 694 695 οὗ
722 664 899 705 δυνάμεθα.
944 663 1001 695 Διὸ
1030 664 1084 695 καὶ
1107 663 1222 704 ἀρτίως
1251 663 1307 704 τὴν
1335 666 1449 704 ψῆφον
1478 665 1729 706 παρεδράμομεν
1759 666 1814 697 καὶ

163 716 252 756 χρεία
275 715 355 747 ἐστὶν
371 715 442 750 ἑνὸς
465 715 599 747 ἑκάστου
614 716 735 756 μέρους
750 716 995 757 εὗλαβεστάτους
1011 715 1205 749 ἐπισκόπους
1221 715 1443 756 ἀποσταλῆναι,
1468 715 1514 750 ὡς
1530 717 1569 747 ἂν
1586 717 1812 759 ἐξεταζομένης

162 767 267 808 πάσης
290 768 483 808 ἀμφιβολίας
505 767 559 798 καὶ
581 768 617 799 ἐκ
639 768 768 798 πάντων
791 770 854 798 τῶν
876 769 987 808 μερῶν
1016 770 1071 808 τῆς
1101 766 1250 807 ἀληθείας
1279 768 1523 808 φανερουμὲνης
1552 768 1646 799 εἰπεῖν
1675 769 1811 810 δυνησό-

161 819 259 858 μεθα,
283 819 301 850 ὃ
324 819 342 850 ὁ
365 819 443 854 θεὸς
466 819 570 850 δώσει.
604 818 668 850 Καὶ
691 818 773 859 γὰρ’*
796 819 842 853 ὡς
865 819 1043 859 κάτοπτρον
1065 818 1119 850 καὶ
1142 818 1320 858 ὑπόδειγμα
1345 818 1364 858 ἡ
1388 817 1461 858 ἁγία
1484 821 1548 850 τῶν
1567 819 1736 860 Ῥωμαίων
1759 821 1812 852 ἐκ·

161 870 274 910 κλησία
297 873 362 905 ταῖς
384 871 506 905 λοιπαῖς
529 870 707 911 ἐκκλησίαις
729 871 921 906 καθίσταται,
945 870 998 901 καὶ
1022 871 1053 901 εἴ
1067 882 1093 900 τι
1116 870 1155 900 ἂν
1171 869 1271 909 ὁρίσῃ,
1295 869 1338 903 εἷς
1354 868 1408 900 τὸν
1425 869 1526 901 αἰῶνα
1550 870 1724 912 ἀκλόνητον
1744 872 1812 903 ὃια-

160 922 257 961 μένει,
280 922 334 953 καὶ
356 922 417 963 χρὴ
441 921 518 962 μετὰ
543 922 713 958 ἐξετάσεως
735 921 790 957 τὰς
811 923 929 963 κρίσεις
950 922 1067 962 φέρειν.

972 1111 1002 1140 4.

272 1177 437 1218 Styliauus
459 1178 620 1218 episcopus
635 1178 909 1210 Neocaesaricusis
928 1178 1084 1219 Stephano
1102 1177 1138 1210 V.
1157 1187 1262 1218 papae
1283 1177 1446 1217 respondet
1468 1188 1489 1209 a
1511 1189 1543 1209 se
1558 1178 1707 1211 Plzotium
1729 1189 1814 1212 nuu-

160 1239 254 1269 quam
272 1229 494 1271 patriarcham
516 1230 659 1261 habitum
683 1240 755 1268 esse,
778 1240 873 1270 quam
895 1230 931 1262 ob
952 1240 1017 1261 rem
1040 1230 1106 1270 ipse
1129 1239 1199 1260 eum
1221 1239 1285 1261 non
1312 1231 1376 1260 tam
1405 1229 1612 1263 iudicandum
1634 1241 1729 1270 quam
1756 1232 1812 1263 ab·

161 1281 274 1313 iccium
297 1282 461 1312 censuerit.
500 1281 614 1313 Denuo
635 1284 732 1322 rogat,
755 1284 790 1313 ut
813 1292 904 1321 papa
929 1292 987 1323 per
1015 1280 1160 1321 epistolas
1191 1280 1361 1322 encyclicas
1389 1291 1446 1320 eos,
1477 1282 1532 1321 qui
1561 1282 1593 1313 vi
1621 1283 1668 1314 vel
1694 1282 1814 1324 fraude

161 1333 291 1365 adducti
313 1332 462 1365 Plcotium
484 1333 582 1365 secuti
603 1334 676 1372 sint,
698 1334 734 1365 in
753 1334 907 1374 yremium
928 1333 1072 1365 ecclesiae
1094 1332 1193 1372 recipi
1215 1333 1330 1364 iubeat.
1565 1335 1643 1374 (891
1666 1335 1727 1376 iu.)

267 1400 354 1428 codd:
374 1402 408 1427 M
421 1410 450 1434 p.
465 1405 518 1434 114,
538 1401 564 1428 V
569 1403 591 1435 f.
603 1405 660 1434 106,
684 1401 730 1428 ott
746 1404 767 1434 f.
781 1404 839 1433 232,
858 1401 910 1428 Vat
927 1402 948 1435 f.
964 1405 1003 1434 70,
1023 1401 1082 1427 Bav
1098 1401 1120 1432 f.
1134 1403 1194 1428 378.

266 1444 344 1471 Edd:
364 1445 458 1472 Rader
474 1453 500 1478 p.
515 1448 575 1471 402.
605 1444 694 1471 Labbe
711 1444 789 1477 VHI,
805 1448 875 1471 1409
889 1456 920 1466 =
934 1445 1030 1471 Mansi
1051 1444 1133 1477 XVI,
1147 1446 1205 1471 437.

163 1540 262 1566 mlv«
278 1540 321 1566 TA
337 1539 465 1565 HANTA
476 1538 697 1564 AFJQTATQJb
709 1538 780 1564 ΚΑΙ
788 1537 1094 1564 MAKAPJQTATQIc
1104 1538 1303 1564 ΣΤΕΦΑΝΩΙ
1310 1538 1381 1564 ΚΑΙ
1392 1538 1679 1565 ΟΙΚΟῩΜΕΝΙΚΩΙ
1691 1539 1814 1566 ΠΑΠΑΙ

158 1582 384 1609 ΣΤΥΛΙΑΝΟΣ
406 1581 636 1608 ΕΠΙΣΚΟΠΟΣ
657 1581 971 1608 ΝΕΟΚΑΙΣΑΡΕΙΑΣ
995 1581 1064 1607 ΚΑΙ
1089 1581 1130 1608 ΟΙ
1152 1581 1234 1608 ΣΥΝ
1254 1581 1356 1608 ΕΜΟΙ
1376 1581 1596 1608 ΕΠΙΣΚΟΠΟΙ
1619 1581 1815 1610 ΕΥΣΕΒῙΟΣ

158 1625 388 1652 ΕΠΙΣΚΟΠΟΣ
417 1624 643 1651 NAZIANZOY
675 1624 856 1650 ΙΩΑΝΝΗΣ
886 1624 1117 1651 ΕΠΙΣΚΟΠΟΣ
1152 1624 1345 1651 ΚΟΜΑΝΩΝ
1372 1624 1554 1651 ΙΩΑΝΝΗΣ
1584 1625 1815 1653 ΕΠΙΣΚΟΠΟΣ

806 1667 1041 1694 ΛΕΟΝΤΟΠΟΛ
1046 1667 1167 1695 ΕΩΣ**.

269 1725 313 1756 Τὰ
340 1726 412 1757 θεῖα
435 1725 489 1756 καὶ
517 1724 585 1765 ἱερὰ
613 1724 784 1765 γράμματα
814 1728 869 1766 τῆς
897 1725 992 1766 ὑμῶν
1015 1725 1230 1766 ἇγιοπρεποῦς
1256 1725 1309 1756 καὶ
1332 1725 1531 1766 ἐξοχωτάτης
1553 1725 1814 1768 ἀρχιερωσύνης5

158 1778 178 1819 ἦ
208 1777 344 1818 ἡμετέρα
374 1777 539 1818 μετριότης
567 1776 724 1817 δεξαμένη
756 1777 842 1818 ἥσθη
874 1777 907 1808 ἐν
934 1775 1073 1811 τούτοιςιί
1097 1800 1204 1809 .....
1234 1776 1381 1818 Περιεῖχε
1409 1776 1444 1808 τὸ
1472 1777 1645 1818 σεβάσμιον
1671 1780 1725 1818 τῆς
1756 1781 1814 1819 σῆς

270 1921 297 1954 *)
316 1921 428 1948 Lemma
445 1921 476 1947 in
494 1921 585 1948 codd..·
604 1921 694 1957 Ἑτέρα
713 1920 834 1954 ἐπιστολὴ
852 1920 1056 1954 παρακλητικὴθ
1074 1920 1228 1954 πεμφθεῖσα
1241 1921 1306 1953 μετὰ
1325 1920 1367 1954 ἔτη
1382 1921 1458 1954 τριάθ
1470 1921 1542 1954 παρὰ
1556 1924 1601 1947 τοῦ
1615 1921 1695 1947 αὐτοῦ
1713 1931 1813 1955 μητρο-

313 1965 420 1992 πολίτου
439 1965 652 1998 Νεοκαισαρειάς
669 1964 736 1998 πρὸς
754 1963 798 1990 τὸν
817 1963 895 1989 αὐτὸν
913 1963 1050 1997 Στέφανον
1068 1963 1158 1990 πάπαν
1174 1963 1287 1998 Ῥώμης,
1311 1964 1352 1990 ὅτε
1378 1964 1424 1990 καὶ
1449 1964 1479 1990 ἐκ
1503 1967 1556 1990 τῶν
1573 1964 1699 1991 ἐναντίων
1721 1967 1813 1999 μερῶν

314 2007 381 2033 κατὰ
399 2007 445 2041 τὴν
459 2007 564 2041 ἐντολὴν
585 2010 630 2033 τοῦ
642 2007 724 2040 πάντα,
742 2007 934 2041 μητροπολίτου
952 2006 998 2032 καὶ
1015 2006 1166 2040 βασιλέως-ἲ,
1188 2006 1352 2041 ἅνθρωποςὲ
1372 2008 1437 2041 μετὰ
1461 2007 1507 2034 καὶ
1529 2007 1690 2041 γραμμάτων
1712 2008 1812 2042 βασιλι-

313 2050 409 2076 uernam
428 2050 520 2084 ἦλθον.

252 2093 295 2126 **)
313 2093 455 2127 Reliquam
480 2094 680 2127 inscriptionem
709 2101 758 2120 om.
780 2092 863 2127 codd„
888 2094 936 2126 qui
961 2093 1036 2120 adda
1062 2093 1107 2119 καὶ
1134 2093 1162 2121 οἱ
1181 2093 1266 2120 λοιποὶ
1290 2094 1427 2120 ἐπίσκοποι
1450 2094 1478 2120 οἷ
1496 2093 1523 2120 ἒν
1544 2097 1574 2128 τῇ
1593 2094 1667 2128 ἑτέρᾳ
1691 2094 1811 2129 ἐπιστολῇ

313 2136 516 2170 προγραφέντες.

263 2215 287 2248 ὃ)
306 2214 434 2248 ἡμετέρου
453 2215 537 2248 codd„
555 2224 600 2241 em.
615 2215 714 2241 Rader.
802 2214 827 2247 b)
844 2216 879 2240 sic
897 2215 980 2248 codd„
999 2215 1067 2248 forte
1084 2213 1237 2248 ᾖρετίσατοῖῑ
1324 2216 1347 2248 ⁰)
1367 2215 1419 2248 ἰδίᾳ
1438 2217 1475 2247 M,
1492 2216 1540 2243 Oa.
1628 2215 1654 2250 d)
1672 2214 1752 2242 αὐτοῦ
1772 2217 1808 2242 M.

158 2260 181 2292 θ)
199 2261 237 2291 τῷ
256 2259 294 2291 M,
308 2259 373 2284 Βαυ.

262 2301 287 2328 4.
315 2302 338 2333 ⁸¹)
361 2300 412 2326 Τοῦ
428 2299 505 2333 V‚M‚
518 2301 590 2333 Bav‚·
609 2310 675 2327 corr.
688 2303 725 2334 τῷ
750 2301 798 2327 Ott.
869 2300 894 2333 b)
914 2300 1058 2334 ἅγιωτάτου
1078 2302 1105 2335 V,
1118 2303 1189 2332 Bav;
1207 2311 1275 2329 corr.
1288 2301 1424 2335 ἁγιωτάτῳ
1447 2302 1494 2328 Oct.
1564 2303 1586 2334 ο)
1605 2302 1809 2335 μακαριωτάτου

164 2345 244 2377 V,M,
258 2345 329 2376 Bav;
346 2353 413 2370 corr.
425 2343 620 2376 μακαριωτάτῳ
643 2344 690 2370 On.
780 2343 805 2377 d)
826 2344 899 2376 Quae
917 2346 1085 2377 sequebantur
1108 2346 1136 2370 in
1160 2346 1275 2378 epistola,
1299 2346 1326 2371 in
1354 2346 1480 2371 codicibus
1505 2347 1606 2378 omissa,
1629 2346 1674 2371 sed
1696 2346 1811 2377 breviter,

159 2397 224 2421 quae
242 2388 290 2413 hoc
309 2388 362 2413 loco
381 2388 577 2419 continerentur,
595 2387 752 2413 adumbrata
769 2393 839 2413 aunt:
859 2386 904 2413 καὶ
923 2387 990 2420 μετὰ
1008 2386 1037 2413 τὸ
1054 2386 1193 2421 προοίμιον
1217 2390 1263 2422 τῆς
1288 2387 1431 2421 ἐπιστολῆς,
1457 2387 1485 2414 ἐν
1503 2386 1526 2420 ᾧ
1544 2387 1590 2413 καὶ
1614 2387 1746 2421 ἐγκώμιον
1764 2390 1810 2413 τοῦ

159 2429 333 2456 ἀποστολικοῦ
352 2428 460 2462 θρόνου,
479 2429 618 2463 γέγραπται
636 2432 714 2456 ταῦτα
727 2429 822 2464 ῥητῶς.
895 2431 918 2463 ⁹)
936 2429 1115 2464 παρακλετικὴ
1132 2431 1159 2458 V.
1220 2430 1240 2464 f)
1257 2431 1395 2464 βασιλικοῦ
1410 2431 1440 2463 V,
1454 2431 1491 2457 M.
1554 2431 1580 2463 Β)
1593 2432 1628 2457 sic
1641 2432 1723 2462 codd.r
1741 2432 1808 2464 forte

159 2472 317 2505 ἅνθρωποιίῑ
387 2472 412 2505 h)
430 2472 568 2506 γράμματα
585 2472 714 2505 βασιλέως
733 2473 761 2499 V.

262 2558 287 2591 1)
315 2557 355 2589 Of.
377 2565 461 2590 supra
485 2565 514 2591 p.
534 2560 591 2585 379.
719 2558 745 2591 2)
775 2557 851 2591 Quod
879 2558 1042 2592 deperditum
1072 2561 1117 2587 est.
1162 2559 1217 2593 Cfi,
1245 2567 1314 2593 quae
1346 2559 1377 2585 in
1409 2559 1543 2586 codicibus
1576 2559 1712 2592 epistolam
1745 2568 1773 2585 ri.
1796 2564 1810 2586 1

158 2603 315 2635 sequuntur,
338 2609 422 2633 supra
443 2609 472 2634 p.
486 2603 535 2628 374
554 2609 619 2628 arm.
634 2600 663 2631 *,·
689 2601 789 2635 Do'lyer
810 2601 826 2627 l.
839 2602 853 2628 ῑ.
869 2609 896 2628 n.
910 2605 964 2628 513.
1078 2602 1105 2634 3)
1127 2602 1167 2636 Of.
1183 2602 1247 2629 Vita
1265 2602 1408 2636 Euthymii
1426 2605 1499 2635 222,
1519 2602 1558 2629 ed.
1571 2601 1601 2628 de
1620 2602 1693 2628 Boor
1710 2602 1806 2635 (1888)

154 2653 184 2678 p.
199 2648 227 2671 5:
251 2644 408 2678 παραίτησιν
426 2643 472 2670 καὶ
489 2643 526 2678 μὴ
545 2643 706 2678 βουλόμενον
724 2643 813 2678 ἀπῄτει
833 2645 878 2677 (sc.
890 2644 1033 2678 imperator
1051 2645 1198 2679 Photiwm),
1218 2645 1250 2679 ἢν
1268 2645 1314 2671 καὶ
1331 2645 1511 2679 βεβιασμένως
1529 2645 1680 2678 πεποίηκεν,
1698 2647 1722 2671 et
1739 2652 1809 2677 quae

159 2687 190 2714 de
207 2687 280 2714 Boor
295 2695 324 2720 p.
338 2691 445 2721 143sqq.
459 2687 508 2714 hac
525 2687 557 2714 cle
575 2695 604 2714 re
623 2687 757 2714 disseruit.
850 2688 877 2721 4)
898 2687 971 2721 Quae
989 2691 1145 2722 sequuntur,
1163 2689 1244 2715 etiam
1262 2689 1364 2715 Latino
1382 2690 1506 2714 contextu
1523 2688 1600 2714 nobis
1617 2690 1719 2714 servata
1736 2689 1810 2721 sumt,

158 2731 194 2763 cf.
206 2739 291 2764 supra
305 2739 333 2764 p.
347 2733 399 2757 348
417 2739 444 2758 π.
458 2730 538 2764 26(2).
643 2730 670 2764 5)
692 2730 732 2763 Cf.
747 2738 832 2764 supra
846 2739 875 2764 p.
889 2733 940 2758 380
957 2739 986 2758 rt.
999 2734 1022 2758 3.
1118 2732 1145 2763 6)
1165 2731 1206 2766 Of.
1219 2732 1249 2758 de
1267 2732 1347 2764 Boor,
1366 2731 1426 2758 Vita
1445 2731 1588 2765 Euthymii
1605 2731 1693 2764 (1888)
1709 2738 1736 2763 p.
1751 2734 1809 2758 147.

159 2774 185 2809 7)
206 2773 247 2808 Cf.
262 2773 325 2808 Rey.
339 2775 414 2807 apud
431 2773 528 2808 Do‘zyer
546 2775 563 2801 l.
576 2774 591 2800 l.
605 2782 632 2801 η.
645 2778 700 2801 615.
