2189 3042
302 122 362 152 364
793 113 974 139 STEPHANI
989 113 1021 139 V.
1042 112 1159 138 PAPAE
1178 112 1377 139 EPISTOLAE
1394 114 1418 139 4.
1432 113 1456 139 5.

302 208 425 234 suetam
450 201 663 233 reverentiam
688 200 848 230 sanctitati
872 202 946 230 tuae
966 199 1128 230 emisimus
1153 202 1185 229 et
1207 209 1265 239 per
1282 199 1375 230 huius
1398 201 1526 230 nostrae
1543 199 1739 239 apostolicae
1757 200 1955 231 auctoritatis

302 255 452 296 paginam
482 256 660 283 statuentes
685 251 895 290 decernimus,
926 254 961 281 ut
994 261 1104 281 omnes
1138 250 1289 281 ecclesias
1322 261 1379 281 seu
1408 251 1603 281 monasteria
1632 254 1729 291 atque
1760 251 1954 292 parrochias,

303 317 385 346 quae
410 305 449 336 ad
475 304 654 345 praefatam
679 308 822 334 sanctam
840 302 1067 333 Coloniensem
1089 302 1256 333 ecclesiam
1278 303 1439 342 pertinere
1463 305 1644 341 noscuntur,
1669 312 1763 342 porro
1789 305 1821 333 et
1844 306 1957 334 cuncta

303 358 373 388 loca
396 357 519 387 urbana
544 355 593 386 vel
618 355 746 388 rustica,
771 353 802 384 id
827 357 875 384 est
898 364 1036 393 mansos,
1064 353 1198 392 casales,
1222 353 1355 394 praedia
1380 354 1477 384 etiam
1502 353 1628 384 diversa
1651 353 1736 384 culta
1759 353 1810 384 vel
1839 354 1957 385 inculta

303 409 423 439 colonis
447 418 576 448 prorsus
600 410 632 437 et
656 406 795 444 familiis,
821 415 903 446 quae
932 416 990 446 per
1019 406 1118 436 iustas
1143 408 1175 435 et
1198 404 1406 436 rationabiles
1429 405 1621 436 munitiones
1644 408 1710 437 tam
1736 416 1777 436 ex
1801 405 1884 436 dono
1907 406 1959 437 vel

302 460 452 500 largitate
476 469 587 500 regum
613 469 668 488 seu
693 458 874 498 reginarum
900 460 996 498 atque
1022 456 1354 487 christianissimorum
1377 456 1516 487 virorum
1541 457 1571 487 in
1601 457 1715 489 eadem
1741 457 1875 489 ecclesia
1901 457 1957 488 ad-

303 514 469 549 venerunt,
494 510 586 541 sicuti
611 511 716 540 omnia
741 509 905 549 praedicta
923 509 1116 539 venerabilis
1141 509 1277 539 ecclesia
1300 519 1401 549 usque
1426 508 1466 538 ad
1483 518 1636 549 praesens
1660 512 1787 550 tempus
1811 509 1957 550 detinuit,

304 567 336 594 et
358 573 376 593 a
400 572 481 593 nunc
509 563 541 592 in
571 564 763 602 perpetuum
794 561 922 602 proprio
956 560 1024 590 iure
1058 559 1212 591 defendat
1243 563 1340 600 atque
1373 560 1403 590 in
1436 560 1626 591 utilitatibus
1659 561 1721 591 suis
1752 561 1960 602 perhenniter

305 618 418 645 cuncta
443 614 620 654 proficiant,
645 612 917 654 quemadmodum
942 613 972 642 in
998 612 1246 642 confirmationis
1266 612 1434 652 privilegio
1459 622 1555 653 super
1570 612 1618 642 his
1636 612 1781 643 omnibus
1804 612 1845 643 ab
1869 616 1958 644 ante-

303 676 430 697 cessore
462 668 569 696 nostro
595 665 666 705 piae
696 665 872 695 memoriae
896 664 1023 704 Leone,
1055 664 1254 694 sanctissimo
1285 663 1377 694 huius
1408 663 1513 694 almae
1544 663 1629 694 sedis
1658 664 1806 705 praesule
1819 665 1839 703 ¹,
1871 665 1956 696 facto

303 718 457 758 nobisque
490 720 695 758 praesentato
724 716 861 756 legimus
889 716 1053 746 contineri.
1102 715 1233 746 Necnon
1269 719 1300 745 et
1331 725 1441 754 omnes
1466 715 1608 746 decimas
1636 716 1668 746 in
1699 715 1813 746 eadem
1843 721 1962 757 saepe⁸

308 769 395 800 dicta
419 772 526 800 sancta
553 769 736 799 Coloniensi
767 768 901 798 ecclesia
926 767 1007 798 iuste
1036 770 1068 797 et
1091 768 1243 797 canonice
1268 767 1401 798 concedi
1426 767 1637 808 decernimus,
1662 777 1743 809 quae
1771 777 1829 809 per
1852 767 1962 799 solita-

304 823 383 852 riam
416 821 678 851 consuetudinem
703 831 722 851 a
745 820 878 860 singulis
901 819 1079 859 quibusque
1110 818 1291 849 hominibus
1319 829 1337 849 a
1362 822 1507 860 tempore
1531 818 1642 849 Karoli
1667 819 1775 860 magni
1799 819 1962 860 quondam

310 873 513 914 imperatoris
546 872 781 903 rationabiliter
814 872 881 902 dari
914 871 1129 911 canoniceque
1162 871 1248 911 posci
1280 871 1485 912 persolvique
1518 870 1650 902 solitaeb
1677 874 1758 902 sunt.
1804 872 1868 902 Pro
1899 881 1961 912 quo

308 926 404 956 etiam
434 924 491 955 sub
514 924 611 955 divini
639 923 765 954 iudiciic
789 923 1003 953 obtestatione
1027 922 1269 963 promulgantes
1290 922 1501 962 decernimus,
1525 929 1559 953 ut
1582 922 1668 953 nullo
1692 923 1788 954 modo
1813 924 1961 964 cuiquam

304 977 454 1017 publicae
480 976 613 1007 actionis
630 976 767 1006 virorum
798 975 848 1005 vel
873 975 956 1005 aliae
981 974 1132 1015 cuiusque
1157 975 1219 1004 sint
1243 973 1407 1014 dignitatis
1431 984 1568 1015 magnae
1588 975 1637 1005 vel
1661 985 1780 1016 parvae
1805 984 1963 1015 personae

309 1028 487 1070 quamlibet
517 1028 612 1059 liceat
640 1027 759 1058 habere
791 1026 942 1057 ditionem
976 1026 1007 1056 in
1037 1026 1100 1056 iam
1130 1025 1222 1056 dictis
1249 1025 1327 1056 locis
1359 1035 1415 1056 seu
1445 1025 1594 1057 familiisd
1621 1037 1679 1057 seu
1706 1025 1838 1057 diversis
1867 1026 1963 1057 rebus

305 1080 498 1121 ubicumque
524 1080 667 1110 detinere
691 1079 827 1115 videtur,
859 1088 916 1108 nec
941 1078 1106 1118 quippiam
1130 1077 1261 1107 horume
1287 1088 1327 1107 ex
1352 1077 1465 1108 eadem
1492 1077 1629 1108 ecclesia
1652 1078 1777 1108 auferre
1803 1082 1858 1108 aut
1883 1078 1958 1108 diri-

305 1131 400 1172 peref
427 1136 621 1172 praesumat,
651 1131 757 1171 potius
789 1134 896 1160 autem
930 1130 999 1160 iure
1034 1133 1204 1170 perpetuo,
1236 1132 1270 1160 ut
1303 1130 1448 1170 superius
1476 1129 1694 1170 praefiximus
1724 1130 1892 1171 proficiant
1921 1130 1962 1161 ad

309 1186 518 1223 augmentum
543 1186 574 1213 et
598 1183 629 1212 in
653 1185 815 1223 potestate
839 1185 936 1222 atque
962 1181 1082 1211 ditione
1109 1182 1288 1211 fraternaeg
1310 1181 1470 1211 sanctitati
1493 1183 1567 1211 tuae
1591 1181 1641 1212 vel
1666 1181 1812 1212 omnibus
1835 1192 1961 1213 succes—

308 1235 432 1265 soribus
457 1235 518 1265 tuis
541 1234 791 1274 archiepiscopis
816 1232 1042 1273 perhennitcr¹¹
1067 1236 1279 1273 permaneant
1302 1232 1501 1273 disponenda
1525 1243 1562 1263 ac
1586 1233 1788 1273 possidenda.
1836 1233 1868 1264 Si
1893 1234 1962 1274 quis

306 1289 429 1326 autem,
454 1286 539 1327 quod
563 1296 625 1316 non
652 1285 814 1324 obtamus,
839 1285 1008 1315 temerario
1034 1295 1112 1314 ausu
1137 1287 1247 1315 contra
1273 1284 1365 1314 huius
1389 1287 1517 1315 nostrae
1542 1284 1739 1325 apostolicae
1764 1285 1962 1316 auctoritatis

309 1338 425 1369 seriem
450 1338 501 1379 pie
527 1348 545 1368 a
569 1337 660 1368 nobis
683 1337 920 1378 promulgatam
945 1346 1042 1377 agere
1071 1336 1286 1376 temptaverit,
1315 1337 1395 1366 sciat
1422 1346 1456 1367 se
1486 1336 1699 1367 anathematis
1722 1337 1846 1367 vinculo
1870 1337 1962 1368 inno-

307 1390 417 1421 datum
449 1394 480 1421 et
508 1400 527 1420 a
557 1400 656 1430 regno
680 1389 743 1420 Dei
773 1388 922 1419 alienum.
971 1388 1032 1423 Qui
1056 1398 1132 1418 vero
1163 1388 1215 1428 pio
1248 1388 1363 1418 intuitu
1392 1390 1498 1418 custos
1527 1390 1559 1418 et
1587 1387 1774 1419 observator
1807 1389 1960 1429 extiterit,

310 1441 545 1473 benedictionis
569 1441 704 1481 gratiam
730 1444 762 1471 et
786 1439 934 1470 caelestis
961 1440 1051 1480 regni
1080 1439 1198 1480 gaudia
1226 1450 1245 1470 a
1271 1439 1567 1470 misericordissimo
1591 1439 1731 1470 Domino
1754 1439 1826 1471 Deo
1853 1443 1962 1471 nostro

307 1494 460 1534 consequi
484 1498 654 1523 mereatur.

416 1544 574 1584 Scriptum
593 1553 649 1584 per
666 1553 795 1573 manum
813 1542 959 1583 Georgi?
983 1541 1156 1572 scriniariik
1174 1545 1303 1573 sanctae
1319 1542 1485 1573 Romanae
1510 1543 1666 1574 ecclesiae
1690 1544 1720 1573 in
1744 1554 1855 1575 mense
1871 1536 1957 1575 Maio

306 1596 479 1626 indictione
496 1595 605 1625 VIIII.

1117 1759 1145 1788 5.

416 1828 595 1866 Stephanus
609 1827 642 1858 V.
656 1836 744 1865 papa
758 1825 991 1856 Herimanmtm
1008 1824 1218 1856 Coloniensem
1233 1824 1497 1863 archiepiscopum
1513 1826 1668 1856 certiorem
1681 1824 1763 1863 facit
1778 1825 1861 1857 litem
1876 1827 1959 1858 inter

312 1879 521 1911 Colmzimscm
545 1882 573 1909 et
596 1878 795 1910 Bremenscm
819 1877 960 1908 ecclesias
983 1879 1083 1907 ortam
1102 1887 1161 1916 per
1182 1876 1335 1915 synodum
1358 1886 1378 1906 a
1401 1876 1535 1907 Foleone
1558 1876 1705 1907 Romami
1729 1877 1959 1917 archiepiscopo

306 1931 393 1972 apud
408 1930 618 1962 Wormaciam
634 1929 860 1960 convocandam
877 1929 1094 1959 &flammatum
1110 1930 1138 1957 et
1153 1927 1264 1958 deinde
1280 1927 1398 1958 Romae
1421 1928 1631 1959 diiudicatum
1647 1929 1700 1959 iri.
1771 1930 1872 1969 (891.)

413 1999 490 2026 σαψ·
512 2000 536 2025 Τ
545 2002 566 2032 s.
580 2002 612 2025 33
625 2000 689 2031 (es).

411 2051 497 2077 Edd..·
525 2051 604 2076 Floss
624 2050 640 2076 Z.
654 2051 670 2076 l.
690 2058 716 2082 p.
731 2053 776 2075 117
799 2057 825 2074 n.
845 2052 878 2074 24
898 2060 926 2070 =
950 2047 1126 2080 Lappenbery
1149 2047 1310 2081 ‘Hambury¹
1330 2046 1398 2073 UB.³
1416 2047 1437 2078 1,
1454 2051 1500 2073 778
1525 2055 1554 2073 n.
1574 2047 1629 2073 231)
1649 2060 1678 2069 =
1702 2047 1794 2081 Miyne
1817 2048 1895 2075 Patr.
1914 2049 1960 2074 lat.

310 2094 452 2126 CXXIX,
465 2098 513 2120 817
530 2102 555 2119 η,
571 2097 611 2119 32.
631 2108 663 2111 -
684 2093 761 2126 Re9.:
781 2092 853 2123 Jaffe‘
871 2095 936 2117 3470
954 2092 1053 2123 (καθ-6).

409 2186 629 2210 STEPHANUSa
647 2184 828 2208 EPISCOPUS
847 2184 974 2207 SERVUS
993 2183 1176 2207 SERVORUM
1196 2183 1253 2206 DEI
1273 2182 1568 2206 REVERENTISSIMO
1582 2183 1625 2206 ET
1640 2183 1863 2208 SANCTISSIMO

487 2228 681 2253 CONFRATRI
701 2227 832 2251 NOSTRO
850 2227 1056 2250 HEithAxx‘No
1075 2226 1284 2249 AGRIPl’lNAE
1303 2225 1474 2249 COLONIAE
1492 2225 1785 2251 ARCHIEPISCOPffl.

416 2285 547 2315 Litteris
570 2284 652 2314 tuis³
669 2283 770 2314 multa
788 2282 971 2322 prolixitate
996 2280 1222 2311 fluctuantibus
1246 2280 1303 2311 sub
1326 2280 1483 2311 brevitate
1507 2280 1702 2321 respondere
1723 2280 1960 2322 praevidemus,

310 2337 385 2378 quia
402 2336 599 2367 diversarum
623 2335 855 2375 provinciarum
881 2343 951 2363 cum
977 2332 1017 2363 ad
1042 2332 1152 2363 sedem
1177 2332 1386 2373 apostolicam
1411 2332 1477 2362 sine
1501 2333 1735 2363 intermissione
1752 2333 1860 2363 variae
1885 2343 1960 2363 con-

308 2389 410 2419 fluunt
434 2387 648 2428 quaestiones,
673 2397 751 2427 quas
775 2385 841 2415 sine
866 2385 1073 2424 responsione
1097 2384 1222 2414 solvere
1247 2394 1308 2414 non
1333 2386 1470 2424 oportet,
1494 2383 1553 2413 nisi
1577 2383 1736 2414 succincta
1760 2384 1962 2425 responderit

1988 673 2012 692 10

1988 935 2013 955 15

1989 1193 2015 1213 20

1990 1451 2014 1470 25

1986 1889 2011 1908 ³0

411 2516 435 2546 θ’)
455 2525 499 2548 spe
519 2516 544 2540 T.
641 2515 665 2546 b)
685 2515 752 2539 soliti
770 2515 797 2539 T.
887 2516 909 2544 ⁰)
930 2515 1013 2538 indicii
1034 2514 1060 2538 Τ.
1159 2512 1183 2545 d)
1204 2514 1317 2538 famulus
1338 2513 1364 2538 Τ.
1471 2513 1493 2544 θ)
1513 2513 1581 2538 horis
1600 2513 1627 2537 T.
1733 2511 1753 2545 s)
1771 2514 1914 2546 audiripere
1932 2514 1958 2539 Τ.
1984 2520 2010 2539 40

306 2561 333 2593 8)
354 2561 387 2585 sr't'
407 2560 434 2584 T.
507 2558 531 2590 h)
551 2559 696 2592 perlieniter
714 2559 740 2583 Τ.
812 2557 829 2589 i)
851 2557 893 2582 Sic
913 2558 942 2587 T;
961 2559 1030 2590 forte
1050 2557 1181 2589 legsmidum
1202 2558 1317 2589 Gregorii
1336 2556 1347 2581 2²
1365 2557 1398 2589 cf.
1412 2556 1481 2589 Jaffe'
1498 2557 1573 2589 Re9.²
1589 2556 1612 2587 I,
1627 2559 1683 2581 427.
1753 2555 1778 2587 k)
1796 2557 1912 2581 scrinarii
1930 2556 1957 2582 Τ.

412 2612 435 2637 5.
463 2611 486 2643 ²)
508 2612 605 2636 Littera
624 2611 729 2635 initialis
748 2611 815 2635 deest
839 2610 864 2634 T.

413 2689 438 2720 1>
456 2688 514 2714 ΙῙΙ.
531 2690 679 2719 795-816,
706 2686 783 2712 cums
806 2685 975 2718 primleyium
1002 2684 1123 2710 ecclesiae
1151 2683 1302 2710 Coloniensi
1328 2691 1480 2709 concessum
1505 2691 1560 2708 reon
1579 2685 1674 2716 exstat,
1703 2685 1737 2717 cf.
1758 2683 1835 2715 Jaffe'
1861 2686 1924 2710 2537
1935 2684 1956 2709 *.

307 2732 333 2764 2)
351 2731 390 2765 Cf.
405 2739 487 2763 supra
504 2739 531 2763 1³.
546 2734 593 2757 358
612 2738 677 2756 ann.
690 2732 712 2759 3,
731 2732 779 2755 363
797 2737 861 2754 ann.
878 2733 896 2753 1.
1002 2730 1028 2759 25)
1047 2727 1205 2760 Demi-ditae
1222 2729 1294 2752 sunt.
