2189 3042
320 132 381 162 340
680 125 909 152 FRAGMENTA
930 125 1099 152 REGISTRI
1118 125 1300 152 STEPHANI
1313 125 1346 153 V.
1367 125 1486 152 PAPAE
1505 125 1545 153 13.
1559 126 1600 153 14.

1121 222 1169 252 13.

429 280 610 320 Stephanus
633 279 667 311 V.
689 289 781 321 papa
804 279 927 312 Karolo
950 280 1048 321 (ΙΙΙ.)
1072 280 1256 319 imperatori
1277 290 1383 312 ramos
1402 281 1586 321 palmarum
1608 280 1714 312 mittit.

424 365 487 391 Con.
501 373 574 393 can„-
592 365 616 391 A
636 365 657 397 f.
672 368 718 391 155
736 373 764 392 rt.
779 367 816 391 13.
1667 333 1747 372 (887
1767 331 1886 373 Mart)

424 407 496 434 Ed:
522 407 620 434 Ewald
637 407 668 434 in
687 407 752 434 NA.
768 407 797 439 V,
812 410 864 435 403
881 415 909 435 η.
923 410 961 434 13.
980 422 1013 427 —
1032 407 1114 442 Reya
1133 407 1210 439 Jaffe
1227 409 1302 434 3427.

986 511 1121 536 CAROLO
1140 511 1308 535 AUGUSTO.

427 567 569 598 Ramos==
590 567 773 608 palmarum
796 566 971 608 triumphib
994 569 1106 608 typum
1130 565 1271 598 ferentes
1298 565 1476 608 apostolica
1498 565 1589 597 vobis
1615 565 1841 598 benedictione
1866 566 1974 608 dirigi-

319 620 411 651 mus¹
437 621 596 660 optantes⁷
619 622 655 650 ut
678 619 732 660 qui
753 628 811 650 vos
833 618 865 649 in
890 618 982 650 terris
1006 617 1116 649 tribuit
1138 628 1291 659 praeesse
1315 617 1395 657 aliis,
1423 617 1493 658 ipse
1517 617 1608 649 vobis
1637 617 1794 650 concedat
1822 618 1854 649 in
1877 629 1972 659 prae-

319 671 402 702 senti
434 671 564 702 saeculo
598 669 798 711 triumphare
833 669 873 701 de
907 669 1104 711 spiritalibus
1136 672 1168 701 et
1200 669 1240 701 de
1275 668 1454 701 carnalibus
1485 669 1641 709 hostibus,
1673 669 1823 711 quatinus
1855 669 1975 712 duplici

321 721 482 763 triumpho
498 722 652 753 victoriae
676 721 722 752 illi
746 721 984 763 repraesentari
1007 721 1197 752 mereamini
1220 724 1293 762 post
1315 721 1488 763 fluctuvagi
1506 721 1599 752 huius
1615 720 1804 753 decursum'³
1820 722 1974 763 temporis

320 775 351 806 in
376 774 507 806 caelesti
532 773 645 815 gloria.

1128 938 1174 968 14.

430 996 613 1038 Stephanus
635 996 670 1028 V.
692 1005 785 1038 popa
807 995 929 1027 Karolo
952 995 1054 1036 (ΙΙΙ.)
1078 995 1265 1036 imperatori
1286 995 1404 1034 scribit,
1427 995 1541 1035 quibus
1569 996 1606 1027 de
1634 996 1741 1028 causis
1761 995 1883 1029 litterae
1906 997 1974 1029 eius

324 1059 435 1080 nomen
450 1047 659 1088 proferentes,
676 1048 790 1088 quibus
813 1047 907 1087 leyati
921 1047 1112 1088 apostolicae
1126 1047 1208 1078 sedis
1223 1047 1267 1078 ad
1287 1047 1443 1088 placitum
1459 1047 1508 1078 die
1522 1048 1574 1079 30.
1590 1047 1714 1087 Aprilis
1731 1047 1906 1080 habendum
1921 1058 1976 1080 ex-

319 1102 510 1140 peterentur,
534 1099 648 1131 dubiae
669 1099 731 1131 sibi
752 1099 876 1138 fuerint
897 1098 988 1140 fide&
1010 1099 1141 1130 maioris
1163 1098 1318 1131 decentiae
1337 1099 1520 1139 petitionem
1541 1099 1770 1183 02P03⁶55·(837
1791 1143 1823 1174 A
1870 1144 1889 1184 )

1823 1152 1874 1183 pr.

427 1202 490 1229 Con.
501 1210 580 1229 ean„-
598 1203 625 1228 A
639 1203 660 1236 f.
671 1205 730 1235 202,
748 1201 834 1228 Varia
848 1201 889 1233 ΙΙ,
897 1205 950 1227 117.
967 1215 997 1219 ——
1019 1200 1047 1227 B
1059 1200 1079 1226 Ι
1082 1199 1112 1233 V,
1121 1203 1171 1227 183
1182 1201 1253 1236 (105)
1267 1200 1319 1234 (ed.
1331 1200 1373 1227 W.
1384 1209 1406 1229 υ.
1418 1200 1540 1228 Glamvell
1554 1210 1582 1236 p.
1593 1204 1652 1235 488,
1671 1201 1842 1229 Martinuoci
1853 1203 1972 1237 12.419)*

425 1246 503 1280 Rea.-
522 1245 595 1278 Jaffe
612 1248 687 1272 3428.
724 1245 764 1278 Cf.
779 1244 878 1271 Eswald
894 1244 958 1270 NA.
974 1243 1003 1277 V,
1017 1247 1064 1270 412
1083 1246 1108 1270 et
1125 1247 1181 1271 591.

1167 1296 1187 1320 θ

412 1341 634 1366 STEPHANUSss
654 1341 836 1365 EPISCOPUS
855 1341 983 1365 SERVUS
1002 1340 1185 1364 SERVORUM
1203 1341 1263 1364 DEI
1281 1340 1421 1365 KAROLO
1439 1339 1624 1365 GLORIOSOb
1643 1339 1899 1366 11v1PERA'r0Ri**.

426 1404 536 1431 INTER
551 1403 706 1431 CETERA:
727 1399 778 1431 De
795 1403 922 1431 ceter0²¹
934 1402 1040 1431 vestra
1060 1400 1204 1430 noverit⁰
1220 1399 1376 1430 celsitudo
1397 1399 1522 1430 litteras
1537 1401 1644 1431 vestro
1666 1401 1794 1432 nomine
1810 1401 1977 1442 insignitas

323 1451 365 1483 ad
388 1463 445 1483 nos
461 1451 523 1484 III.
539 1451 697 1483 kalendas
712 1451 855 1493 Aprilis2
877 1451 1072 1493 pervenisse,
1095 1451 1127 1482 in
1152 1451 1266 1493 quibus
1289 1451 1513 1482 continebatur
1528 1462 1585 1483 vos
1600 1451 1711 1483 XIIII.
1736 1454 1809 1493 post
1832 1455 1977 1484 sanctum

323 1503 464 1545 paschae
495 1502 602 1534 diem³
625 1502 779 1543 placitum
810 1506 921 1534 tenere
947 1504 979 1533 in
1002 1502 1247 1543 AlamanniaM,
1277 1502 1319 1534 ad
1348 1502 1434 1544 quod
1464 1506 1595 1535 sanctae
1623 1503 1791 1535 Romanae
1825 1504 1876 1535 cui
1905 1503 1977 1536 Deo

323 1558 454 1586 auctore
482 1553 702 1595 praesidemus
731 1554 906 1585 eoolesiaee
936 1565 992 1585 vos
1021 1554 1105 1585 velle
1133 1554 1241 1585 venire
1271 1554 1503 1595 significabant.
1549 1554 1641 1591 Quae
1670 1556 1702 1586 in
1732 1555 1977 1596 ambiguitatem

323 1606 410 1648 apud
432 1616 490 1637 nos
514 1605 555 1636 ob
579 1605 640 1636 hoc
665 1605 871 1647 devenerunt,
895 1606 998 1647 primo
1023 1605 1152 1647 quidem
1177 1605 1251 1646 quia
1274 1615 1386 1636 earum
1410 1605 1549 1637 delatorf
1570 1605 1704 1638 idoneus
1726 1611 1851 1638 vestrae
1874 1607 1976 1638 hono-

324 1658 500 1689 rificentiae
524 1667 588 1688 non
611 1656 802 1698 habebatur,
825 1667 963 1698 persona
978 1657 1130 1688 videlicet
1145 1657 1312 1695 vilissima3
1337 1656 1477 1688 secundo
1497 1657 1573 1698 quia
1587 1668 1693 1699 neque
1716 1657 1758 1689 ad
1778 1658 1873 1700 quidg
1888 1658 1976 1690 missi

326 1709 420 1751 dirigi
435 1709 550 1740 muniti
567 1708 771 1749 deberentur,
795 1718 855 1740 nec
871 1709 902 1739 in
920 1708 1058 1750 epistola
1075 1708 1298 1740 continebatur
1313 1718 1372 1739 nec
1394 1708 1464 1751 ipse
1480 1708 1674 1740 verbotenus
1691 1709 1797 1741 dicere
1815 1710 1974 1751 sapiebat3

324 1761 420 1793 tertio
444 1761 521 1802 quia
544 1763 610 1791 tam
634 1760 731 1792 celeri
754 1763 899 1802 tempore
923 1771 982 1792 nec
1005 1760 1093 1791 missi
1117 1759 1305 1791 occurrereh
1328 1762 1477 1801 poterant
1499 1770 1558 1792 nec
1581 1760 1688 1802 parari
1711 1760 1752 1792 ad
1772 1761 1975 1803 proficiscen—

435 1906 460 1938 *)
480 1905 545 1931 Alia
571 1905 671 1931 brevior
695 1905 776 1931 huius
797 1904 924 1938 epistolae
946 1905 1036 1937 forma
1059 1907 1176 1938 superest
1201 1906 1230 1930 in
1252 1905 1316 1932 Con.
1333 1905 1434 1931 Baluze
1453 1907 1471 1931 t.
1484 1908 1518 1932 63
1536 1905 1630 1939 (Paris
1649 1905 1718 1932 Bibl.
1730 1907 1849 1939 παίωνι.)
1866 1907 1916 1933 sab
1932 1907 1976 1933 ire.-

477 1948 636 1981 scriptione:
654 1948 788 1981 ‘stephan
806 1948 851 1974 VI.
871 1948 953 1974 codex
971 1952 1017 1974 696
1034 1948 1055 1980 f.
1071 1947 1135 1981 95¹³,
1154 1948 1227 1974 unde
1245 1956 1300 1974 eam
1318 1948 1400 1974 edidit
1417 1948 1583 1980 Loewenfeld
1599 1949 1629 1974 in
1648 1949 1710 1975 NA.
1729 1949 1791 1981 VII,
1802 1953 1853 1976 159.

565 1990 723 2025 Stephanus
736 1991 875 2017 Romanus
888 1991 1036 2024 episcopus
1048 1991 1149 2017 Karolo
1162 1990 1362 2025 gloriosissimo
1375 1991 1539 2025 imperatori
1551 1991 1625 2018 inter
1638 1991 1702 2019 alia.
1712 2007 1738 2011 —
1748 1992 1977 2026 Significantibus

478 2033 582 2061 litteris
600 2033 679 2060 nobis
698 2042 715 2060 a
734 2033 813 2060 vobis
831 2033 1001 2060 transmissis
1020 2034 1199 2067 cognovimus
1218 2042 1266 2059 vos
1284 2034 1313 2059 in
1331 2034 1501 2061 Alamannia
1519 2035 1655 2068 placitum
1674 2037 1768 2062 tenere
1787 2036 1816 2062 et
1834 2035 1977 2062 Romanae

477 2077 613 2103 ecclesiae
626 2077 736 2111 legatos
749 2078 845 2110 petere
858 2076 899 2104 ibi
914 2077 1016 2103 venire.
1043 2076 1119 2107 Quae
1133 2076 1266 2103 videlieet
1278 2077 1392 2104 litterae
1405 2077 1513 2104 duabus
1526 2078 1559 2104 de
1572 2077 1663 2104 causis
1676 2078 1752 2111 apud
1764 2087 1814 2104 nos
1827 2078 1976 2113 ambiguae

481 2119 617 2146 videntur.
650 2119 741 2146 Primo
761 2119 881 2153 quidem,
901 2120 968 2154 quia
986 2119 1096 2146 delator
1114 2128 1208 2146 earum
1227 2128 1344 2153 persona
1364 2120 1474 2147 videtur
1494 2120 1636 2153 vilissima,
1656 2121 1730 2154 quod
1747 2121 1976 2148 honorificentiae

481 2164 590 2189 vestrae
603 2162 647 2189 vel
659 2164 770 2189 nostrae
789 2162 931 2188 minimum
946 2162 1034 2189 decet.
1060 2162 1187 2188 Secundo
1200 2162 1268 2196 quia
1280 2171 1329 2196 per
1342 2172 1424 2196 quem
1436 2163 1512 2189 missi
1525 2164 1612 2190 nostri
1629 2163 1731 2191 muniti
1744 2164 1877 2191 deberent
1889 2164 1977 2196 mitti,

479 2213 568 2238 neque
594 2205 622 2231 iu
647 2205 768 2239 epistola
795 2205 991 2232 continebatur
1015 2214 1104 2238 neque
1130 2205 1189 2239 ipse
1208 2205 1375 2232 verbotenus
1396 2206 1488 2233 dicere
1512 2207 1650 2241 sapiebat.
1686 2207 1806 2241 Ideoque
1829 2207 1917 2239 nobis,
1941 2216 1976 2234 an

479 2249 588 2274 vestrae
607 2249 700 2274 essent
718 2247 839 2279 litterae,
859 2247 1031 2281 ambiguitas
1057 2247 1171 2282 grandis
1196 2247 1322 2274 inolevit.
1358 2249 1491 2276 Attamen
1516 2252 1571 2282 etc„
1602 2249 1705 2283 reliqua
1730 2258 1814 2284 usque
1839 2250 1870 2276 in
1896 2250 1976 2282 finem

479 2290 550 2316 sieut
567 2298 661 2323 supra,
681 2291 716 2321 cf.
728 2299 754 2323 p.
768 2294 818 2316 341
836 2291 852 2317 l.
867 2294 943 2323 quq.

417 2341 461 2374 M)
480 2342 590 2368 Lemma
608 2342 638 2367 in
655 2342 695 2367 B:
720 2342 759 2367 Ex
777 2342 897 2376 registro
912 2342 956 2368 Vl.
975 2342 1112 2376 Stephani
1132 2351 1230 2377 papae.
1250 2358 1284 2363 —
1303 2343 1410 2370 Lemma
1435 2347 1459 2371 et
1482 2345 1670 2379 superscriptio
1687 2345 1718 2371 in
1732 2346 1770 2372 A:
1796 2345 1836 2372 Ex
1857 2345 1976 2381 registro

480 2384 617 2419 Stephani
636 2393 736 2419 papae.
773 2385 874 2411 Karolo
894 2385 1066 2419 imperatori.

430 2462 468 2487 13.
495 2463 518 2494 ὃ)
537 2463 637 2488 Littera
655 2463 761 2488 initialis
779 2464 848 2489 deest
859 2464 892 2488 A.
994 2462 1019 2495 b)
1039 2464 1161 2496 triumphi
1181 2465 1214 2490 A.
1303 2464 1326 2497 c)
1345 2465 1456 2491 decursu
1476 2466 1509 2492 A.

430 2513 468 2538 24.
497 2514 521 2545 ³)
540 2514 816 2547 Stephanus—cetero
834 2522 882 2539 om.
896 2514 929 2539 A.
1028 2514 1052 2546 b)
1074 2516 1178 2547 gloriosi
1196 2516 1229 2542 Β.
1329 2515 1352 2548 c)
1376 2521 1489 2542 uestram
1513 2516 1591 2549 (corr.
1604 2525 1635 2543 ea:
1652 2517 1751 2551 uestro)
1769 2519 1918 2544 convenerit
1936 2518 1976 2549 B,-

2009 519 2024 539 B

2002 785 2028 805 1⁰

2002 1210 2029 1229 1⁸

2004 1514 2033 1534 20

2003 1771 2030 1791 25

2004 2087 2031 2107 30

2004 2301 2030 2320 ³⁵

326 2558 426 2582 noverit
444 2558 480 2582 Isis
499 2566 546 2582 scr.
558 2557 591 2583 A.
662 2556 686 2589 d)
701 2558 851 2590 Alemagnia
865 2557 897 2583 A.
972 2556 995 2590 e)
1014 2557 1193 2590 »supplendum
1211 2559 1318 2591 legatos,
1343 2558 1379 2590 cf.
1393 2558 1408 2584 l.
1423 2562 1465 2585 30.
1534 2559 1553 2591 ἵ)
1572 2561 1665 2586 relator
1678 2560 1711 2587 A.
1785 2560 1810 2592 Β)
1828 2561 1926 2594 aliquid
1939 2561 1972 2588 B.
2000 2566 2031 2586 40

324 2599 349 2632 ¹³)
369 2608 473 2625 occurre
491 2600 524 2625 Β.

429 2694 454 2725 1)
475 2693 515 2725 Cf.
529 2701 615 2726 supra
630 2701 660 2726 p.
673 2695 720 2720 336
737 2701 765 2720 rt.
778 2697 800 2719 5.
865 2693 891 2724 2)
914 2693 967 2719 Die
984 2696 1024 2720 30.
1037 2693 1143 2720 Martii.
1209 2695 1235 2727 3)
1254 2694 1307 2720 Die
1324 2697 1366 2722 30.
1379 2695 1491 2729 Aprilis.
1553 2698 1580 2729 4)
1600 2696 1664 2723 Seii.
1677 2697 1707 2722 in
1724 2696 1781 2723 loco
1796 2696 1973 2731 Waibilirtya,

324 2735 371 2762 ubi
390 2736 512 2762 Karalus
531 2736 587 2763 ΠΙ,
602 2736 735 2770 placitum
753 2738 890 2762 transaew
907 2735 948 2761 die
966 2739 1003 2763 16.
1016 2737 1121 2769 Aprilis
1139 2737 1242 2769 habuit,
1261 2739 1296 2771 cs.
1311 2737 1380 2764 ΒΜ.
1395 2737 1471 2772 Re9.²
1484 2742 1549 2766 1748
1567 2740 1652 2773 (1701)
1671 2749 1697 2767 α.
