2189 3042
83 245 110 266 cs.
121 245 179 266 rhu.
190 248 208 270 3,
220 247 250 265 13.

138 557 178 576 ior.
189 559 208 579 4,
220 558 250 576 10.

114 607 166 627 Luc.
177 609 208 630 23,
220 609 250 627 29.

76 646 103 665 cr.
116 645 250 666 2.'1·im.3,1.

150 671 190 691 lor.
203 673 250 694 9,1.

115 865 179 892 Soph.
193 869 211 890 1,
222 868 253 885 15.

148 1068 191 1089 1001
206 1072 224 1093 1,
234 1072 253 1089 4,

69 1121 256 1145 cf.(in1.4,22—31.

118 1485 145 1505 cf.
158 1485 194 1505 Ps.
205 1488 225 1508 7,
236 1488 254 1505 3.

158 2002 186 2022 Is.
198 2005 229 2025 10.
240 2004 257 2024 3.

122 2244 185 2264 Prov.
197 2246 215 2265 3.
226 2246 257 2264 28.

124 2269 184 2290 Eccl.
196 2273 215 2294 9,
227 2273 256 2290 lo,

266 102 306 131 20
756 93 933 121 IOHANNIS
952 93 1026 119 VIII.
1046 92 1163 118 PAPAE
1186 91 1361 118 EPISTOLA
1384 92 1426 118 22.

266 186 355 217 nobis
385 187 491 216 autem
527 182 649 213 nonnisi
685 180 927 212 tribulationem
956 179 1224 210 inenarrabilem³²
1251 178 1462 220 reliquerunt.
1511 178 1553 209 Et
1588 188 1677 219 eece,
1714 189 1772 220 pro
1808 178 1912 210 dolor!

266 237 399 267 inimicis
424 236 523 266 crucis
540 234 658 265 Christi
680 231 916 274 gratulantibus
940 231 1025 261 solus
1049 231 1190 262 fidelium
1216 234 1304 271 cetus
1327 241 1445 272 magna
1466 230 1693 261 mestitudineb
1710 231 1914 270 consumitur,

266 288 517 319 Christianorum
541 286 669 326 sanguis
694 283 877 322 effunditur,
902 283 1037 314 devotus
1060 282 1132 313 Deo
1156 282 1294 323 populus
1319 283 1469 312 continua
1492 285 1598 323 strage
1622 277 1775 313 vastatur.
1819 281 1913 322 Nam,

265 340 319 380 qui
343 338 451 369 evadit
474 339 579 378 ignem
606 336 655 366 vel
680 334 836 376 gladium,
867 334 966 375 preda
990 334 1136 372 efficitur,
1161 334 1304 374 captivus
1328 334 1464 364 trahitur
1488 336 1521 364 et
1545 334 1618 364 exul
1642 337 1817 374 perpetuus
1840 343 1914 364 con-

265 390 411 420 stituitur.
458 388 506 419 En
530 388 691 426 civitates,
721 389 824 416 castra
854 389 885 416 et
909 385 982 425 ville
1007 385 1160 416 destitute
1184 384 1420 430 habitatoribus
1442 385 1606 425 perierunt
1630 388 1662 416 et
1686 385 1829 425 episcopi
1855 384 1915 415 hac

266 442 400 481 illacque
431 440 582 480 dispersi,
618 438 686 468 sola
714 437 776 467 illis
804 436 1024 478 apostolorum
1051 437 1231 477 principum
1265 437 1374 467 limina
1402 435 1554 467 derelicta
1584 439 1656 466 sunt
1686 436 1718 466 in
1746 435 1915 476 refugium,

265 504 335 523 eum
361 492 522 532 episcopia
547 500 658 521 eorum
682 490 712 519 in
738 488 878 518 ferarum
902 488 964 518 sint
987 487 1119 518 redacta
1144 487 1260 518 cubilia
1285 492 1327 527 et,
1352 488 1411 528 ipsi
1429 488 1501 528 vagi
1526 490 1559 518 et
1580 488 1646 518 sine
1672 488 1763 518 tectis
1786 487 1916 526 inventi,

264 556 327 575 non
350 545 413 574 iam
438 543 483 573 eis
506 542 603 572 liceat
626 540 804 582 predicare,
829 539 886 570 sed
903 539 1097 570 mendicare.
1144 538 1260 579 ‘Ecce³,
1285 539 1464 579 karissime,
1487 539 1645 580 ‘pervenit
1668 538 1794 580 gladius
1816 549 1916 579 usque

267 597 307 628 ad
325 594 489 630 animans:
514 604 587 624 ecce
606 593 684 633 dies,
710 593 821 633 inqua
845 592 1034 622 clamamus:
1060 591 1178 622 ‘Beate
1203 591 1338 631 steriles,
1363 602 1423 632 que
1448 602 1511 622 non
1534 590 1739 632 genuerunt³3
1765 600 1839 621 eece
1863 590 1918 620 illa

266 646 445 688 periculosa
468 650 614 686 tempora
630 644 724 675 Pauli
750 654 829 674 voce
846 643 1001 684 predicta.
1037 643 1133 674 Libet
1157 654 1233 684 ergo
1258 654 1329 674 eum
1346 643 1513 674 Hieremia
1537 643 1689 673 clamare:
1714 641 1804 677 ‘Quis
1829 641 1919 672 dabit

265 699 361 739 capiti
392 708 464 728 meo
495 707 612 737 aquam
641 698 696 727 aut
725 696 825 726 oculis
853 695 933 725 meis
961 695 1081 725 fontem
1111 695 1336 734 lacrimarum’,
1365 698 1400 725 ut
1427 695 1578 736 plangam
1603 696 1724 724 tantam
1754 703 1792 724 ac
1819 693 1918 724 talem

264 750 440 789 miseriam,
472 749 535 779 tale
560 758 597 778 ac
621 750 744 778 tantum
770 746 931 777 excidium
956 747 1084 788 patrie?
1129 746 1249 778 Sedet¹
1273 745 1343 789 [in]c
1368 747 1510 785 tristitia,
1535 746 1609 787 quin
1633 746 1739 787 potius
1762 746 1793 776 in
1817 745 1918 784 ruina,

265 802 393 832 domina
416 801 569 841 gentium,
595 799 707 840 regina
731 798 870 837 urbium,
894 801 999 829 mater
1021 798 1239 839 ecclesiarum,
1264 798 1440 829 consolatio
1458 796 1683 837 tristantiumd,
1707 800 1817 837 portus
1833 797 1918 837 peri-

269 853 454 883 clitantium.
507 851 609 891 Ecce,
639 851 784 891 inquam,
822 859 935 880 revera
964 849 1045 881 ‘dies
1074 849 1288 880 tribulationis
1317 853 1350 880 et
1377 850 1534 891 angustie,
1564 848 1633 880 dies
1663 849 1855 879 calamitatis
1887 851 1919 878 et

264 904 413 936 miseriei
457 903 617 943 Pretcrito
644 902 765 943 quippe
789 912 871 932 anno
897 902 1123 932 seminavimus
1147 901 1305 942 quideme,
1329 901 1384 932 sed
1409 911 1472 931 non
1495 901 1733 942 recollegimus3
1758 899 1819 930 hoc
1842 909 1919 930 vero

266 967 361 994 anno,
392 956 466 996 quia
494 965 555 985 non
580 954 824 993 seminavimus,
852 964 911 984 nec
940 956 988 984 est
1018 953 1229 994 recolligendi
1256 952 1397 983 fiducias.
1444 952 1529 989 Quid
1553 952 1593 983 de
1617 952 1751 993 paganis
1776 951 1920 990 dicimus,

266 1018 336 1039 cum
361 1007 531 1038 Christiani
560 1006 603 1036 nil
628 1006 745 1036 melius
769 1008 951 1046 operentur,
982 1005 1112 1046 quidam
1141 1005 1292 1036 videlicet
1321 1016 1361 1035 ex
1391 1005 1566 1036 confinibus
1595 1007 1628 1035 et
1654 1004 1766 1035 vicinis
1794 1003 1920 1042 nostris,

268 1070 347 1100 quos
375 1059 552 1089 marciones
583 1057 679 1088 solito
711 1057 932 1098 nuncupatis2.
984 1057 1083 1097 Nam,
1115 1060 1151 1088 ut
1185 1056 1372 1098 prophetice
1403 1056 1560 1095 dicamus,
1591 1055 1767 1087 ‘residuum
1795 1055 1919 1086 locuste

269 1110 409 1141 comedit
425 1108 573 1140 bruchus'
591 1113 634 1147 et,
652 1108 759 1150 quodg
773 1108 836 1151 [a]¹¹
854 1108 1021 1140 Saracenis
1038 1108 1220 1146 incredulis,
1239 1109 1291 1149 qui
1309 1111 1381 1139 sunt
1396 1108 1453 1139 filii
1470 1107 1595 1148 ancille,
1612 1108 1694 1138 forte
1710 1106 1921 1148 relinquituri,

268 1163 308 1193 ab
332 1162 405 1201 illis,
430 1162 483 1202 qui
507 1160 676 1202 perfidem
700 1160 801 1191 libere
826 1160 1003 1191 deberentk
1021 1161 1161 1191 existere
1186 1160 1252 1199 filii,
1277 1170 1378 1201 usque
1396 1159 1437 1190 ad
1453 1163 1571 1190 terram
1589 1158 1793 1200 depaseitur1.
1834 1157 1919 1193 Quid

268 1214 350 1244 enim
376 1214 421 1243 illi
445 1213 574 1245 faciunt.
599 1215 631 1243 et
654 1213 705 1242 isti
722 1213 833 1253 peiora
850 1223 913 1243 non
929 1212 1068 1242 faciunt?
1113 1212 1165 1242 Illi
1188 1215 1307 1243 terram
1326 1214 1493 1252 occupant,
1517 1211 1568 1241 isti
1586 1211 1805 1251 compariter-¹¹³
1822 1209 1918 1240 nichil

268 1277 307 1296 ex
337 1265 516 1295 civitatibus
545 1264 596 1294 vel
626 1274 666 1295 ex
694 1274 766 1294 rure
795 1264 971 1300 dimittunt;
1007 1264 1053 1294 illi
1082 1263 1231 1294 occidunt
1260 1263 1383 1304 gladio,
1419 1263 1470 1293 isti
1500 1262 1617 1293 ablatis
1652 1261 1798 1293 omnibus
1832 1261 1917 1292 fame

268 1316 440 1349 trucidant:
469 1316 514 1346 illi
538 1316 569 1346 in
593 1316 813 1356 captivitatem
838 1316 972 1354 ducunt,
996 1316 1049 1345 isti
1073 1315 1133 1345 sibi
1155 1316 1186 1345 in
1210 1316 1397 1345 servitutem
1420 1314 1586 1355 redigunt;
1615 1317 1647 1345 et
1670 1324 1741 1344 cum
1767 1313 1918 1354 queritur,

270 1369 338 1409 quis
362 1368 513 1398 adversus
538 1368 646 1398 hostes
671 1367 811 1404 dimicet,
837 1367 1041 1397 inveniuntur
1064 1367 1155 1405 nulli,
1185 1377 1256 1397 eum
1281 1366 1403 1397 scilicet
1427 1376 1537 1397 eorum
1561 1366 1767 1406 oppressione
1791 1364 1917 1403 retenti,

270 1421 311 1450 ad
345 1419 529 1450 mandatum
567 1422 709 1449 nostrum
748 1429 915 1449 occurrere
954 1417 1077 1461 [nulli]¹¹
1112 1429 1241 1459 prorsus
1275 1419 1487 1448 inveniantur.
1548 1416 1632 1448 Sed⁰
1667 1427 1738 1447 cum
1776 1415 1917 1456 undique

270 1472 429 1512 angustati
446 1471 629 1509 clamanms,
653 1481 715 1501 non
740 1474 788 1501 est
809 1471 863 1511 qui
886 1470 1005 1509 audiat,
1028 1481 1092 1501 non
1117 1473 1165 1500 est
1188 1470 1242 1511 qui
1262 1469 1402 1509 adiuvet,
1427 1480 1489 1500 non
1514 1471 1563 1499 est
1587 1469 1640 1509 qui
1663 1468 1787 1498 salvum
1811 1467 1917 1507 faciat,

269 1524 327 1553 nisi
356 1527 403 1562 tu,
442 1523 485 1553 fili
513 1523 681 1553 karissime
712 1525 744 1552 et
772 1523 950 1562 imperator
976 1522 1242 1561 olemenfissime,
1272 1521 1326 1562 qui
1353 1524 1427 1562 post
1448 1521 1554 1551 Deum
1584 1520 1677 1550 datus
1705 1530 1739 1550 es
1766 1519 1858 1550 nobis
1887 1519 1918 1548 in

269 1575 425 1616 refugium
452 1578 483 1605 et
506 1575 657 1605 solacium
682 1578 714 1605 et
738 1574 904 1604 auxilium.
942 1573 1100 1609 Quocirca
1124 1574 1198 1604 totis
1222 1573 1398 1614 precordiis
1422 1574 1561 1613 totisque
1579 1572 1730 1602 commoti
1746 1570 1920 1602 visceribus

270 1637 339 1657 cum
366 1627 522 1667 episcopis
552 1630 584 1657 et
613 1626 809 1667 presbyteris
839 1636 876 1656 ac
907 1625 1092 1666 proceribus
1120 1626 1260 1666 totisque
1289 1625 1392 1666 plebis
1419 1625 1510 1655 nobis
1538 1624 1614 1655 olim
1645 1623 1813 1663 commisse
1843 1622 1918 1652 reli-

270 1679 369 1718 quiisP
394 1677 618 1717 deprecamur:
648 1677 745 1708 volisq
771 1677 902 1707 tandem
926 1677 1052 1717 aperire
1081 1687 1190 1715 aures,
1222 1676 1332 1707 audire
1357 1676 1512 1716 gemitum
1537 1679 1569 1706 et
1596 1674 1752 1716 singultus
1777 1674 1917 1704 omnium

270 1733 421 1768 nostrum,
446 1729 608 1769 porrigere
633 1739 762 1759 manum
788 1732 820 1758 et
844 1731 1005 1768 prestarer
1028 1729 1131 1769 patrie
1156 1728 1360 1768 periclitanti,
1385 1727 1506 1758 civitati
1530 1727 1614 1757 inter
1637 1726 1753 1757 multas
1777 1725 1920 1756 miserias

271 1784 302 1811 et
327 1791 473 1810 erumnas
497 1781 612 1811 iacenti
637 1784 668 1811 ot
692 1780 764 1810 huic
788 1780 923 1820 ecclesie
948 1780 1043 1810 matri
1066 1783 1182 1820 vestre,
1207 1789 1226 1809 a
1250 1790 1312 1820 qua
1337 1790 1398 1809 11011
1423 1779 1525 1809 solum
1549 1778 1715 1819 regnandi,
1740 1777 1812 1808 sed⁵
1834 1780 1867 1807 et
1890 1777 1920 1806 in

273 1832 377 1862 Deum
394 1842 490 1862 unum
515 1835 547 1862 et
562 1842 672 1861 verum
691 1831 843 1862 credendi
862 1831 1029 1861 exordium
1046 1831 1243 1871 percepistis,
1269 1841 1395 1871 queque
1419 1831 1450 1860 111
1474 1829 1596 1866 ultimo,
1620 1832 1727 1870 spreto
1750 1838 1867 1869 magno
1890 1830 1922 1858 et

271 1883 354 1913 bono
378 1884 506 1923 fratre3,
536 1894 591 1914 vos
622 1894 712 1913 more
737 1883 800 1913 Dei
831 1883 971 1924 gratuita
1000 1882 1164 1913 voluntate
1193 1885 1347 1922 tanquam
1375 1881 1512 1912 alterum
1540 1891 1651 1921 regem
1673 1879 1779 1911 David
1806 1879 1921 1920 elegitt

272 1939 304 1965 et
328 1935 484 1975 preelegit
507 1938 602 1975 atque
628 1935 669 1964 ad
694 1935 873 1975 imperialia
898 1938 1024 1974 sceptra
1048 1934 1205 1974 provexit.
1253 1932 1402 1973 Cogitate
1426 1934 1549 1973 itaque,
1582 1932 1644 1962 Dei
1669 1931 1771 1962 cultor
1794 1941 1922 1971 semper

274 1990 416 2026 auguste,
442 1997 460 2016 a
483 1986 641 2026 propheta
659 1986 840 2027 premoniti,
865 1986 889 2015 si
914 1985 973 2026 hec
994 1985 1190 2024 humiliatur,
1214 1983 1266 2014 ‘ad
1291 1985 1379 2014 cuius
1403 1984 1593 2024 confugietis
1617 1983 1770 2014 auxilium
1794 1982 1844 2013 vel
1868 1981 1922 2012 ubi

270 2037 456 2077 relinquetis
488 2037 620 2077 gloriam
653 2035 822 2068 vestram’?
868 2036 1066 2077 Pei-pendite
1096 2037 1184 2077 quia,
1216 2036 1241 2065 si
1270 2035 1329 2075 hec
1359 2035 1560 2074 humiliatur,
1593 2045 1655 2065 non
1687 2034 1789 2064 solum
1820 2033 1921 2074 gloria

270 2088 395 2128 imperii
418 2089 516 2118 vestri
541 2088 784 2128 periclitabitur,
809 2088 887 2118 sedu
911 2092 943 2118 et
966 2088 1055 2128 ipsav
1073 2088 1218 2128 profecto
1242 2086 1422 2127 Christiane
1446 2087 1609 2127 religionis
1634 2086 1758 2116 cultura
1781 2085 1921 2115 maxima

272 2149 312 2169 ex
336 2143 426 2179 parte
451 2139 576 2180 peribit.
612 2139 652 2169 Et
670 2140 787 2170 idcireo
812 2140 890 2170 talia
915 2140 1052 2170 scientes
1075 2139 1185 2177 nolite,
1207 2138 1351 2178 obsecro,
1375 2139 1438 2168 iam
1464 2137 1603 2177 differre,
1627 2137 1725 2167 nolite
1750 2136 1790 2167 de
1815 2136 1867 2167 die
1891 2137 1923 2165 in

271 2190 356 2220 diem
384 2190 513 2220 indutiis
544 2201 604 2220 non
636 2191 809 2231 profuturis
834 2191 932 2221 abuti.
981 2190 1062 2221 Cum
1086 2189 1327 2230 proverbiatore
1356 2189 1459 2220 clamo
1488 2192 1521 2219 et
1543 2199 1614 2219 cum
1639 2187 1810 2219 Salomone
1834 2187 1920 2218 voci-

273 2241 371 2272 feror:
397 2241 456 2272 ‘Ne
482 2242 592 2272 dicatis
610 2243 711 2272 amico
732 2246 854 2273 vestro:
880 2242 973 2273 Vade
999 2244 1031 2272 et
1047 2245 1219 2282 revertere,
1245 2251 1314 2272 cras
1339 2241 1423 2271 enim
1440 2240 1523 2271 dabo
1548 2240 1625 2280 tibi‘,
1650 2243 1682 2270 et
1698 2240 1790 2270 alias:
1815 2237 1921 2274 ‘Quod

378 2346 400 2376 a)
422 2346 580 2370 inerrabilem
602 2346 631 2369 R.
727 2345 751 2377 l¹)
771 2355 794 2370 m
814 2346 841 2370 in
854 2348 910 2378 fine
929 2354 995 2370 eras.
1016 2345 1047 2370 R.
1136 2346 1158 2375 c)
1179 2354 1226 2369 om.
1240 2344 1277 2374 Β,-
1297 2346 1330 2377 cf.
1345 2353 1371 2369 ⁷1.
1384 2346 1423 2375 36,
1438 2352 1467 2375 2).
1483 2346 1514 2369 35
1533 2345 1549 2369 l.
1561 2346 1600 2368 ⁶27.
1697 2341 1721 2374 d)
1741 2343 1870 2367 tristitium
1889 2342 1920 2366 R·

272 2393 294 2415 Ε)
314 2388 374 2419 quid
394 2392 431 2412 est
451 2388 483 2413 R.
559 2387 578 2418 s)
597 2389 708 2419 sequium·
726 2398 821 2413 rasura
842 2398 879 2414 ca.
893 2392 908 2414 5
921 2390 965 2413 litt.
987 2389 1017 2413 R.
1095 2388 1120 2419 g)
1138 2389 1199 2420 quid
1218 2388 1249 2413 R.
1320 2387 1344 2419 h)
1364 2396 1410 2412 om.
1425 2387 1456 2412 R.
1526 2386 1543 2419 i)
1561 2396 1577 2411 n
1597 2387 1658 2411 add.
1677 2395 1758 2419 supra
1777 2378 1871 2410 lineam
1890 2385 1921 2409 R.

274 2429 298 2454 Μ
320 2440 387 2455 corr.
402 2439 432 2454 εει·
451 2431 591 2454 debuerent
610 2430 640 2455 Il.
722 2430 741 2461 l)
761 2433 921 2464 depascimur
939 2432 971 2456 R.
1055 2432 1087 2463 m)
1106 2435 1234 2463 eompetro
1253 2431 1285 2455 R.
1367 2431 1392 2461 Β)
1412 2439 1458 2454 om.
1472 2430 1504 2461 R,
1523 2434 1588 2454 recte
1606 2430 1667 2454 add.
1686 2430 1713 2453 in
1731 2438 1812 2461 mary.
1831 2436 1922 2453 manus

272 2482 366 2498 recena.
467 2472 489 2504 Ο)
508 2474 551 2498 -ed
577 2474 602 2497 in
620 2483 672 2498 rus.
693 2475 727 2499 al,
746 2483 815 2499 onan.
836 2475 867 2499 R.
965 2474 988 2505 P)
1008 2475 1113 2506 reliquis
1131 2474 1163 2499 R.
1262 2474 1286 2505 q)
1305 2473 1365 2498 iube
1384 2473 1415 2497 B.
1512 2474 1533 2501 r)
1553 2473 1644 2497 eaecidit
1667 2481 1752 2505 opem,
1777 2472 1839 2496 sicut
1857 2476 1922 2496 ‘recle

270 2516 372 2547 priores
391 2515 511 2539 editiones
531 2516 723 2546 suppleverunt,
743 2517 781 2541 rel
801 2518 881 2541 simile
900 2518 961 2548 quid
979 2517 1011 2542 R.
1117 2517 1137 2548 s)
1157 2525 1224 2541 corr.
1242 2525 1272 2541 ea:
1295 2521 1354 2540 sunt
1373 2516 1407 2540 al.
1427 2524 1495 2540 mavi.
1514 2515 1548 2540 R.
1654 2515 1673 2547 t)
1693 2519 1703 2540 t
1722 2524 1788 2540 corr.
1807 2523 1838 2539 ex
1859 2523 1871 2538 s
1890 2514 1922 2538 H.

271 2559 297 2589 ¹¹)
317 2567 384 2582 corr.
398 2567 427 2582 ea:
446 2562 506 2582 sunt
525 2558 559 2582 al.
573 2567 642 2582 man.
662 2559 694 2582 lc.
785 2564 811 2590 V)
831 2561 856 2584 111
876 2561 924 2584 del.
944 2566 1002 2585 ame
1024 2562 1081 2593 ipsa
1099 2560 1131 2585 R.

378 2626 402 2657 1)
424 2625 567 2657 Sequentia
581 2633 663 2657 usquc
677 2625 713 2650 acl
732 2626 832 2652 fiducia
846 2628 874 2659 (I.
884 2628 928 2661 16)
944 2628 1038 2653 eisdem
1050 2628 1104 2659 fere
1116 2628 1198 2653 verbis
1210 2627 1289 2653 etiam
1301 2627 1331 2652 m
1343 2635 1369 2652 n.
1378 2629 1409 2652 36
1421 2626 1558 2659 Ieyuntm';
1576 2626 1610 2657 cf.
1621 2609 1694 2651 N'A.
1710 2625 1856 2657 XXXVI,
1867 2628 1921 2651 139.

274 2668 300 2699 2)
322 2667 385 2693 Scil.
400 2667 558 2693 Lambertus
573 2668 727 2700 Spolelt'nus
747 2672 770 2693 ct
784 2669 946 2695 Adulbeffus
961 2671 982 2696 Ι.
1000 2671 1153 2702 Tuseam‹s;
1172 2670 1203 2695 de
1216 2678 1326 2703 quorum
1346 2669 1492 2694 mimicitiis
1510 2671 1604 2694 contra
1618 2677 1721 2701 papam
1739 2668 1772 2699 cf.
1786 2668 1923 2694 Dummler

274 2710 289 2736 2.
304 2711 319 2736 l.
339 2710 413 2743 1112,
433 2715 467 2737 30
477 2719 513 2743 sq.
601 2710 627 2743 3)
648 2710 688 2736 Sc.
708 2711 844 2737 Ludosico
859 2712 1024 2738 Germanico.
1062 2712 1112 2738 Sed
1130 2713 1164 2744 ef.
1183 2713 1323 2739 Diemmleo·
1341 2712 1400 2745 112,
1422 2715 1477 2738 407.

1937 653 1960 671 10

1940 910 1964 928 15

1938 1167 1963 1185 20

1937 1428 1961 1447 25

1938 1687 1962 1705 30

1941 1941 1964 1959 35

1940 2197 1966 2215 40

1939 2478 1965 2497 45

1938 2718 1962 2736 50
