2189 3042
683 171 862 198 IOHANNIS
882 172 956 199 VIII.
976 172 1094 199 PAPAE
1116 172 1318 199 EPISTOLAE
1340 173 1400 199 268.
1418 173 1477 200 269.
1843 176 1905 206 237

253 259 408 290 auxilium
425 259 549 290 verbis²
565 262 620 290 aut
644 259 789 300 seriptisb
807 259 942 300 prebere
960 259 1187 300 quoquomodo
1203 260 1320 290 valeat.
1361 259 1592 291 Verumtamen
1615 270 1712 291 unum
1737 263 1794 301 est,
1820 260 1906 301 quod

253 310 344 341 vobis
368 311 525 342 veraciter
555 314 600 350 et,
631 310 715 341 unde
741 311 941 341 occasionem
965 321 1021 341 vos
1050 310 1091 341 ad
1114 321 1172 341 nos
1196 311 1463 341 contemnendum
1495 322 1555 342 non
1581 312 1708 352 possitis
1731 321 1905 352 assumere,

253 372 336 392 nune
360 371 435 392 eece
452 362 666 402 preponimus,
691 362 813 394 seilicet
837 363 862 393 si
887 362 1023 393 eandem
1040 362 1281 403 Angelbergam
1297 362 1349 393 vel
1372 363 1402 393 in
1426 363 1552 394 modico
1577 367 1688 394 eontra
1704 364 1905 404 imperialem

254 415 310 443 aut
340 416 479 444 vestram
511 414 711 444 voluntatem
745 413 871 444 adversi
906 414 1070 455 quippiam
1105 414 1209 445 moliri
1248 417 1302 445 aut
1333 414 1415 445 velle
1450 414 1627 445 manifestis
1662 416 1906 456 cognoverimus

222 471 234 489 ⁵
253 463 388 503 indiciis,
411 464 635 504 presentaliter
658 464 744 495 illam
768 464 905 496 reddere
929 476 966 496 ac
990 465 1153 496 remittere
1177 465 1396 506 imperialibus
1420 469 1604 507 satagemus
1628 466 1801 507 optutibus,
1826 477 1905 507 qua-

254 518 356 554 tenus,
381 525 443 555 que
461 515 661 556 disciplinam
683 515 765 546 forte
786 517 942 556 recipere,
968 516 1052 557 quod
1077 527 1135 547 nec
1160 520 1318 557 optamus,
1343 517 1511 556 distulerit,
1535 528 1597 548 non
1621 518 1722 548 solum
1744 517 1905 548 mundana

252 569 359 596 vestra
382 566 499 597 iudicia
522 577 585 597 non
609 566 740 606 evadat,
771 577 882 597 verum
909 568 1005 598 etiam
1029 578 1088 598 nee
1112 571 1252 598 nostram
1277 568 1530 608 miserationem,
1561 579 1622 610 que
1647 569 1905 609 delinquentibus

252 627 384 658 parcere
409 618 587 656 consuevit,
619 618 769 648 inveniat.
816 618 976 659 Ideoque,
1004 619 1164 650 karissimi
1188 619 1258 657 filii,
1289 622 1391 650 estote
1415 621 1446 650 in
1471 620 1530 651 hoe
1554 621 1653 651 nostri
1677 623 1904 661 cooperatores

254 671 286 699 et
309 668 471 699 adiutores
496 672 528 699 et
551 668 661 699 audiat
684 680 741 699 nos
766 670 914 700 continuo
940 670 1132 701 excellentia
1156 670 1383 711 magnitudinis
1400 675 1515 712 vestre,
1539 676 1573 702 ut
1597 675 1629 702 et
1653 683 1708 702 vos
1731 682 1750 702 a
1766 672 1904 702 Domino

211 732 235 751 xo
254 719 399 751 exaudiri
427 721 616 751 mereamini
647 724 678 751 et
708 732 765 761 per
789 722 897 752 felicia
921 725 1066 763 tempora
1094 722 1183 763 regni
1207 722 1425 763 gubernacula
1448 722 1654 754 moderantes
1683 734 1753 754 oum
1779 723 1904 754 Christo

253 781 402 812 regnum,
434 772 518 812 quod
543 772 613 802 finis
642 773 747 803 nullus
771 776 933 814 angustat,
964 773 1236 805 intercedentibus
1260 774 1363 804 beatis
1387 774 1542 814 apostolis
1566 785 1736 815 capessere
1760 776 1904 806 valeatis.

359 841 451 865 DATA
470 842 528 866 1111.
549 842 626 866 IDUS
650 842 784 871 MARTII,
805 842 1004 867 INDICTIONE
1022 843 1104 866 XIIII.

1044 979 1116 1008 269.

362 1037 520 1068 Iohannes
534 1037 633 1068 VIII.
648 1047 739 1076 papa
755 1031 1050 1068 ‚Mediolanensibus
1070 1037 1200 1068 nuntiat
1222 1048 1253 1068 so
1270 1037 1466 1068 Hader'e'oum
1483 1037 1693 1078 presbiterum
1717 1041 1745 1069 et
1766 1038 1906 1070 abbatem

253 1100 294 1120 ss.
315 1089 463 1121 Gervasz'i
491 1091 520 1119 et
546 1088 690 1120 Protasii
719 1091 813 1128 atque
837 1088 1040 1128 Simplicfani
1067 1091 1095 1119 et
1126 1088 1310 1119 xenodochii
1335 1099 1375 1119 ss.
1397 1088 1525 1120 Cosmae
1551 1091 1580 1119 et
1603 1088 1759 1120 Damiani
1789 1090 1906 1121 iniuste

210 1152 234 1170 15
254 1140 484 1172 calumniatum
513 1151 584 1171 cnm
607 1140 750 1171 omnibus
772 1140 929 1179 beneficiis
958 1143 986 1171 et
1008 1140 1260 1179 possessionibus
1287 1140 1344 1171 sub
1368 1140 1466 1171 tutela
1489 1140 1572 1171 sedis
1595 1140 1781 1179 apostolicae
1803 1152 1905 1172 susee-

245 1192 343 1231 pz'sse.
1626 1192 1689 1221 881
1713 1191 1819 1232 (Feb.)

368 1251 442 1277 Cod.:
472 1251 498 1277 R
516 1252 535 1284 f.
551 1252 610 1277 106¹
629 1259 655 1276 n.
670 1254 723 1277 271.

356 1302 442 1328 Edd.:
470 1302 565 1328 Editio
579 1302 705 1328 Romana
718 1302 803 1335 (1591)
817 1302 873 1334 ΙΙΙ,
886 1305 938 1328 434
958 1306 1050 1328 ›1.264.
1081 1302 1177 1327 blansi
1196 1302 1274 1327 Cone.
1288 1302 1343 1328 coll.
1358 1301 1456 1333 XVII,
1472 1305 1516 1328 195
1534 1310 1561 1328 η.
1573 1305 1627 1327 264.
1656 1302 1751 1335 Miyne
1771 1302 1846 1328 Patr.
1860 1303 1906 1329 lat.

254 1346 392 1378 CXXVI,
413 1349 462 1371 926
480 1354 507 1371 n,
520 1348 574 1372 317.
595 1360 626 1363 -—
648 1345 720 1377 Jaffe'
739 1345 805 1378 Req.
819 1348 884 1371 3342
903 1345 999 1378 (2564).

210 1439 235 1458 20
359 1429 511 1453 OMNIBUS
535 1428 839 1453 REVERENTISSIMIS
863 1428 1033 1452 EFISCOPIS
1056 1428 1099 1451 ET
1119 1428 1374 1452 SACERDOTIBUS
1399 1428 1460 1452 SEU
1480 1428 1590 1453 CLERO
1609 1429 1651 1452 AC
1675 1429 1808 1453 POPULO

769 1471 900 1503 SANC'FIJ
923 1471 1198 1495 MEDIOLANENSIS
1224 1471 1392 1506 ECCLESHJ.

361 1522 442 1553 Boni
466 1521 736 1562 patrisfamiliasa,
769 1531 865 1561 quem
888 1521 971 1552 bene
1003 1524 1036 1552 et
1063 1520 1202 1552 fideliter
1231 1521 1415 1552 laborantes
1442 1532 1664 1552 remunerasse
1695 1523 1906 1562 agnoscimus,

252 1574 413 1605 informati
438 1573 588 1614 exemplo
614 1583 655 1603 ex
679 1573 854 1613 apostolice
879 1573 1078 1603 auctoritatis
1107 1576 1139 1603 et
1163 1573 1377 1603 miserationis
1400 1573 1586 1614 magisterio
1611 1583 1667 1604 seu
1691 1573 1907 1604 benivolentia

254 1625 415 1664 omnibus,
445 1635 524 1666 quos
548 1635 605 1665 pro
631 1624 766 1663 ecclesie
791 1623 854 1654 Dei
877 1624 1068 1654 utilitatibus
1091 1624 1231 1654 fideliter
1255 1624 1414 1655 desudare
1446 1625 1688 1665 conspicimusb,
1719 1625 1906 1656 subvenire⁶

209 1692 233 1711 25
254 1677 409 1708 debentes
441 1679 655 1718 opportunum
684 1686 721 1706 ac
749 1676 966 1706 necessarium
994 1686 1051 1706 nos
1085 1679 1211 1716 oportet
1244 1676 1379 1717 prebere
1410 1676 1573 1707 auxilium.
1625 1677 1728 1717 Igitur
1758 1677 1831 1717 quia
1865 1680 1906 1713 te,

251 1728 450 1760 Hadericum
480 1727 718 1758 venerabilemd
747 1727 960 1768 presbiterum
997 1731 1029 1758 et
1061 1727 1213 1758 abbatem
1248 1738 1409 1758 sacrorum
1443 1729 1710 1759 monasteriorum
1738 1728 1904 1759 beatorum

252 1780 375 1811 scilieet
409 1779 574 1810 Gervasiie
611 1782 642 1810 et
676 1779 837 1809 Protasiil
871 1783 968 1820 atque
1004 1779 1223 1820 Simpliciani2
1256 1790 1379 1810 necnon
1414 1784 1446 1810 et
1480 1780 1692 1810 xenodochiis
1724 1784 1905 1811 sanctorum

252 1832 368 1863 Cosme
405 1835 436 1862 et
469 1831 640 1862 Damiani3
674 1830 759 1871 quod
794 1830 1014 1861 Romanorum
1050 1831 1164 1861 dicitur
1200 1834 1232 1861 et
1264 1831 1398 1861 aliorum
1433 1835 1560 1861 tuorum
1595 1831 1821 1862 beneficiorum
1856 1832 1905 1862 vel

251 1884 536 1925 patrimoniorum&
559 1883 640 1913 infra
663 1883 712 1913 vel
738 1886 830 1913 extra
859 1883 1021 1913 civitatem
1046 1882 1321 1913 Mediolanensem
1346 1883 1588 1913 constitutorum
1619 1882 1705 1913 fideli
1736 1882 1906 1913 devotione

207 1950 232 1969 30
251 1938 385 1976 totoque
409 1936 524 1966 mentis
549 1934 716 1965 conanime
740 1945 798 1975 pro
822 1935 955 1975 pristino
980 1937 1065 1965 statu
1089 1937 1121 1965 et
1143 1935 1253 1974 vigore
1278 1938 1373 1975 atque
1399 1935 1598 1965 restitutione
1623 1938 1731 1973 sancte
1748 1933 1906 1964 Mediola-

252 1986 357 2016 nensis
392 1986 526 2026 ecclesie
561 1989 611 2016 ter
646 1988 823 2026 quaterque
861 1986 892 2016 in
931 1985 1086 2026 obsequio
1121 1986 1273 2026 Ansperti
1310 1987 1558 2016 reverentissimi
1594 1986 1826 2026 archiepiscopi
1861 1986 1905 2015 tui

252 2039 349 2077 atque
374 2037 541 2068 confratris
565 2037 664 2067 nostri
688 2036 838 2068 devotum
863 2040 960 2076 atque
988 2037 1020 2067 in
1045 2037 1190 2068 omnibus
1214 2037 1434 2068 fidelissimum
1459 2047 1647 2078 permanere
1673 2040 1769 2078 atque
1794 2037 1905 2068 decer-

252 2090 320 2118 tare
352 2088 480 2118 omnino
510 2091 543 2118 et
573 2087 739 2118 evidenter
770 2089 985 2129 comperimus
1018 2092 1050 2119 et
1082 2088 1299 2129 legationemh
1323 2089 1537 2129 Ambrosiam}
1569 2089 1704 2129 ecclesie
1736 2087 1906 2119 catholicai

251 2139 314 2169 fide
345 2142 392 2178 te,
425 2142 520 2179 prout
542 2140 626 2170 vires
651 2140 894 2180 suppleverunt,
928 2140 1152 2171 ardentissimo
1183 2151 1293 2171 amore
1324 2141 1455 2181 explere
1487 2140 1599 2171 crebro
1623 2139 1850 2181 cognovimusk
1875 2143 1906 2170 et

208 2206 233 2225 ³5
254 2189 309 2220 0b¹
333 2190 393 2220 hoc
425 2189 550 2230 aliquos
581 2191 779 2230 contumaeie
804 2190 902 2221 livore
933 2190 1103 2222 adversum
1128 2195 1216 2222 tuam
1247 2195 1425 2222 commotos
1458 2203 1528 2222 esse
1553 2191 1758 2222 dilectionem
1783 2191 1834 2221 vel
1865 2190 1904 2221 ob

252 2241 324 2271 aliis
352 2241 455 2271 causis
483 2241 616 2280 invidie,
649 2241 703 2281 qui
734 2244 766 2272 et
793 2242 888 2272 modo
917 2242 1009 2272 labiis
1033 2242 1152 2273 dolosis
1182 2243 1243 2273 zeli
1271 2246 1381 2274 eontra
1406 2247 1436 2274 te
1465 2244 1614 2274 concitati
1645 2247 1677 2274 et
1700 2242 1904 2283 postmodum

354 2351 377 2384 ³)
396 2353 468 2377 verbi
487 2353 519 2378 R.
607 2352 631 2384 b)
651 2354 751 2378 scrIbtis
770 2353 802 2379 R.

355 2403 413 2429 269.
442 2403 466 2434 a)
485 2404 661 2436 patrifamilias
680 2404 712 2429 R.
797 2404 822 2437 b)
842 2414 908 2430 corr.
921 2414 951 2430 ex
970 2407 1141 2439 conspicimur
1159 2408 1194 2431 al.
1208 2416 1277 2433 man.
1297 2408 1328 2432 R.
1418 2408 1439 2438 0)
1461 2417 1475 2432 v
1494 2416 1561 2432 corr.
1575 2416 1605 2432 err
1627 2408 1642 2431 b
1662 2407 1694 2431 R.
1785 2405 1808 2436 ²1)
1829 2406 1904 2430 bene-

251 2447 358 2472 rabilem
376 2447 409 2472 R.
513 2447 536 2478 e)
557 2457 572 2472 v
592 2457 658 2472 corr.
672 2456 702 2472 ex
720 2448 736 2472 b
756 2448 789 2473 R.
893 2447 912 2479 f)
935 2457 967 2473 ex
989 2450 1140 2474 senedoehio
1159 2450 1191 2475 It,
1297 2450 1322 2481 8)
1346 2451 1395 2475 alia
1418 2455 1464 2475 tua
1487 2451 1612 2475 beneficia
1637 2450 1677 2474 vel
1702 2448 1854 2481 patrimonia
1872 2446 1902 2470 11².

207 2498 233 2516 40
252 2489 276 2520 h)
297 2499 362 2515 corr.
377 2498 407 2514 ex
424 2490 502 2522 legati
522 2492 557 2516 al.
570 2500 639 2516 man.
653 2490 685 2516 R.
773 2490 790 2522 i)
810 2492 938 2523 catholice
955 2492 988 2516 R.
1077 2492 1101 2524 k)
1121 2494 1288 2526 cognovimur
1306 2493 1338 2518 R.
1426 2493 1444 2525 1)
1465 2485 1496 2518 zib
1516 2493 1547 2517 R.

358 2566 383 2597 1)
403 2565 492 2591 Hodie
510 2565 545 2591 (δ’.
561 2565 678 2591 Protaso
697 2566 732 2591 ad
750 2566 893 2599 monacos',
917 2567 1060 2601 cfl‘Cenni
1081 2569 1142 2594 sull'
1155 2569 1259 2603 origine
1278 2569 1349 2594 della
1370 2568 1457 2594 chiesa
1479 2568 1506 2593 (li
1526 2571 1554 2594 ,8.
1568 2568 1682 2593 Protaso
1705 2566 1741 2592 αεὶ
1761 2566 1901 2595 monacos,

253 2608 410 2641 agygiuntevi
427 2608 511 2640 infime
529 2609 625 2634 alcone
644 2609 737 2635 notizie
754 2610 823 2635 sallo
836 2610 1007 2642 seoprinzento
1026 2619 1038 2636 e
1050 2611 1092 2636 sul
1111 2611 1187 2644 Iuoyo
1205 2619 1248 2637 ove
1263 2620 1329 2637 sono
1341 2612 1434 2644 sepoltz'
1451 2611 1461 2636 i
1480 2611 1553 2644 corpi
1565 2611 1604 2637 (le’
1614 2619 1646 2636 ss.
1660 2610 1764 2635 marcio-17
1778 2608 1903 2634 Protasio

251 2659 264 2676 e
288 2651 415 2677 Gerrasio
434 2651 555 2683 (Milcmo
574 2651 674 2684 1829)’.
761 2652 788 2685 2)
808 2652 1004 2685 Antiquissima
1022 2653 1086 2679 haec
1103 2655 1292 2680 monachorum
1314 2654 1370 2680 ord.
1390 2662 1410 2680 s.
1424 2654 1563 2679 Benedicta
1582 2653 1699 2684 ecclesia,
1723 2652 1753 2676 in
1771 2659 1825 2683 qna
1847 2650 1901 2675 iam

253 2701 318 2719 saec.
338 2693 397 2719 VII
416 2693 530 2726 episcopi
554 2694 649 2725 sepulti
672 2696 735 2719 sunt
759 2694 806 2727 (ef.
825 2694 896 2720 MG.
910 2694 956 2721 SS.
976 2695 1059 2727 VIII,
1080 2697 1154 2728 103),
1179 2697 1379 2729 inscriptionem
1403 2704 1469 2723 saec.
1482 2696 1531 2722 IX
1555 2702 1726 2720 marmoream
1751 2694 1903 2718 etiamtunc

207 2745 234 2763 45
253 2739 341 2761 serrat
359 2735 410 2769 (ed.
427 2735 456 2761 F
456 2736 549 2762 orcella
567 2735 717 2762 ‘Iseo-rz'zioni
735 2736 800 2763 delle
818 2738 899 2764 chiese
918 2738 947 2764 di
964 2738 1085 2764 Milano’
1104 2740 1154 2772 IV,
1176 2742 1241 2773 102).
1322 2741 1347 2773 3)
1367 2741 1447 2766 Duas
1465 2741 1545 2766 Ῐιτιίιιε
1563 2739 1634 2765 tituli
1653 2738 1773 2764 ecelesias
1790 2740 1901 2762 recenset

251 2778 373 2805 Forcella
392 2779 407 2804 Ῑ.
422 2778 438 2804 ἶ.
459 2779 483 2810 Ι,
505 2783 548 2805 191
567 2781 589 2804 et
609 2779 660 2811 IV,
677 2783 733 2805 217.
