2189 3042
358 231 399 259 90
808 222 983 250 IOHANNIS
1002 222 1078 249 VIII.
1098 222 1216 248 PAPAE
1238 221 1437 249 EPISTOLAE
1459 222 1499 249 95.
1519 222 1560 249 96.

359 314 467 353 vigere
494 314 661 342 cernentes
685 311 781 341 immo
798 309 977 350 gaudemus
1001 312 1043 347 et,
1067 311 1102 339 ut
1119 309 1331 349 Omnipotens
1348 309 1575 340 intercessione
1593 309 1812 350 apostolorum
1828 309 2006 350 principum

358 374 413 394 vos
444 366 536 404 patre
572 361 755 393 desiderato
790 364 974 401 recuperet,
1009 363 1115 391 vestro
1146 370 1204 401 pro
1236 359 1321 391 velle
1356 360 1602 392 decertabimus.
1654 360 1806 392 Ceterum
1840 364 2008 392 monentes

358 415 540 445 hortamura
557 417 589 445 et
613 422 765 453 expresse
790 411 945 451 iubemus,
970 414 1004 442 ut
1027 412 1101 452 iam,
1126 412 1201 453 quia
1224 412 1446 452 unanimiter-¹³,
1467 416 1581 453 quemc
1597 411 1796 452 scripsistis1,
1821 411 2007 452 episcopum

358 466 514 506 elegistis,
550 465 760 495 unanimiterc
790 474 862 494 cum
896 463 1034 494 electum
1067 466 1192 502 tenete,
1229 463 1353 504 diligite
1385 467 1417 494 et
1446 467 1551 495 vestro
1586 463 1626 494 de
1656 473 1745 494 more
1775 463 1930 494 honorate
1965 466 2007 503 et,

358 527 523 557 usquequo
541 516 612 547 Dco
636 518 796 547 annuente
822 515 983 555 presentia
1007 514 1160 555 pontificii
1184 515 1283 546 nostri
1307 514 1466 546 desiderio
1484 518 1589 546 vestro
1613 514 1763 553 illuxerit,
1786 514 2008 545 Ravennatem
2038 526 2050 544 5

357 568 526 599 ecclesiam
555 567 595 598 ab
621 567 767 597 omnibus
795 565 939 597 hostibus
963 565 1127 597 defendite
1156 566 1436 608 conpatriotasque
1464 566 1502 597 ad
1527 565 1809 607 depredationibus
1832 576 1889 606 pro
1913 575 2008 606 posse

359 619 474 659 levate,
500 630 539 650 uc
563 619 632 660 ipsa
656 619 792 650 ecclesia
815 618 956 658 aliquam
974 617 1239 659 depredationem
1256 618 1420 658 sustineat,
1445 618 1595 660 quoniam
1612 628 1669 648 nos
1689 617 1749 648 hoc
1765 617 1897 648 inultum
1915 627 2007 647 num-

358 681 453 711 quam
476 670 690 701 dimittemus⁰
716 672 748 700 ct
771 668 959 710 predatores
982 668 1254 710 predatorumque
1278 672 1463 710 receptores
1486 669 1584 710 legali
1601 669 1710 710 vigore
1733 669 1838 700 modis
1862 667 2008 699 omnibus

359 722 519 752 feriemus.
555 721 657 752 Porro
675 721 878 762 precipimus,
903 723 939 751 ut
962 720 1029 751 ress
1043 720 1201 751 mobilesg
1217 724 1250 752 et
1272 720 1472 752 immobilesh
1489 731 1624 762 seseque
1647 723 1813 752 moventes
1827 720 2009 752 Deusdedit

359 777 391 806 et
414 773 565 804 Iohannis
596 773 808 813 gloriosorum
833 772 948 803 ducum
959 772 981 812 2,
1011 775 1191 803 nostrorum
1216 772 1483 812 consiliariorum,
1515 773 1637 803 salvate
1666 775 1698 803 et
1726 771 1796 814 [in]i
1819 772 1903 812 illas,
1929 782 2007 813 quas
2026 783 2051 802 ιο

360 824 513 855 hactenus
537 824 663 855 invasas
686 824 875 864 habuerunt,
900 823 960 855 nel<
977 823 1075 855 ullam
1099 825 1297 855 invasionem
1317 824 1459 864 faciant1,
1483 823 1610 855 illorum
1632 823 1813 855 hominibus
1829 823 2007 861 defendite;

357 881 457 907 namm
481 877 556 917 quia
586 879 693 907 nostro
724 878 856 907 utuntur
884 876 1029 913 servitio,
1059 879 1168 907 nostra
1195 876 1299 907 modis
1329 875 1475 906 omnibus
1499 875 1638 906 debent1¹
1661 875 1782 917 perfrui
1811 874 2006 907 defensione.

359 926 520 959 Servatori
546 928 638 958 huius
662 928 763 958 iussus
786 928 899 968 gratia,
927 928 1122 968 corruptorio
1145 938 1203 969 pro
1226 928 1313 958 iussu
1337 927 1397 958 erit
1420 927 1642 958 nichilominus
1665 926 1885 968 compositior.

1156 1074 1207 1104 96.

472 1127 630 1159 Iohannes
656 1127 755 1159 VIII.
781 1138 872 1167 papa
894 1127 1089 1167 Ansperlum
1111 1127 1379 1167 archiepiscopum
1402 1127 1665 1159 Mediolanensem
1687 1127 1731 1158 ad
1756 1127 1909 1168 synodum
1937 1128 2010 1159 uni-

361 1178 509 1210 versalem
536 1179 571 1210 rin
594 1179 739 1210 Francia
756 1189 817 1218 pro
840 1180 1001 1219 anqustiis
1023 1179 1167 1211 ecclesiae
1189 1179 1353 1211 Romanae
1376 1182 1405 1210 et
1422 1179 1595 1219 praecipue
1617 1179 1779 1210 Lamberti
1805 1181 1833 1210 et
1849 1178 2009 1210 Adelberti
2027 1186 2051 1205 1⁵

359 1230 576 1262 marchionum
599 1231 760 1262 invasione
784 1231 999 1262 celebrandam
1021 1232 1108 1262 citat.
1480 1230 1634 1271 (Ianuae)
1658 1231 1722 1261 878
1745 1230 1844 1271 (Mai.
1860 1231 1920 1271 in.)

472 1294 546 1321 Cod.:
574 1295 601 1321 R
619 1297 638 1328 f.
654 1296 698 1320 47¹
717 1303 743 1321 n.
758 1298 797 1321 94.

463 1346 546 1372 Eda:
575 1345 669 1372 Editio
689 1346 814 1372 Romana
833 1346 916 1380 (1591)
939 1346 999 1378 III,
1019 1349 1068 1373 358
1090 1355 1117 1372 n.
1132 1349 1172 1372 82.
1209 1345 1304 1372 Maozssz'
1329 1346 1406 1372 Cone.
1425 1346 1483 1372 coll.
1505 1345 1608 1378 XVII,
1630 1349 1656 1371 71
1678 1354 1705 1373 n.
1720 1349 1753 1372 83
1772 1346 1805 1380 [I.
1819 1346 1875 1380 82J.
1916 1346 2008 1380 Miyne

359 1388 435 1415 Patr.
448 1388 496 1415 lat.
511 1389 650 1421 CXXVI,
671 1393 712 1415 771
730 1398 757 1415 n.
772 1393 826 1415 118.
847 1405 878 1408 -
898 1389 974 1421 Jaffc
994 1389 1058 1423 Rey.
1071 1393 1137 1416 3140
1156 1390 1250 1423 (2367).

685 1468 882 1492 ANSPERTOn
901 1468 1109 1492 VENERABILI
1131 1468 1400 1493 ARCHIEPISCOPO
1423 1467 1688 1493 MEDIOLANENSI.
2028 1477 2053 1496 20

467 1518 530 1548 Pro
557 1518 731 1549 innumeris
755 1519 851 1559 igitur
875 1522 906 1549 et
929 1518 1160 1560 multiplicibus
1183 1519 1424 1560 oppressionum
1445 1519 1599 1559 angustiis
1622 1519 1719 1549 totius
1742 1521 1850 1559 sancte
1874 1518 2009 1558 ecclesie

360 1569 392 1599 in
422 1568 499 1600 orbe
529 1572 683 1600 terrarum
713 1569 825 1610 diffuse
855 1570 1010 1610 synodum
1038 1571 1250 1601 universalem
1275 1570 1401 1601 Christo
1430 1570 1607 1611 opitulante
1634 1570 1666 1600 in
1693 1569 1844 1609 Francia,
1875 1570 1949 1610 quia
1978 1570 2010 1600 in

361 1620 456 1650 Italia
488 1621 710 1660 persecutione
739 1622 895 1652 malorum
921 1624 1081 1653 crassante
1109 1621 1274 1662 (Petrumb
1297 1621 1520 1662 presbyterum
1544 1620 1681 1652 cardinis
1704 1622 1816 1661 nostri,
1844 1631 1939 1662 quem
1968 1620 2009 1652 ad

361 1670 689 1702 Kar-olurnmannumc
707 1673 837 1713 regemd
852 1673 1036 1713 dirigimus³
1054 1673 1241 1704 fraternitati
1259 1676 1363 1713 vestre
1378 1673 1550 1713 plurimum
1568 1672 1863 1712 commendamus)b
1878 1672 2008 1703 minime

360 1723 532 1763 potuimus,
557 1733 664 1754 sumus
681 1723 882 1763 celebraturi,
904 1724 944 1755 ad
962 1729 1076 1765 quam⁰
1093 1724 1325 1756 fraternitatem
1342 1726 1481 1755 vestram
1499 1725 1685 1765 quantocius
1706 1725 1791 1754 omni
1811 1734 1901 1755 mora
1921 1728 2008 1765 post-
2028 1733 2052 1752 25

358 1774 464 1814 posita
488 1784 655 1806 occurrere
678 1785 899 1807 ammonemus
916 1786 986 1806 cum
1004 1777 1124 1807 cunctis
1140 1776 1340 1817 coepiscopis
1362 1786 1400 1806 ac
1417 1775 1627 1816 suffraganeis
1643 1776 1766 1816 vestris,
1790 1776 1933 1816 exceptis
1950 1775 2008 1815 his,

359 1835 439 1865 quos
475 1825 555 1856 sacri
590 1827 749 1857 eanones4
781 1837 838 1867 pro
876 1827 1085 1858 incommodis
1116 1827 1213 1858 casisf
1242 1830 1326 1858 stare
1359 1827 1537 1868 patiuntur,
1572 1827 1721 1868 quoniam
1752 1827 1783 1857 in
1814 1836 1852 1858 ea
1883 1825 2008 1858 Christo

360 1880 554 1916 cooperante
586 1878 726 1908 omnium
757 1877 967 1909 ecclesiarum
999 1889 1165 1919 speramus
1200 1879 1280 1919 erigi
1315 1881 1432 1909 statum
1466 1880 1563 1919 atque
1593 1878 1746 1919 vigorem.
1791 1877 1864 1908 Hoc
1893 1878 2009 1908 iterum

363 1926 590 1969 iterum[quc]g
613 1939 789 1968 monemus,
813 1929 977 1960 hortamur
1001 1940 1217 1971 expresseque
1241 1929 1439 1970 mandamus,
1463 1932 1497 1960 ut
1520 1929 1607 1960 nulla
1628 1929 1706 1960 vosh
1728 1939 1818 1960 mora
1840 1929 2008 1970 nullusque

359 1981 509 2019 optentus
537 1980 719 2020 prepediat,
751 1980 852 2011 donec
882 1981 973 2011 nobis
1001 1981 1155 2011 vestrumi
1184 1981 1356 2011 adventum
1387 1981 1419 2011 in
1448 1981 1610 2021 presentia
1641 1980 1833 2021 prebeatis*,
1865 1980 1931 2021 (idk
1961 1983 2009 2011 est
2028 1991 2053 2011 30

359 2029 523 2061 Lamberti
552 2031 666 2071 perfidi
691 2031 847 2072 Spolitani
876 2031 978 2071 ducis,
1003 2032 1159 2063 Uuidonis
1186 2032 1255 2072 filii,
1284 2032 1416 2073 eiusque
1446 2031 1624 2072 oomplicis¹
1647 2031 1816 2063 Adelberti
1840 2033 2008 2063 marcionis

468 2132 493 2164 ἔξ)
512 2132 547 2158 In
568 2140 648 2165 mara.
669 2132 747 2159 adst:
766 2133 818 2160 Hic
838 2133 915 2160 deest
932 2133 999 2166 quid
1018 2142 1089 2160 man.
1103 2134 1262 2167 coo-rectoris,
1282 2135 1316 2166 cf.
1334 2134 1396 2160 NA.
1415 2134 1562 2166 XXXVI,
1578 2137 1626 2167 89,·
1643 2135 1743 2167 priores
1760 2134 1888 2161 editiones
1905 2135 2009 2168 supple-

512 2178 619 2201 verunt:
639 2177 669 2202 ut
689 2184 800 2202 causam
819 2176 971 2202 communis
990 2176 1079 2202 hostis
1098 2186 1152 2203 una
1171 2186 1277 2203 mecum
1298 2177 1436 2204 iudicetis.
1472 2176 1525 2203 Sed
1542 2178 1576 2209 cf.
1592 2186 1621 2211 p.
1636 2181 1666 2204 91
1683 2180 1776 2204 (aznot.
1789 2186 1813 2211 y.

462 2240 485 2271 ³)
504 2244 617 2265 ort-amur
635 2250 701 2266 corr.
713 2250 743 2266 ca*
762 2245 874 2266 ortamus
894 2242 925 2267 R.
997 2241 1021 2274 b)
1041 2251 1106 2267 corr.
1119 2251 1149 2268 esc
1166 2243 1331 2268 unianimiter
1350 2243 1381 2267 R.
1452 2242 1475 2275 c)
1495 2251 1544 2275 quo
1558 2243 1681 2276 scipsistis
1694 2252 1752 2268 eum
1767 2244 1880 2276 elegistis
1899 2244 2007 2275 nimiter⁷

359 2283 409 2307 sci·
428 2286 451 2307 et
469 2283 511 2307 ni·
530 2283 557 2307 in
576 2292 628 2307 ras.
648 2283 679 2308 R.
766 2283 790 2314 (¹)
809 2292 825 2309 a
844 2285 963 2317 conpatri
981 2285 1096 2317 actisque
1115 2285 1146 2310 R.
1239 2285 1260 2317 e)
1280 2286 1429 2311 demitemus
1448 2286 1480 2311 R.
1572 2285 1592 2317 f)
1610 2290 1661 2311 tres
1680 2286 1712 2312 R.
1804 2286 1829 2317 8)
1847 2287 1955 2312 mouiles
1974 2287 2006 2312 R.
2025 2294 2050 2314 35

358 2324 383 2355 h)
403 2325 420 2349 b
445 2334 511 2350 corr.
531 2326 558 2350 in
579 2335 595 2349 v
615 2326 645 2350 R.
746 2325 763 2356 i)
782 2335 829 2351 om.
849 2327 880 2352 R.
980 2326 1005 2358 k)
1024 2328 1120 2352 nullam
1140 2328 1171 2353 R.
1278 2327 1296 2360 l)
1316 2329 1436 2354 facientes
1456 2329 1487 2354 R.
1588 2329 1619 2360 m)
1640 2330 1690 2354 iam
1709 2329 1740 2354 R.
1839 2329 1864 2361 ¹²)
1884 2330 1958 2355 debet
1977 2330 2008 2355 R.

358 2367 383 2398 0)
403 2369 558 2400 corruptoris
577 2368 610 2393 B.
698 2369 722 2400 D)
741 2370 875 2401 compositi
894 2370 925 2394 R.

465 2417 505 2444 96.
535 2419 559 2450 a)
579 2426 698 2444 ASPERTO
717 2420 749 2446 R.
838 2419 863 2453 b)
882 2421 949 2446 lianc
967 2422 1128 2453 sententiam,
1146 2430 1222 2453 quam
1240 2422 1313 2447 uncis
1330 2422 1490 2454 inclusimus,
1508 2431 1539 2448 esc
1557 2424 1682 2455 margine,
1701 2424 1744 2448 uhi
1761 2423 1789 2448 in
1807 2424 1913 2455 minuta,
1931 2433 2006 2456 quam

359 2461 491 2493 descripsit
509 2463 658 2493 rcyistrator
679 2477 710 2480 —
730 2467 774 2487 aul
797 2464 824 2488 in
841 2464 961 2496 registro,
985 2465 1053 2496 quod
1071 2465 1204 2496 descripsit
1226 2470 1312 2489 noster
1330 2479 1357 2482 —
1379 2465 1476 2497 scripta
1498 2466 1578 2498 fuisse
1596 2466 1703 2497 videtur,
1728 2467 1755 2491 in
1773 2467 1856 2498 ipsam
1874 2467 2006 2498 epistolam

359 2504 500 2536 interrupto
520 2509 637 2530 contextu
650 2505 821 2530 introductam
839 2515 891 2531 esse
904 2507 1069 2539 manifestum
1087 2512 1130 2533 est.
1162 2508 1203 2539 Cf.
1219 2516 1299 2540 supra
1318 2517 1343 2533 τι.
1358 2510 1391 2533 89
1406 2517 1432 2540 p.
1447 2511 1479 2533 86
1497 2514 1583 2534 annot.
1598 2518 1622 2540 a,
1642 2509 1755 2542 Lapfitre
1772 2509 1920 2540 ‘L'Europe
1939 2514 1962 2534 et
1985 2510 2007 2534 le
2025 2515 2051 2534 40

360 2546 541 2579 Saint-Sieye'
555 2556 583 2579 p.
598 2550 634 2579 12,
655 2548 714 2574 NA.
734 2548 865 2580 XXXVI,
885 2552 928 2574 111
947 2555 1033 2575 annot.
1048 2554 1069 2575 1.
1150 2550 1171 2581 c)
1192 2551 1315 2575 Karolum
1334 2560 1456 2576 mannum
1474 2552 1507 2577 R.
1588 2551 1613 2583 d)
1634 2561 1700 2578 corr.
1713 2561 1743 2578 em
1761 2560 1820 2585 rege
1839 2553 1875 2577 al.
1887 2561 1956 2577 man.
1975 2552 2008 2577 R.

359 2589 383 2620 θ)
403 2598 470 2614 corr.
488 2598 519 2614 em
542 2598 617 2622 quem
639 2590 671 2615 R.
768 2590 786 2623 f)
805 2593 889 2616 causis
907 2592 938 2617 R.
1037 2593 1061 2624 S)
1081 2602 1128 2618 om.
1148 2593 1180 2618 R.
1276 2592 1300 2624 ¹¹)
1320 2602 1387 2618 corr.
1405 2602 1435 2619 ecc
1453 2595 1525 2620 vobis
1544 2595 1576 2620 R.
1676 2594 1694 2626 i)
1713 2604 1780 2620 corr.
1797 2603 1828 2620 en:
1845 2598 1955 2620 vestram
1975 2595 2007 2620 B.

360 2630 385 2662 k)
404 2632 438 2664 cf.
455 2641 482 2664 p.
494 2634 524 2657 91
542 2637 627 2657 annot.
638 2640 665 2665 9.
753 2633 771 2665 ¹)
790 2635 956 2667 complicibus
975 2635 1006 2660 lt.

465 2699 490 2731 1)
510 2699 672 2732 Romanum,
689 2703 825 2733 878-88;
842 2701 889 2727 scd
908 2701 1008 2727 litterae
1028 2702 1225 2728 Bar-ennathon
1243 2710 1299 2728 non
1318 2706 1432 2729 eoestant.
1507 2704 1533 2736 2)
1554 2704 1762 2730 Rauennatium.
1833 2704 1859 2737 3)
1879 2703 2005 2730 Lateo-em

359 2741 483 2774 epistolae
505 2750 532 2768 n.
546 2746 590 2774 89,
612 2750 727 2775 quacum
749 2746 841 2769 nostra
863 2752 964 2777 qnoque
987 2745 1096 2777 epistola
1119 2745 1208 2771 delata
1231 2748 1278 2777 est,
1302 2745 1336 2777 cf.
1353 2754 1382 2779 p.
1395 2749 1429 2772 86
1447 2749 1539 2773 annot.
1554 2752 1575 2773 1.
1672 2747 1698 2779 4)
1717 2747 1842 2780 Dionysii
1863 2746 1926 2773 Cod.
1945 2754 2005 2773 can.
2026 2754 2052 2774 45

358 2784 450 2818 synod⁴
463 2793 506 2817 ap.
520 2784 705 2819 Carthagyinem
723 2786 758 2819 (q.
772 2794 793 2812 r.
809 2786 870 2813 Cod.
883 2795 943 2814 can.
957 2788 1013 2814 cccl.
1025 2788 1184 2821 Africanae)
1204 2796 1225 2815 c⁴
1242 2792 1270 2814 76
1289 2788 1337 2819 (ed.
1351 2788 1445 2822 Miyne
1463 2789 1593 2822 LXVII,
1609 2790 1668 2823 205)
1685 2801 1716 2811 z
1736 2789 1814 2816 Cone.
1828 2789 1947 2823 Cartlzay.
1962 2789 2004 2816 1³1

359 2835 384 2853 a.
399 2831 447 2853 401
466 2836 525 2854 can.
539 2832 574 2854 11.

1938 2860 1950 2869 ι.
