2189 3042
194 672 217 690 10

193 928 214 946 15

192 1184 217 1203 20

194 1594 219 1612 25

194 1864 219 1882 30

195 2125 219 2143 ³5

682 91 860 119 IOHANNIS
879 91 953 118 VIII.
972 91 1090 117 PAPAE
1112 90 1310 117 EPISTOLAE
1333 90 1374 116 21.
1393 90 1434 117 22.
1846 93 1883 121 19

624 196 796 220 IOHANNES
819 196 906 220 URSO
928 195 1096 220 GLORIOSO
1118 195 1201 219 DUCI
1222 194 1492 218 VENETICORUM1.

343 246 492 278 Grratiasa
514 246 615 288 glorie
639 250 691 286 tue
716 257 773 288 pro
797 247 936 288 benigna
961 246 1132 277 devotione
1157 249 1212 276 tua
1235 244 1412 285 referimus,
1437 255 1533 286 quarn
1556 255 1619 275 non
1643 244 1745 275 solum
1768 244 1884 283 verbis,

235 298 293 328 sed
317 301 350 329 et
373 298 524 339 operibus
548 308 625 339 erga
643 309 701 328 nos
724 298 864 330 studiose
889 298 1053 329 declarasb
1077 300 1109 328 et
1132 298 1318 338 frequenter
1340 297 1491 337 ostendis,
1516 300 1548 328 et
1572 297 1644 327 ideo
1669 308 1726 327 nos
1749 299 1884 337 paterno

236 350 320 380 circa
350 353 382 381 te
406 349 587 380 detinemur
609 350 745 381 affectuc
770 353 802 381 et
832 351 864 381 in
893 350 956 390 his,
988 360 1048 391 que
1080 349 1121 380 ad
1149 352 1237 380 tuam
1269 352 1459 389 tuorumque
1483 349 1645 389 pertinere
1668 358 1706 379 ac
1730 347 1883 389 prodesse

234 401 408 432 utilitatem
432 401 663 442 cognoscimus,
687 401 849 442 prompti‘l
865 401 916 432 etd
933 401 1063 442 benigni
1087 411 1215 442 semper
1239 411 1308 431 esse
1333 400 1543 440 curabimusss,
1568 400 1627 430 itaf
1642 399 1692 431 utf
1715 401 1746 430 in
1770 399 1885 430 divinis

236 453 397 494 preceptis
428 453 591 493 sacrisque
623 453 796 483 canonibus
829 453 986 493 impedire
1016 453 1226 483 intentionem
1258 456 1289 482 et
1322 452 1519 482 sanctionem
1550 455 1690 482 nostram
1722 461 1884 492 nunquam

235 505 426 544 consentias,
451 503 517 544 sed,
542 513 613 534 cum
638 503 696 534 tibi
720 503 759 534 de
781 504 875 535 rebus
894 504 1117 535 ecclesiasticis
1134 504 1305 544 quicquam
1321 504 1523 544 iniungimus⁷
1548 503 1629 534 sicut
1653 503 1786 534 devotus
1802 502 1885 533 filius

234 566 292 585 nos
316 555 471 586 obaudias
496 557 528 586 et
551 555 743 595 adimplere⁷
775 565 836 596 que
861 555 1040 596 dirigimus,
1069 555 1167 586 alacri
1190 565 1318 595 semper
1341 555 1447 585 animo
1471 554 1616 593 studeas,
1647 555 1797 595 quoniam
1827 565 1885 585 nos

234 609 322 638 tanto
346 607 378 637 in
402 607 504 637 causis
528 606 590 636 tuis
615 609 662 645 et,
693 606 746 637 ubi
774 607 832 637 tibi
856 607 1075 647 oportunitasg
1098 607 1241 637 fortassis
1266 607 1425 646 evenerit,
1456 607 1670 647 promptiores
1699 609 1805 637 tecum
1828 617 1886 636 nos

236 668 306 689 esse
331 668 368 689 ac
393 658 596 698 benigniores
619 658 771 698 invenies,
795 661 913 699 quanto
939 661 969 689 te
993 669 1050 689 nos
1074 658 1158 688 nolle
1183 668 1201 688 a
1224 657 1383 688 mandatis
1400 658 1461 689 Dei
1486 658 1593 698 aliquo
1618 657 1713 688 modo
1738 660 1885 688 avertere

234 708 435 740 manifestius
452 709 634 739 viderimus.
673 708 757 739 Nam
781 709 848 749 tibi,
872 709 1052 748 karissime,
1076 713 1229 750 tanquam
1254 708 1402 739 familiari
1427 713 1534 740 nostro
1553 708 1754 739 familiariter
1777 708 1886 739 scribi-

234 771 320 801 mus,
357 762 432 801 quia
462 760 578 791 nullius
610 760 754 791 mortalis
785 771 928 791 amorem
958 760 1160 801 preponereh
1191 760 1253 791 Dei
1285 761 1404 799 iustitie
1435 771 1619 801 possumuS,
1655 762 1709 802 qui
1738 761 1886 791 nimirum

235 812 436 852 evangelium
458 811 605 853 legimus,
631 811 753 842 dicens:
779 812 853 848 ‘Qui
876 815 963 843 amat
986 815 1111 853 patrem
1135 814 1192 842 aut
1214 814 1350 842 matrem
1374 811 1446 852 plus
1470 822 1566 853 quam
1590 823 1652 852 me,
1676 823 1738 843 non
1762 815 1810 843 est
1832 822 1884 843 me

234 862 371 904 dignus?
415 863 556 894 Veniant
584 863 681 904 igitur
710 864 853 905 episcopi
882 864 923 894 ad
953 863 1109 904 synodum
1140 863 1314 902 nostram&
1345 866 1379 893 ut
1408 864 1485 904 ipsis
1514 863 1606 893 nobis
1637 864 1684 894 rei
1716 865 1886 894 veritatem

235 913 486 954 significantibus
507 925 636 945 causam
654 914 759 946 fratris
783 919 816 946 et
832 915 1028 956 coepiscopii
1044 915 1144 945 nostri
1160 914 1271 945 Petri3
1288 914 1350 944 illis
1375 914 1575 955 presentibus
1598 914 1723 944 facilius
1749 914 1886 945 diffinire

236 964 411 996 valeamus.
457 966 489 996 Is
513 977 603 1006 vero,
633 967 687 1007 qui
711 966 817 997 valida
839 967 1023 998 infirmitate
1047 966 1099 997 vel
1123 968 1286 997 senectute
1311 966 1492 1006 gravatur-4,
1521 966 1546 996 si
1569 966 1634 996 ullo
1658 966 1754 996 modo
1778 967 1886 996 venire

234 1026 299 1046 non
330 1020 450 1057 potest,
483 1018 635 1048 vicarium
668 1029 726 1058 pro
758 1029 792 1049 se
823 1022 986 1049 strenuum
1015 1019 1138 1055 mittat;
1171 1018 1225 1048 ille
1254 1028 1345 1057 vero,
1378 1018 1431 1058 qui
1462 1017 1793 1058 Constantinopolimk
1821 1017 1887 1048 irek

234 1067 402 1109 refertur5⁷
430 1069 455 1099 si
476 1069 617 1100 nondum
634 1069 722 1110 abiit,
746 1080 805 1101 nec
822 1070 912 1100 abire
936 1070 980 1100 cis
998 1069 1209 1100 Februarium
1232 1078 1375 1099 mensem
1398 1072 1554 1109 speratur,
1579 1069 1620 1099 ab
1643 1069 1703 1099 hac
1728 1070 1887 1099 communi

236 1118 374 1150 utilitate
406 1121 493 1151 nullo
524 1121 621 1152 modo
652 1131 686 1152 se
719 1121 900 1160 subtrahat,
935 1121 992 1152 scd.
1023 1122 1154 1152 veniens
1182 1121 1303 1159 veniat,
1334 1123 1370 1151 ut
1403 1121 1488 1151 omni
1518 1121 1621 1161 litigio
1654 1121 1825 1151 terminato
1856 1121 1888 1150 in

237 1170 374 1201 ecclesia
403 1171 467 1202 Dei
498 1173 621 1203 nonnisi
650 1183 714 1214 pax
743 1176 775 1204 et
803 1173 1017 1214 tranquillitas
1048 1175 1243 1213 perseveret.
1292 1172 1450 1213 Optamus
1478 1172 1614 1213 gloriam
1644 1175 1731 1203 tuam
1761 1182 1888 1213 semper

238 1220 320 1252 bene
344 1222 462 1254 valere.

341 1275 436 1299 DATA
455 1275 524 1301 VIII.
544 1277 728 1301 KALENDAS
752 1277 955 1308 DECEMBRIS,
980 1277 1179 1302 INDICTIONE
1198 1277 1227 1302 X.

1037 1424 1087 1453 22.

346 1476 504 1508 Iohannes
541 1477 636 1509 VIII.
660 1488 752 1518 papa
783 1478 899 1509 Karoli
929 1478 1051 1518 (Calvi)
1086 1479 1285 1517 imperatoris
1319 1479 1480 1509 (amilium
1514 1481 1623 1509 contra
1652 1478 1826 1510 Saracenos
1861 1481 1889 1510 et

238 1527 432 1558 marchiones
454 1528 585 1559 Italiam
609 1529 816 1568 devastantes,
846 1530 904 1561 diu
934 1531 998 1561 iam
1020 1530 1228 1569 promissum,
1260 1530 1313 1561 sed
1341 1530 1482 1561 nondum
1513 1540 1703 1567 concessum,
1733 1531 1890 1561 instanter

238 1577 394 1617 implorat.
491 1603 494 1614 .
1569 1583 1633 1612 876
1656 1582 1733 1613 Νου.
1753 1583 1801 1613 15.

351 1629 426 1656 Οο(ῑ..·
454 1630 480 1656 R
498 1632 518 1664 f.
532 1632 559 1657 9‘
578 1640 604 1658 η.
621 1635 659 1658 22.

341 1676 427 1702 Ε(ἰ(ῖ..’
455 1678 549 1704 Editio
567 1679 692 1705 Romana
711 1680 796 1714 (1591)
815 1680 873 1713 ΙΙΙ,
893 1683 942 1706 303
960 1689 986 1706 η.
1002 1683 1033 1705 21
1052 1691 1084 1701 z
1105 1680 1231 1705 Sirmcml
1254 1680 1330 1706 Cone.
1345 1683 1400 1706 [int.
1417 1680 1524 1706 Galliae
1544 1680 1602 1712 HI,
1622 1685 1667 1706 451
1686 1689 1712 1706 u.
1725 1685 1760 1707 15.
1795 1680 1891 1706 Mansi

239 1718 498 1753 Gonc.coll.XV11,
519 1726 550 1748 19
569 1730 596 1747 n.
610 1726 648 1748 21.
684 1724 778 1757 Miyne
796 1723 872 1750 Patr.
886 1724 931 1749 lac.
948 1722 1084 1755 CXXVI,
1104 1727 1152 1749 696
1169 1732 1196 1750 w.
1209 1726 1248 1749 43.
1269 1739 1300 1742 —
1321 1723 1394 1755 June
1414 1724 1476 1757 ΒΨ.
1490 1726 1555 1749 3062
1573 1726 1670 1757 (2291).

638 1803 811 1827 IOHANNES
832 1801 1058 1835 (EPISCOPUSV
1076 1803 1234 1827 KAROLOa
1254 1803 1464 1827 IMPERATORI
1471 1806 1491 1827 a.

346 1853 474 1889 Quanta
498 1856 530 1884 et
553 1854 660 1895 qualia
684 1864 742 1895 per
765 1855 897 1895 impiam
929 1856 1059 1894 gentem
1092 1854 1252 1894 patiamur
1276 1852 1524 1893 Saracenorum,
1556 1853 1631 1894 quid
1663 1853 1780 1893 dicam,
1814 1854 1888 1894 quia

238 1904 378 1935 scribere
404 1905 538 1946 quilibet
562 1906 651 1936 stilus
674 1917 738 1937 non
761 1905 890 1945 sufficit,
915 1916 987 1936 oum
1011 1906 1117 1937 omnia
1141 1905 1227 1946 ligna
1251 1906 1416 1945 silvarum,
1441 1906 1467 1935 si
1491 1908 1655 1936 vertantur
1678 1906 1709 1935 in
1732 1906 1857 1946 linguas
1866 1907 1887 1946 ὅ,

239 1966 387 1987 enarrare
416 1968 479 1988 non
502 1957 669 1988 valeantb?
716 1957 860 1993 Quorum
893 1958 967 1999 quia
995 1968 1036 1988 ex
1064 1957 1112 1988 his
1144 1957 1283 1998 quedam
1312 1961 1418 1988 vestra
1449 1958 1512 1987 iam
1543 1956 1654 1988 didicit
1686 1957 1887 1997 excellentIa⁷

237 2007 454 2049 predisposuit
478 2010 656 2040 exercitum
681 2020 772 2041 suum
796 2009 837 2040 ad
860 2009 920 2040 hec
944 2009 1140 2040 removenda
1170 2019 1241 2040 cum
1266 2009 1372 2039 valida
1396 2020 1492 2040 manu
1517 2008 1656 2049 dirigere
1667 2009 1687 2040 7.
1737 2008 1806 2044 Quo
1830 2020 1888 2039 nos

239 2059 348 2090 audito
372 2071 448 2091 mox
477 2061 610 2091 elevatis
640 2061 786 2092 manibus
810 2061 984 2092 Dominum
1009 2061 1260 2092 collaudavimus
1285 2061 1416 2101 eiusque
1442 2061 1646 2091 clementiam
1671 2071 1727 2101 pro
1752 2061 1887 2101 imperio

238 2114 344 2142 vestro
373 2111 511 2151 letantes
539 2113 683 2153 protinus
716 2113 944 2144 exoravimus&
991 2112 1056 2143 Sed
1080 2115 1214 2154 quanto,
1246 2112 1290 2142 fili
1314 2112 1497 2151 karissime,
1528 2112 1618 2151 lqtati
1643 2122 1750 2142 sumus
1774 2112 1805 2142 in
1828 2112 1887 2151 his,

239 2173 300 2203 que
324 2162 409 2194 dicta
433 2167 504 2194 sunt
527 2164 631 2205 nobis,
655 2168 760 2205 tanto⁷
784 2165 860 2195 heu!
886 2164 1003 2195 tristati
1027 2167 1059 2195 et
1082 2165 1258 2203 amaricati,
1283 2165 1368 2205 quia,
1393 2175 1452 2205 que
1478 2163 1563 2194 dicta
1587 2167 1672 2203 sunt,
1696 2174 1802 2194 rorum
1825 2174 1887 2193 nou

238 2217 310 2245 sunt
327 2214 493 2246 effectibus
510 2219 706 2247 consumata.
740 2216 875 2247 Reversi
899 2217 1017 2257 quippe
1041 2219 1124 2255 sunt,
1147 2218 1182 2246 ut
1198 2215 1387 2254 audivimus⁷
1412 2219 1444 2246 et
1468 2215 1543 2246 solis
1567 2215 1700 2256 paganis
1724 2214 1886 2255 gaudium,

342 2309 366 2341 >:<)
387 2309 449 2336 add.
468 2318 539 2337 mem.
560 2311 714 2337 correctoris
733 2311 767 2338 R.

342 2369 384 2396 21.
410 2371 433 2403 a)
453 2373 537 2397 littera
557 2372 664 2397 initialis
677 2374 699 2398 G
718 2373 794 2404 deest,
811 2373 839 2397 in
857 2373 972 2405 vazaryine
991 2377 1088 2397 tamam
1102 2376 1269 2404 praenotata,
1290 2372 1321 2397 R.
1416 2370 1441 2403 b)
1461 2380 1472 2395 s
1491 2380 1558 2396 corr.
1571 2378 1601 2395 ex
1619 2374 1628 2394 t
1646 2370 1678 2394 B.
1774 2370 1797 2399 c)
1816 2377 1843 2393 -s
1863 2369 1888 2392 in

196 2424 222 2443 40
234 2414 290 2446 fine
308 2422 374 2439 eras.
388 2414 420 2438 R.
508 2413 533 2446 d)
552 2416 585 2440 -ti
605 2420 629 2440 et
647 2416 674 2440 in
692 2424 744 2441 ras.
759 2417 794 2441 al.
808 2424 876 2440 man.
892 2416 923 2440 R.
1012 2415 1034 2447 ε5)
1054 2416 1069 2440 b
1089 2424 1155 2440 corr.
1169 2423 1199 2439 eto
1218 2424 1234 2439 u
1254 2414 1286 2439 R.
1370 2413 1388 2445 s)
1409 2414 1435 2437 in
1453 2422 1506 2437 ras.
1520 2414 1554 2438 al.
1568 2422 1637 2438 man.
1660 2413 1689 2438 Π.
1773 2412 1797 2443 g)
1817 2420 1887 2444 opor-

240 2456 299 2481 titas
318 2456 350 2481 R.
438 2456 463 2489 h)
482 2467 558 2483 -nere
576 2459 603 2483 in
622 2467 674 2483 ras.
694 2459 724 2483 B.
812 2458 831 2490 i)
850 2468 900 2491 quo
920 2460 1031 2491 episcopi
1051 2458 1082 2483 B.
1171 2457 1197 2488 k)
1217 2467 1283 2482 corr.
1303 2466 1333 2482 esa
1351 2458 1450 2481 <limire
1469 2457 1501 2482 R.

345 2508 385 2534 22.
413 2508 436 2542 a)
456 2517 501 2535 -Lo
520 2517 599 2534 IMPE-
618 2511 646 2536 in
664 2520 716 2537 raa.
736 2511 768 2536 R.
856 2510 881 2541 b)
901 2511 987 2535 valeat
1007 2511 1037 2535 R.
1125 2509 1148 2541 ὓ)
1167 2518 1223 2534 -ra-
1244 2518 1325 2541 supra
1344 2509 1439 2533 lineam
1459 2508 1519 2532 add.
1539 2508 1573 2532 al.
1593 2516 1662 2531 man.
1682 2506 1713 2531 R.

345 2585 370 2619 1)
391 2585 431 2617 Cf.
450 2594 477 2611 n.
490 2589 521 2612 18
539 2588 561 2611 et
576 2590 650 2618 12:24
669 2589 762 2613 annot.
777 2592 801 2613 4.
889 2587 915 2619 2)
934 2586 977 2612 De
994 2594 1048 2619 qua
1067 2585 1102 2617 cf.
1116 2593 1142 2611 n.
1154 2588 1192 2617 10,
1208 2593 1234 2617 p.
1248 2588 1263 2611 9
1282 2587 1374 2610 annot.
1388 2588 1410 2610 5.
1497 2584 1523 2615 3)
1545 2582 1692 2608 Gradensis
1706 2580 1886 2613 patriarchae,

240 2627 275 2658 cf.
287 2635 315 2653 n.
331 2631 368 2654 18.
452 2629 478 2661 4)
498 2628 578 2654 Feliae
591 2629 834 2655 Methamaucensis
853 2629 997 2662 episcopus,
1015 2628 1048 2659 cf.
1067 2636 1094 2653 η.
1108 2632 1146 2659 18,
1162 2635 1191 2660 p.
1203 2630 1233 2653 16
1252 2628 1267 2653 I.
1282 2631 1321 2652 20.
1404 2627 1430 2659 5)
1450 2626 1545 2651 Petras
1561 2624 1726 2657 Equilienxis
1744 2624 1886 2656 episeopus,

198 2677 222 2696 45
241 2670 276 2701 cf.
295 2678 322 2696 n.
333 2673 374 2703 18,
388 2675 460 2703 1216
478 2671 494 2697 l.
508 2674 539 2697 22
548 2680 585 2704 sq.
668 2673 694 2705 6)
713 2672 817 2698 Similia
835 2674 979 2698 occurrunt
997 2671 1026 2696 in
1046 2670 1205 2704 Hieronymi
1223 2670 1309 2702 Epist.
1324 2674 1379 2700 108,
1394 2674 1406 2695 1
1427 2669 1531 2703 (Miyne
1551 2668 1654 2699 XXII,
1676 2668 1737 2697 873)
1756 2667 1790 2697 cf.
1805 2674 1830 2690 n.
1846 2670 1886 2697 tw,

239 2721 268 2746 p.
283 2716 314 2739 29
333 2713 347 2738 l.
362 2717 382 2738 1.
473 2714 499 2746 7)
521 2713 561 2746 Cf.
580 2723 606 2740 η.
622 2719 642 2747 1,
659 2723 688 2748 p.
702 2719 715 2740 1
735 2716 750 2741 I.
763 2719 795 2742 :26
803 2723 847 2748 sq„
867 2724 895 2741 π.
908 2718 932 2746 8,
949 2722 975 2747 1²·
991 2717 1007 2740 8
1026 2714 1042 2740 l.
1057 2717 1070 2739 1
1082 2721 1118 2746 sq.

1902 821 1976 843 Matth.
1989 823 2020 847 10,
2031 824 2062 842 37.
