<?xml version="1.0" encoding="UTF-8"?>
<!DOCTYPE html PUBLIC "-//W3C//DTD XHTML 1.0 Transitional//EN"
    "http://www.w3.org/TR/xhtml1/DTD/xhtml1-transitional.dtd">
<html xmlns="http://www.w3.org/1999/xhtml" xml:lang="en" lang="en">
 <head>
  <title>
</title>
<meta http-equiv="Content-Type" content="text/html;charset=utf-8" />
  <meta name='ocr-system' content='tesseract 3.04.00' />
  <meta name='ocr-capabilities' content='ocr_page ocr_carea ocr_par ocr_line ocrx_word'/>
</head>
<body>
  <div class='ocr_page' id='page_1' title='image "./monumentagerman07geseuoft_0446.png"; bbox 0 0 2189 3042; ppageno 0'>
   <div class='ocr_carea' id='block_1_1' title="bbox 293 115 1701 152">
    <p class='ocr_par' dir='ltr' id='par_1_1' title="bbox 293 115 1701 152">
     <span class='ocr_line' id='line_1_1' title="bbox 293 115 1701 152; baseline -0.001 -8"><span class='ocrx_word' id='word_1_1' title='bbox 293 124 353 152; x_wconf 59' lang='lat'>405</span> <span class='ocrx_word' id='word_1_2' title='bbox 528 117 719 144; x_wconf 63' lang='lat' dir='ltr'>ANASTASH</span> <span class='ocrx_word' id='word_1_3' title='bbox 741 115 1040 142; x_wconf 79' lang='lat' dir='ltr'>BIBLIO‘I&#39;HECARH</span> <span class='ocrx_word' id='word_1_4' title='bbox 1061 115 1260 142; x_wconf 84' lang='lat' dir='ltr'>EPlSTOLAE</span> <span class='ocrx_word' id='word_1_5' title='bbox 1279 115 1360 142; x_wconf 82' lang='lat' dir='ltr'>SlVE</span> <span class='ocrx_word' id='word_1_6' title='bbox 1383 115 1659 143; x_wconf 70' lang='lat' dir='ltr'>PRAEFATiONEs</span> <span class='ocrx_word' id='word_1_7' title='bbox 1677 119 1701 143; x_wconf 86' lang='lat'>5.</span> 
     </span>
    </p>
   </div>
   <div class='ocr_carea' id='block_1_2' title="bbox 79 201 1998 1998">
    <p class='ocr_par' dir='ltr' id='par_1_2' title="bbox 79 201 1998 1998">
     <span class='ocr_line' id='line_1_2' title="bbox 290 201 1943 245; baseline -0.001 -9"><span class='ocrx_word' id='word_1_8' title='bbox 290 217 349 236; x_wconf 82' lang='lat' dir='ltr'>non</span> <span class='ocrx_word' id='word_1_9' title='bbox 376 206 519 245; x_wconf 78' lang='lat' dir='ltr'>recipere</span> <span class='ocrx_word' id='word_1_10' title='bbox 551 206 762 244; x_wconf 79' lang='lat' dir='ltr'>proposuerat</span> <span class='ocrx_word' id='word_1_11' title='bbox 792 209 823 232; x_wconf 89' lang='lat' dir='ltr'>et</span> <span class='ocrx_word' id='word_1_12' title='bbox 852 203 1028 242; x_wconf 87' lang='lat' dir='ltr'>imperator</span> <span class='ocrx_word' id='word_1_13' title='bbox 1057 206 1179 232; x_wconf 88' lang='lat' dir='ltr'>tantum</span> <span class='ocrx_word' id='word_1_14' title='bbox 1204 221 1228 223; x_wconf 39' lang='lat' dir='ltr'>v</span> <span class='ocrx_word' id='word_1_15' title='bbox 1255 204 1326 242; x_wconf 87' lang='lat' dir='ltr'>pro!</span> <span class='ocrx_word' id='word_1_16' title='bbox 1345 220 1383 224; x_wconf 89' lang='lat'>—-</span> <span class='ocrx_word' id='word_1_17' title='bbox 1400 202 1489 233; x_wconf 83' lang='lat' dir='ltr'>nefas</span> <span class='ocrx_word' id='word_1_18' title='bbox 1521 207 1552 233; x_wconf 90' lang='lat' dir='ltr'>et</span> <span class='ocrx_word' id='word_1_19' title='bbox 1574 201 1692 243; x_wconf 89' lang='lat' dir='ltr'>ubique</span> <span class='ocrx_word' id='word_1_20' title='bbox 1722 203 1900 244; x_wconf 87' lang='lat' dir='ltr'>dispersum</span> <span class='ocrx_word' id='word_1_21' title='bbox 1924 215 1943 235; x_wconf 85' lang='lat' dir='ltr'>a</span> 
     </span>
     <span class='ocr_line' id='line_1_3' title="bbox 292 253 1943 295; baseline 0 -8"><span class='ocrx_word' id='word_1_22' title='bbox 292 257 409 287; x_wconf 74' lang='lat' dir='ltr'>Christi</span> <span class='ocrx_word' id='word_1_23' title='bbox 434 256 569 286; x_wconf 81' lang='lat' dir='ltr'>ecclesia</span> <span class='ocrx_word' id='word_1_24' title='bbox 593 254 736 295; x_wconf 86' lang='lat' dir='ltr'>generali</span> <span class='ocrx_word' id='word_1_25' title='bbox 760 253 930 294; x_wconf 86' lang='lat' dir='ltr'>satagebat</span> <span class='ocrx_word' id='word_1_26' title='bbox 955 253 1118 284; x_wconf 87' lang='lat' dir='ltr'>eradicare</span> <span class='ocrx_word' id='word_1_27' title='bbox 1144 254 1313 293; x_wconf 81' lang='lat' dir='ltr'>sententia,</span> <span class='ocrx_word' id='word_1_28' title='bbox 1338 254 1439 284; x_wconf 89' lang='lat' dir='ltr'>visum</span> <span class='ocrx_word' id='word_1_29' title='bbox 1464 258 1512 284; x_wconf 87' lang='lat' dir='ltr'>est</span> <span class='ocrx_word' id='word_1_30' title='bbox 1535 255 1661 294; x_wconf 86' lang='lat' dir='ltr'>utrique</span> <span class='ocrx_word' id='word_1_31' title='bbox 1686 253 1823 285; x_wconf 80' lang='lat' dir='ltr'><strong>Romam</strong></span> <span class='ocrx_word' id='word_1_32' title='bbox 1848 259 1880 286; x_wconf 88' lang='lat' dir='ltr'>et</span> <span class='ocrx_word' id='word_1_33' title='bbox 1902 256 1943 287; x_wconf 87' lang='lat' dir='ltr'>ad</span> 
     </span>
     <span class='ocr_line' id='line_1_4' title="bbox 289 304 1944 346; baseline -0.001 -8"><span class='ocrx_word' id='word_1_34' title='bbox 289 308 347 338; x_wconf 83' lang='lat' dir='ltr'>tria</span> <span class='ocrx_word' id='word_1_35' title='bbox 366 307 506 337; x_wconf 82' lang='lat' dir='ltr'>Orientis</span> <span class='ocrx_word' id='word_1_36' title='bbox 523 306 717 346; x_wconf 78' lang='lat' dir='ltr'>patriarchia</span> <span class='ocrx_word' id='word_1_37' title='bbox 741 305 809 336; x_wconf 87' lang='lat' dir='ltr'>fore</span> <span class='ocrx_word' id='word_1_38' title='bbox 830 305 1020 336; x_wconf 86' lang='lat' dir='ltr'>mittendum</span> <span class='ocrx_word' id='word_1_39' title='bbox 1039 308 1071 336; x_wconf 93' lang='lat' dir='ltr'>et</span> <span class='ocrx_word' id='word_1_40' title='bbox 1087 315 1106 335; x_wconf 88' lang='lat' dir='ltr'>a</span> <span class='ocrx_word' id='word_1_41' title='bbox 1122 304 1227 335; x_wconf 83' lang='lat' dir='ltr'>Roma</span> <span class='ocrx_word' id='word_1_42' title='bbox 1244 304 1373 346; x_wconf 90' lang='lat' dir='ltr'>quidem</span> <span class='ocrx_word' id='word_1_43' title='bbox 1392 305 1522 336; x_wconf 85' lang='lat' dir='ltr'>decreta</span> <span class='ocrx_word' id='word_1_44' title='bbox 1540 305 1774 346; x_wconf 84' lang='lat' dir='ltr'>dispensatoria</span> <span class='ocrx_word' id='word_1_45' title='bbox 1798 308 1839 341; x_wconf 80' lang='lat' dir='ltr'>et,</span> <span class='ocrx_word' id='word_1_46' title='bbox 1863 307 1944 338; x_wconf 84' lang='lat' dir='ltr'>sicut</span> 
     </span>
     <span class='ocr_line' id='line_1_5' title="bbox 289 356 1943 399; baseline 0 -10"><span class='ocrx_word' id='word_1_47' title='bbox 289 364 379 390; x_wconf 85' lang='lat' dir='ltr'>erant</span> <span class='ocrx_word' id='word_1_48' title='bbox 402 359 567 399; x_wconf 87' lang='lat' dir='ltr'>culparum</span> <span class='ocrx_word' id='word_1_49' title='bbox 593 367 825 398; x_wconf 81' lang='lat' dir='ltr'>causarumque</span> <span class='ocrx_word' id='word_1_50' title='bbox 851 356 1070 396; x_wconf 43' lang='lat' dir='ltr'>discretiones</span> <span class='ocrx_word' id='word_1_51' title='bbox 1086 357 1130 387; x_wconf 90' lang='lat' dir='ltr'>ita</span> <span class='ocrx_word' id='word_1_52' title='bbox 1155 361 1187 387; x_wconf 88' lang='lat' dir='ltr'>et</span> <span class='ocrx_word' id='word_1_53' title='bbox 1208 366 1384 397; x_wconf 88' lang='lat' dir='ltr'>poenarum</span> <span class='ocrx_word' id='word_1_54' title='bbox 1403 357 1574 397; x_wconf 88' lang='lat' dir='ltr'>qualitates</span> <span class='ocrx_word' id='word_1_55' title='bbox 1591 356 1853 388; x_wconf 72' lang='lat' dir='ltr'>iudicandarum³</span> <span class='ocrx_word' id='word_1_56' title='bbox 1869 368 1943 389; x_wconf 91' lang='lat' dir='ltr'>nec-</span> 
     </span>
     <span class='ocr_line' id='line_1_6' title="bbox 288 407 1995 450; baseline 0 -10"><span class='ocrx_word' id='word_1_57' title='bbox 288 421 350 440; x_wconf 89' lang='lat' dir='ltr'>non</span> <span class='ocrx_word' id='word_1_58' title='bbox 374 412 406 440; x_wconf 88' lang='lat' dir='ltr'>et</span> <span class='ocrx_word' id='word_1_59' title='bbox 430 420 582 450; x_wconf 73' lang='lat' dir='ltr'>personas</span> <span class='ocrx_word' id='word_1_60' title='bbox 600 409 666 439; x_wconf 83' lang='lat' dir='ltr'>viee</span> <span class='ocrx_word' id='word_1_61' title='bbox 684 408 873 449; x_wconf 79' lang='lat' dir='ltr'>fungentesb</span> <span class='ocrx_word' id='word_1_62' title='bbox 891 407 1069 448; x_wconf 87' lang='lat' dir='ltr'>apostolica</span> <span class='ocrx_word' id='word_1_63' title='bbox 1087 407 1324 448; x_wconf 82' lang='lat' dir='ltr'>postulandum,</span> <span class='ocrx_word' id='word_1_64' title='bbox 1342 418 1360 438; x_wconf 87' lang='lat' dir='ltr'>a</span> <span class='ocrx_word' id='word_1_65' title='bbox 1378 408 1499 439; x_wconf 81' lang='lat' dir='ltr'>thronis</span> <span class='ocrx_word' id='word_1_66' title='bbox 1518 412 1626 439; x_wconf 90' lang='lat' dir='ltr'>autem</span> <span class='ocrx_word' id='word_1_67' title='bbox 1644 408 1852 439; x_wconf 78' lang='lat' dir='ltr'>orientalibus</span> <span class='ocrx_word' id='word_1_68' title='bbox 1869 419 1942 439; x_wconf 83' lang='lat' dir='ltr'>con-</span> <span class='ocrx_word' id='word_1_69' title='bbox 1983 421 1995 440; x_wconf 78' lang='lat'>⁵</span> 
     </span>
     <span class='ocr_line' id='line_1_7' title="bbox 286 458 1945 500; baseline 0 -9"><span class='ocrx_word' id='word_1_70' title='bbox 286 472 396 492; x_wconf 89' lang='lat' dir='ltr'>sensus</span> <span class='ocrx_word' id='word_1_71' title='bbox 419 461 624 491; x_wconf 67' lang='lat' dir='ltr'>nihilominus</span> <span class='ocrx_word' id='word_1_72' title='bbox 649 464 681 490; x_wconf 91' lang='lat' dir='ltr'>et</span> <span class='ocrx_word' id='word_1_73' title='bbox 704 470 857 500; x_wconf 83' lang='lat' dir='ltr'>personas</span> <span class='ocrx_word' id='word_1_74' title='bbox 882 459 1073 490; x_wconf 86' lang='lat' dir='ltr'>ducendum.</span> <span class='ocrx_word' id='word_1_75' title='bbox 1113 458 1196 490; x_wconf 87' lang='lat' dir='ltr'>Sane</span> <span class='ocrx_word' id='word_1_76' title='bbox 1222 459 1425 498; x_wconf 71' lang='lat' dir='ltr'>notandum¹‚</span> <span class='ocrx_word' id='word_1_77' title='bbox 1449 460 1522 500; x_wconf 86' lang='lat' dir='ltr'>quia</span> <span class='ocrx_word' id='word_1_78' title='bbox 1545 460 1644 491; x_wconf 92' lang='lat' dir='ltr'>ceteri</span> <span class='ocrx_word' id='word_1_79' title='bbox 1667 460 1771 490; x_wconf 85' lang='lat' dir='ltr'>throni</span> <span class='ocrx_word' id='word_1_80' title='bbox 1796 460 1839 490; x_wconf 90' lang='lat' dir='ltr'>nil</span> <span class='ocrx_word' id='word_1_81' title='bbox 1863 460 1945 492; x_wconf 88' lang='lat' dir='ltr'>inter</span> 
     </span>
     <span class='ocr_line' id='line_1_8' title="bbox 287 510 1944 554; baseline -0.001 -11"><span class='ocrx_word' id='word_1_82' title='bbox 287 514 474 553; x_wconf 75' lang='lat' dir='ltr'>Agnrenos⁰</span> <span class='ocrx_word' id='word_1_83' title='bbox 490 513 585 554; x_wconf 86' lang='lat' dir='ltr'>positi</span> <span class='ocrx_word' id='word_1_84' title='bbox 601 522 698 553; x_wconf 86' lang='lat' dir='ltr'>super</span> <span class='ocrx_word' id='word_1_85' title='bbox 714 511 773 542; x_wconf 92' lang='lat' dir='ltr'>hoc</span> <span class='ocrx_word' id='word_1_86' title='bbox 792 511 920 552; x_wconf 77' lang='lat' dir='ltr'>negotio</span> <span class='ocrx_word' id='word_1_87' title='bbox 938 521 1103 551; x_wconf 78' lang='lat' dir='ltr'>sumpsere</span> <span class='ocrx_word' id='word_1_88' title='bbox 1121 510 1249 549; x_wconf 87' lang='lat' dir='ltr'>laboris,</span> <span class='ocrx_word' id='word_1_89' title='bbox 1275 510 1332 542; x_wconf 89' lang='lat' dir='ltr'>sed</span> <span class='ocrx_word' id='word_1_90' title='bbox 1351 514 1423 552; x_wconf 89' lang='lat' dir='ltr'>post</span> <span class='ocrx_word' id='word_1_91' title='bbox 1439 510 1750 552; x_wconf 82' lang='lat' dir='ltr'>Constantinopolim</span> <span class='ocrx_word' id='word_1_92' title='bbox 1768 512 1944 552; x_wconf 89' lang='lat' dir='ltr'>venientes,</span> 
     </span>
     <span class='ocr_line' id='line_1_9' title="bbox 286 562 1943 606; baseline 0 -12"><span class='ocrx_word' id='word_1_93' title='bbox 286 564 371 606; x_wconf 83' lang='lat' dir='ltr'>quod</span> <span class='ocrx_word' id='word_1_94' title='bbox 397 575 414 595; x_wconf 90' lang='lat' dir='ltr'>a</span> <span class='ocrx_word' id='word_1_95' title='bbox 439 563 516 595; x_wconf 89' lang='lat' dir='ltr'>sede</span> <span class='ocrx_word' id='word_1_96' title='bbox 541 564 717 604; x_wconf 87' lang='lat' dir='ltr'>apostolica</span> <span class='ocrx_word' id='word_1_97' title='bbox 740 563 845 595; x_wconf 86' lang='lat' dir='ltr'>fuerat</span> <span class='ocrx_word' id='word_1_98' title='bbox 869 562 1071 594; x_wconf 85' lang='lat' dir='ltr'>elaboratum</span> <span class='ocrx_word' id='word_1_99' title='bbox 1088 566 1185 604; x_wconf 86' lang='lat' dir='ltr'>atque</span> <span class='ocrx_word' id='word_1_100' title='bbox 1205 562 1382 601; x_wconf 81' lang='lat' dir='ltr'>decretum⁷</span> <span class='ocrx_word' id='word_1_101' title='bbox 1407 567 1594 594; x_wconf 83' lang='lat' dir='ltr'>reverenter</span> <span class='ocrx_word' id='word_1_102' title='bbox 1611 562 1783 593; x_wconf 87' lang='lat' dir='ltr'>admittunt</span> <span class='ocrx_word' id='word_1_103' title='bbox 1800 566 1832 594; x_wconf 92' lang='lat' dir='ltr'>et</span> <span class='ocrx_word' id='word_1_104' title='bbox 1850 573 1943 604; x_wconf 88' lang='lat' dir='ltr'>prae-</span> 
     </span>
     <span class='ocr_line' id='line_1_10' title="bbox 286 614 1946 656; baseline 0 -11"><span class='ocrx_word' id='word_1_105' title='bbox 286 617 384 646; x_wconf 84' lang='lat' dir='ltr'>coniis</span> <span class='ocrx_word' id='word_1_106' title='bbox 409 616 496 646; x_wconf 84' lang='lat' dir='ltr'>miris</span> <span class='ocrx_word' id='word_1_107' title='bbox 521 614 670 646; x_wconf 78' lang='lat' dir='ltr'>attollunt</span> <span class='ocrx_word' id='word_1_108' title='bbox 686 619 782 656; x_wconf 87' lang='lat' dir='ltr'>atque</span> <span class='ocrx_word' id='word_1_109' title='bbox 808 614 880 645; x_wconf 90' lang='lat' dir='ltr'>huic</span> <span class='ocrx_word' id='word_1_110' title='bbox 897 614 1083 645; x_wconf 86' lang='lat' dir='ltr'>addendum</span> <span class='ocrx_word' id='word_1_111' title='bbox 1101 614 1372 645; x_wconf 81' lang='lat' dir='ltr'>minuendumved</span> <span class='ocrx_word' id='word_1_112' title='bbox 1389 614 1432 645; x_wconf 89' lang='lat' dir='ltr'>nil</span> <span class='ocrx_word' id='word_1_113' title='bbox 1450 615 1578 645; x_wconf 91' lang='lat' dir='ltr'>omnino</span> <span class='ocrx_word' id='word_1_114' title='bbox 1596 614 1780 646; x_wconf 88' lang='lat' dir='ltr'>decernunt.</span> <span class='ocrx_word' id='word_1_115' title='bbox 1811 614 1946 645; x_wconf 72' lang='lat' dir='ltr'>Mittitur</span> 
     </span>
     <span class='ocr_line' id='line_1_11' title="bbox 287 665 1998 708; baseline 0 -11"><span class='ocrx_word' id='word_1_116' title='bbox 287 668 396 708; x_wconf 82' lang='lat' dir='ltr'>itaque</span> <span class='ocrx_word' id='word_1_117' title='bbox 420 667 577 698; x_wconf 79' lang='lat' dir='ltr'>Romam²</span> <span class='ocrx_word' id='word_1_118' title='bbox 602 678 620 697; x_wconf 85' lang='lat' dir='ltr'>a</span> <span class='ocrx_word' id='word_1_119' title='bbox 644 671 735 707; x_wconf 87' lang='lat' dir='ltr'>parte</span> <span class='ocrx_word' id='word_1_120' title='bbox 761 666 891 708; x_wconf 88' lang='lat' dir='ltr'>quidem</span> <span class='ocrx_word' id='word_1_121' title='bbox 912 665 1028 706; x_wconf 80' lang='lat' dir='ltr'>Ignatii</span> <span class='ocrx_word' id='word_1_122' title='bbox 1052 665 1210 696; x_wconf 86' lang='lat' dir='ltr'>lohannes</span> <span class='ocrx_word' id='word_1_123' title='bbox 1234 666 1440 706; x_wconf 87' lang='lat' dir='ltr'>metropolita</span> <span class='ocrx_word' id='word_1_124' title='bbox 1458 665 1555 707; x_wconf 75' lang='lat' dir='ltr'>sylei,</span> <span class='ocrx_word' id='word_1_125' title='bbox 1582 667 1635 707; x_wconf 91' lang='lat' dir='ltr'>qui</span> <span class='ocrx_word' id='word_1_126' title='bbox 1660 670 1692 696; x_wconf 90' lang='lat' dir='ltr'>et</span> <span class='ocrx_word' id='word_1_127' title='bbox 1708 666 1831 708; x_wconf 88' lang='lat' dir='ltr'>Perges</span> <span class='ocrx_word' id='word_1_128' title='bbox 1848 666 1944 697; x_wconf 86' lang='lat' dir='ltr'>Pam·</span> <span class='ocrx_word' id='word_1_129' title='bbox 1974 678 1998 696; x_wconf 82' lang='grc' dir='ltr'>ιο</span> 
     </span>
     <span class='ocr_line' id='line_1_12' title="bbox 286 717 1946 760; baseline -0.001 -11"><span class='ocrx_word' id='word_1_130' title='bbox 286 719 434 760; x_wconf 75' lang='lat' dir='ltr'>phyliaee</span> <span class='ocrx_word' id='word_1_131' title='bbox 459 722 608 759; x_wconf 81' lang='lat' dir='ltr'>praeerat</span> <span class='ocrx_word' id='word_1_132' title='bbox 631 718 798 758; x_wconf 79' lang='lat' dir='ltr'>ecclesiae,</span> <span class='ocrx_word' id='word_1_133' title='bbox 823 729 841 749; x_wconf 92' lang='lat' dir='ltr'>a</span> <span class='ocrx_word' id='word_1_134' title='bbox 866 721 956 759; x_wconf 84' lang='lat' dir='ltr'>parte</span> <span class='ocrx_word' id='word_1_135' title='bbox 982 728 1058 748; x_wconf 88' lang='lat' dir='ltr'>vero</span> <span class='ocrx_word' id='word_1_136' title='bbox 1075 717 1184 748; x_wconf 90' lang='lat' dir='ltr'>Photii</span> <span class='ocrx_word' id='word_1_137' title='bbox 1202 717 1318 749; x_wconf 89' lang='lat' dir='ltr'>Petrus</span> <span class='ocrx_word' id='word_1_138' title='bbox 1334 717 1542 758; x_wconf 77' lang='lat' dir='ltr'>metropolita</span> <span class='ocrx_word' id='word_1_139' title='bbox 1559 717 1736 755; x_wconf 80' lang='lat' dir='ltr'>Sardensis‚</span> <span class='ocrx_word' id='word_1_140' title='bbox 1761 718 1815 758; x_wconf 93' lang='lat' dir='ltr'>qui</span> <span class='ocrx_word' id='word_1_141' title='bbox 1835 721 1946 749; x_wconf 86' lang='lat' dir='ltr'>contra</span> 
     </span>
     <span class='ocr_line' id='line_1_13' title="bbox 285 769 1944 811; baseline -0.001 -10"><span class='ocrx_word' id='word_1_142' title='bbox 285 770 447 811; x_wconf 88' lang='lat' dir='ltr'>Ignatium</span> <span class='ocrx_word' id='word_1_143' title='bbox 472 781 542 801; x_wconf 90' lang='lat' dir='ltr'>cum</span> <span class='ocrx_word' id='word_1_144' title='bbox 567 771 630 801; x_wconf 76' lang='lat' dir='ltr'>iam</span> <span class='ocrx_word' id='word_1_145' title='bbox 648 774 824 801; x_wconf 85' lang='lat' dir='ltr'>memorato</span> <span class='ocrx_word' id='word_1_146' title='bbox 842 769 999 810; x_wconf 80' lang='lat' dir='ltr'>Gregorio</span> <span class='ocrx_word' id='word_1_147' title='bbox 1017 773 1129 800; x_wconf 82' lang='lat' dir='ltr'>auctor</span> <span class='ocrx_word' id='word_1_148' title='bbox 1145 769 1247 800; x_wconf 85' lang='lat' dir='ltr'>factus</span> <span class='ocrx_word' id='word_1_149' title='bbox 1264 769 1370 800; x_wconf 87' lang='lat' dir='ltr'>fuerat</span> <span class='ocrx_word' id='word_1_150' title='bbox 1389 769 1626 800; x_wconf 87' lang='lat' dir='ltr'>ecclesiasticae</span> <span class='ocrx_word' id='word_1_151' title='bbox 1644 770 1813 800; x_wconf 78' lang='lat' dir='ltr'>scissionis.</span> <span class='ocrx_word' id='word_1_152' title='bbox 1842 770 1944 800; x_wconf 88' lang='lat' dir='ltr'>Porro</span> 
     </span>
     <span class='ocr_line' id='line_1_14' title="bbox 285 821 1945 863; baseline -0.001 -10"><span class='ocrx_word' id='word_1_153' title='bbox 285 832 304 853; x_wconf 90' lang='lat' dir='ltr'>a</span> <span class='ocrx_word' id='word_1_154' title='bbox 333 823 475 863; x_wconf 85' lang='lat' dir='ltr'>principe</span> <span class='ocrx_word' id='word_1_155' title='bbox 511 822 689 853; x_wconf 79' lang='lat' dir='ltr'>destinatur</span> <span class='ocrx_word' id='word_1_156' title='bbox 718 822 824 863; x_wconf 81' lang='lat' dir='ltr'>regius</span> <span class='ocrx_word' id='word_1_157' title='bbox 855 821 1035 862; x_wconf 81' lang='lat' dir='ltr'>spatharius</span> <span class='ocrx_word' id='word_1_158' title='bbox 1066 821 1203 852; x_wconf 76' lang='lat' dir='ltr'>Basilius</span> <span class='ocrx_word' id='word_1_159' title='bbox 1240 821 1383 860; x_wconf 81' lang='lat' dir='ltr'>nomine,</span> <span class='ocrx_word' id='word_1_160' title='bbox 1421 821 1474 862; x_wconf 92' lang='lat' dir='ltr'>qui</span> <span class='ocrx_word' id='word_1_161' title='bbox 1505 821 1587 851; x_wconf 91' lang='lat' dir='ltr'>inter</span> <span class='ocrx_word' id='word_1_162' title='bbox 1619 824 1789 862; x_wconf 88' lang='lat' dir='ltr'>utramque</span> <span class='ocrx_word' id='word_1_163' title='bbox 1819 825 1945 862; x_wconf 88' lang='lat' dir='ltr'>partem</span> 
     </span>
     <span class='ocr_line' id='line_1_15' title="bbox 285 872 1944 914; baseline -0.001 -9"><span class='ocrx_word' id='word_1_164' title='bbox 285 884 392 905; x_wconf 88' lang='lat' dir='ltr'>coram</span> <span class='ocrx_word' id='word_1_165' title='bbox 417 873 493 904; x_wconf 88' lang='lat' dir='ltr'>sede</span> <span class='ocrx_word' id='word_1_166' title='bbox 519 874 695 914; x_wconf 86' lang='lat' dir='ltr'>apostolica</span> <span class='ocrx_word' id='word_1_167' title='bbox 720 873 844 904; x_wconf 90' lang='lat' dir='ltr'>medius</span> <span class='ocrx_word' id='word_1_168' title='bbox 868 873 1040 904; x_wconf 84' lang='lat' dir='ltr'>haberetur</span> <span class='ocrx_word' id='word_1_169' title='bbox 1060 876 1092 903; x_wconf 91' lang='lat' dir='ltr'>et</span> <span class='ocrx_word' id='word_1_170' title='bbox 1115 872 1218 904; x_wconf 88' lang='lat' dir='ltr'>fidelis</span> <span class='ocrx_word' id='word_1_171' title='bbox 1244 883 1366 911; x_wconf 89' lang='lat' dir='ltr'>eorum,</span> <span class='ocrx_word' id='word_1_172' title='bbox 1384 882 1467 914; x_wconf 88' lang='lat' dir='ltr'>quae</span> <span class='ocrx_word' id='word_1_173' title='bbox 1492 872 1586 903; x_wconf 87' lang='lat' dir='ltr'>sedes</span> <span class='ocrx_word' id='word_1_174' title='bbox 1604 872 1719 904; x_wconf 85' lang='lat' dir='ltr'>eadem</span> <span class='ocrx_word' id='word_1_175' title='bbox 1739 872 1944 912; x_wconf 85' lang='lat' dir='ltr'>decrevisset⁷</span> 
     </span>
     <span class='ocr_line' id='line_1_16' title="bbox 285 924 1997 966; baseline -0.001 -10"><span class='ocrx_word' id='word_1_176' title='bbox 285 925 412 956; x_wconf 85' lang='lat' dir='ltr'>auditor</span> <span class='ocrx_word' id='word_1_177' title='bbox 436 930 468 956; x_wconf 87' lang='lat' dir='ltr'>et</span> <span class='ocrx_word' id='word_1_178' title='bbox 491 926 627 956; x_wconf 64' lang='lat' dir='ltr'>nuntius</span> <span class='ocrx_word' id='word_1_179' title='bbox 656 924 719 956; x_wconf 78' lang='lat' dir='ltr'>Sed</span> <span class='ocrx_word' id='word_1_180' title='bbox 743 924 859 956; x_wconf 87' lang='lat' dir='ltr'>Petrus</span> <span class='ocrx_word' id='word_1_181' title='bbox 883 925 1024 966; x_wconf 75' lang='lat' dir='ltr'>quidem,</span> <span class='ocrx_word' id='word_1_182' title='bbox 1048 924 1123 955; x_wconf 88' lang='lat' dir='ltr'>licet</span> <span class='ocrx_word' id='word_1_183' title='bbox 1147 934 1230 955; x_wconf 85' lang='lat' dir='ltr'>nova</span> <span class='ocrx_word' id='word_1_184' title='bbox 1254 926 1327 955; x_wconf 86' lang='lat' dir='ltr'>navi</span> <span class='ocrx_word' id='word_1_185' title='bbox 1351 928 1383 955; x_wconf 89' lang='lat' dir='ltr'>et</span> <span class='ocrx_word' id='word_1_186' title='bbox 1407 934 1504 966; x_wconf 88' lang='lat' dir='ltr'>quam</span> <span class='ocrx_word' id='word_1_187' title='bbox 1524 925 1593 966; x_wconf 91' lang='lat' dir='ltr'>ipse</span> <span class='ocrx_word' id='word_1_188' title='bbox 1610 924 1669 955; x_wconf 88' lang='lat' dir='ltr'>sibi</span> <span class='ocrx_word' id='word_1_189' title='bbox 1687 924 1832 965; x_wconf 85' lang='lat' dir='ltr'>elegerat</span> <span class='ocrx_word' id='word_1_190' title='bbox 1846 924 1945 956; x_wconf 88' lang='lat' dir='ltr'>vehe-</span> <span class='ocrx_word' id='word_1_191' title='bbox 1974 935 1997 955; x_wconf 69' lang='grc' dir='ltr'>ιε</span> 
     </span>
     <span class='ocr_line' id='line_1_17' title="bbox 284 976 1946 1018; baseline -0.001 -10"><span class='ocrx_word' id='word_1_192' title='bbox 284 980 382 1013; x_wconf 77' lang='lat' dir='ltr'>retur,</span> <span class='ocrx_word' id='word_1_193' title='bbox 416 977 616 1018; x_wconf 81' lang='lat' dir='ltr'>naufragium</span> <span class='ocrx_word' id='word_1_194' title='bbox 650 977 742 1008; x_wconf 89' lang='lat' dir='ltr'>simul</span> <span class='ocrx_word' id='word_1_195' title='bbox 775 980 808 1007; x_wconf 90' lang='lat' dir='ltr'>et</span> <span class='ocrx_word' id='word_1_196' title='bbox 839 978 950 1008; x_wconf 87' lang='lat' dir='ltr'>mortis</span> <span class='ocrx_word' id='word_1_197' title='bbox 982 976 1158 1017; x_wconf 89' lang='lat' dir='ltr'>periculum</span> <span class='ocrx_word' id='word_1_198' title='bbox 1191 976 1330 1017; x_wconf 77' lang='lat' dir='ltr'>pertulit⁷</span> <span class='ocrx_word' id='word_1_199' title='bbox 1361 979 1393 1007; x_wconf 90' lang='lat' dir='ltr'>et</span> <span class='ocrx_word' id='word_1_200' title='bbox 1422 977 1475 1017; x_wconf 92' lang='lat' dir='ltr'>qui</span> <span class='ocrx_word' id='word_1_201' title='bbox 1510 977 1616 1007; x_wconf 87' lang='lat' dir='ltr'>navim</span> <span class='ocrx_word' id='word_1_202' title='bbox 1647 976 1774 1016; x_wconf 74' lang='lat' dir='ltr'>Christi,</span> <span class='ocrx_word' id='word_1_203' title='bbox 1806 976 1867 1007; x_wconf 91' lang='lat' dir='ltr'>hoc</span> <span class='ocrx_word' id='word_1_204' title='bbox 1897 979 1946 1007; x_wconf 89' lang='lat' dir='ltr'>est</span> 
     </span>
     <span class='ocr_line' id='line_1_18' title="bbox 285 1027 1944 1069; baseline -0.001 -9"><span class='ocrx_word' id='word_1_205' title='bbox 285 1028 479 1068; x_wconf 74' lang='lat' dir='ltr'>eeclesiamf,</span> <span class='ocrx_word' id='word_1_206' title='bbox 497 1028 643 1063; x_wconf 76' lang='lat' dir='ltr'>sciderat,</span> <span class='ocrx_word' id='word_1_207' title='bbox 661 1029 749 1060; x_wconf 89' lang='lat' dir='ltr'>navis</span> <span class='ocrx_word' id='word_1_208' title='bbox 768 1039 845 1059; x_wconf 86' lang='lat' dir='ltr'>suae</span> <span class='ocrx_word' id='word_1_209' title='bbox 870 1029 1053 1059; x_wconf 80' lang='lat' dir='ltr'>scissionem</span> <span class='ocrx_word' id='word_1_210' title='bbox 1078 1039 1141 1059; x_wconf 90' lang='lat' dir='ltr'>non</span> <span class='ocrx_word' id='word_1_211' title='bbox 1162 1028 1424 1059; x_wconf 85' lang='lat' dir='ltr'>inconvenienter</span> <span class='ocrx_word' id='word_1_212' title='bbox 1440 1028 1578 1059; x_wconf 85' lang='lat' dir='ltr'>incurrit.</span> <span class='ocrx_word' id='word_1_213' title='bbox 1609 1027 1717 1059; x_wconf 89' lang='lat' dir='ltr'>Ceteri</span> <span class='ocrx_word' id='word_1_214' title='bbox 1734 1038 1810 1059; x_wconf 89' lang='lat' dir='ltr'>sane</span> <span class='ocrx_word' id='word_1_215' title='bbox 1827 1028 1944 1069; x_wconf 66' lang='lat' dir='ltr'>legati&#39;g</span> 
     </span>
     <span class='ocr_line' id='line_1_19' title="bbox 283 1079 1944 1121; baseline -0.001 -10"><span class='ocrx_word' id='word_1_216' title='bbox 283 1080 422 1112; x_wconf 86' lang='lat' dir='ltr'>Romam</span> <span class='ocrx_word' id='word_1_217' title='bbox 445 1081 670 1121; x_wconf 82' lang='lat' dir='ltr'>pervenientes</span> <span class='ocrx_word' id='word_1_218' title='bbox 694 1080 846 1120; x_wconf 83' lang='lat' dir='ltr'>epistolas</span> <span class='ocrx_word' id='word_1_219' title='bbox 871 1084 903 1111; x_wconf 84' lang='lat' dir='ltr'>et</span> <span class='ocrx_word' id='word_1_220' title='bbox 933 1079 1103 1121; x_wconf 83' lang='lat' dir='ltr'>profanum</span> <span class='ocrx_word' id='word_1_221' title='bbox 1134 1079 1311 1119; x_wconf 82' lang='lat' dir='ltr'>codicem³,</span> <span class='ocrx_word' id='word_1_222' title='bbox 1340 1081 1371 1110; x_wconf 91' lang='lat' dir='ltr'>in</span> <span class='ocrx_word' id='word_1_223' title='bbox 1396 1090 1458 1121; x_wconf 92' lang='lat' dir='ltr'>quo</span> <span class='ocrx_word' id='word_1_224' title='bbox 1485 1079 1730 1111; x_wconf 86' lang='lat' dir='ltr'>continebantur</span> <span class='ocrx_word' id='word_1_225' title='bbox 1753 1083 1845 1121; x_wconf 88' lang='lat' dir='ltr'>gesta</span> <span class='ocrx_word' id='word_1_226' title='bbox 1868 1090 1944 1111; x_wconf 88' lang='lat' dir='ltr'>con-</span> 
     </span>
     <span class='ocr_line' id='line_1_20' title="bbox 284 1131 1944 1173; baseline 0 -11"><span class='ocrx_word' id='word_1_227' title='bbox 284 1132 435 1171; x_wconf 88' lang='lat' dir='ltr'>ciliabuli,</span> <span class='ocrx_word' id='word_1_228' title='bbox 453 1142 534 1173; x_wconf 88' lang='lat' dir='ltr'>quae</span> <span class='ocrx_word' id='word_1_229' title='bbox 550 1131 685 1162; x_wconf 88' lang='lat' dir='ltr'>Photius</span> <span class='ocrx_word' id='word_1_230' title='bbox 709 1131 862 1162; x_wconf 87' lang='lat' dir='ltr'>adversus</span> <span class='ocrx_word' id='word_1_231' title='bbox 886 1131 1082 1172; x_wconf 82' lang='lat' dir='ltr'>apostolicae</span> <span class='ocrx_word' id='word_1_232' title='bbox 1109 1132 1282 1162; x_wconf 86' lang='lat' dir='ltr'>memoriae</span> <span class='ocrx_word' id='word_1_233' title='bbox 1301 1142 1420 1172; x_wconf 90' lang='lat' dir='ltr'>papam</span> <span class='ocrx_word' id='word_1_234' title='bbox 1439 1131 1608 1162; x_wconf 87' lang='lat' dir='ltr'>Nicolaum</span> <span class='ocrx_word' id='word_1_235' title='bbox 1632 1131 1712 1162; x_wconf 86' lang='lat' dir='ltr'>falso</span> <span class='ocrx_word' id='word_1_236' title='bbox 1734 1131 1840 1162; x_wconf 87' lang='lat' dir='ltr'>fuerat</span> <span class='ocrx_word' id='word_1_237' title='bbox 1857 1141 1944 1162; x_wconf 91' lang='lat' dir='ltr'>com-</span> 
     </span>
     <span class='ocr_line' id='line_1_21' title="bbox 284 1183 1997 1224; baseline -0.001 -10"><span class='ocrx_word' id='word_1_238' title='bbox 284 1186 454 1223; x_wconf 78' lang='lat' dir='ltr'>mentatus,</span> <span class='ocrx_word' id='word_1_239' title='bbox 479 1188 575 1224; x_wconf 79' lang='lat' dir='ltr'>atque</span> <span class='ocrx_word' id='word_1_240' title='bbox 601 1183 716 1222; x_wconf 81' lang='lat' dir='ltr'>omnia,</span> <span class='ocrx_word' id='word_1_241' title='bbox 748 1193 831 1224; x_wconf 91' lang='lat' dir='ltr'>quae</span> <span class='ocrx_word' id='word_1_242' title='bbox 859 1184 919 1224; x_wconf 91' lang='lat' dir='ltr'>ipsi</span> <span class='ocrx_word' id='word_1_243' title='bbox 951 1183 1062 1214; x_wconf 88' lang='lat' dir='ltr'>crebro</span> <span class='ocrx_word' id='word_1_244' title='bbox 1091 1187 1270 1214; x_wconf 87' lang='lat' dir='ltr'>memorato</span> <span class='ocrx_word' id='word_1_245' title='bbox 1300 1183 1419 1214; x_wconf 83' lang='lat' dir='ltr'>eximio</span> <span class='ocrx_word' id='word_1_246' title='bbox 1453 1183 1592 1224; x_wconf 88' lang='lat' dir='ltr'>praesuli</span> <span class='ocrx_word' id='word_1_247' title='bbox 1623 1183 1781 1214; x_wconf 90' lang='lat' dir='ltr'>destinata</span> <span class='ocrx_word' id='word_1_248' title='bbox 1806 1183 1942 1219; x_wconf 81' lang='lat' dir='ltr'>fuerant,</span> <span class='ocrx_word' id='word_1_249' title='bbox 1973 1193 1997 1213; x_wconf 70' lang='lat' dir='ltr'>so</span> 
     </span>
     <span class='ocr_line' id='line_1_22' title="bbox 285 1234 1944 1276; baseline -0.001 -10"><span class='ocrx_word' id='word_1_250' title='bbox 285 1235 360 1276; x_wconf 91' lang='lat' dir='ltr'>quia</span> <span class='ocrx_word' id='word_1_251' title='bbox 383 1235 437 1266; x_wconf 88' lang='lat' dir='ltr'>ille</span> <span class='ocrx_word' id='word_1_252' title='bbox 461 1235 502 1266; x_wconf 84' lang='lat' dir='ltr'>ad</span> <span class='ocrx_word' id='word_1_253' title='bbox 526 1234 694 1266; x_wconf 89' lang='lat' dir='ltr'>meliorem</span> <span class='ocrx_word' id='word_1_254' title='bbox 717 1235 816 1266; x_wconf 90' lang='lat' dir='ltr'>vitam</span> <span class='ocrx_word' id='word_1_255' title='bbox 840 1235 1064 1276; x_wconf 42' lang='lat' dir='ltr'>migraverat&amp;</span> <span class='ocrx_word' id='word_1_256' title='bbox 1096 1234 1153 1265; x_wconf 92' lang='lat' dir='ltr'>tibi</span> <span class='ocrx_word' id='word_1_257' title='bbox 1177 1235 1343 1276; x_wconf 88' lang='lat' dir='ltr'>praeclaro</span> <span class='ocrx_word' id='word_1_258' title='bbox 1374 1235 1553 1266; x_wconf 86' lang='lat' dir='ltr'>successori</span> <span class='ocrx_word' id='word_1_259' title='bbox 1585 1235 1661 1270; x_wconf 81' lang='lat' dir='ltr'>eius.</span> <span class='ocrx_word' id='word_1_260' title='bbox 1687 1234 1815 1266; x_wconf 89' lang='lat' dir='ltr'>domine</span> <span class='ocrx_word' id='word_1_261' title='bbox 1839 1235 1944 1265; x_wconf 87' lang='lat' dir='ltr'>iunior</span> 
     </span>
     <span class='ocr_line' id='line_1_23' title="bbox 285 1286 1942 1328; baseline 0 -11"><span class='ocrx_word' id='word_1_262' title='bbox 285 1286 450 1318; x_wconf 81' lang='lat' dir='ltr'>Hadriane</span> <span class='ocrx_word' id='word_1_263' title='bbox 472 1287 600 1328; x_wconf 90' lang='lat' dir='ltr'>praesul</span> <span class='ocrx_word' id='word_1_264' title='bbox 620 1287 749 1326; x_wconf 78' lang='lat' dir='ltr'>eximie,</span> <span class='ocrx_word' id='word_1_265' title='bbox 773 1286 878 1317; x_wconf 77' lang='lat' dir='ltr'>sedish</span> <span class='ocrx_word' id='word_1_266' title='bbox 900 1286 1097 1327; x_wconf 85' lang='lat' dir='ltr'>apostolicae</span> <span class='ocrx_word' id='word_1_267' title='bbox 1121 1286 1340 1328; x_wconf 85' lang='lat' dir='ltr'>gubernacula</span> <span class='ocrx_word' id='word_1_268' title='bbox 1364 1287 1496 1328; x_wconf 81' lang='lat' dir='ltr'>egregie</span> <span class='ocrx_word' id='word_1_269' title='bbox 1521 1287 1702 1317; x_wconf 86' lang='lat' dir='ltr'>moderanti</span> <span class='ocrx_word' id='word_1_270' title='bbox 1726 1289 1942 1327; x_wconf 87' lang='lat' dir='ltr'>praesentant.</span> 
     </span>
     <span class='ocr_line' id='line_1_24' title="bbox 118 1336 1944 1390; baseline -0.001 -20"><span class='ocrx_word' id='word_1_271' title='bbox 118 1339 148 1360; x_wconf 55' lang='grc' dir='ltr'>Οἳ·</span> <span class='ocrx_word' id='word_1_272' title='bbox 158 1339 264 1390; x_wconf 48' lang='grc' dir='ltr'>ῐῶῑζζβιῧ·</span> <span class='ocrx_word' id='word_1_273' title='bbox 281 1338 355 1375; x_wconf 73' lang='lat' dir='ltr'>Quii</span> <span class='ocrx_word' id='word_1_274' title='bbox 380 1339 549 1379; x_wconf 86' lang='lat' dir='ltr'>accingens</span> <span class='ocrx_word' id='word_1_275' title='bbox 573 1339 654 1370; x_wconf 90' lang='lat' dir='ltr'>sicut</span> <span class='ocrx_word' id='word_1_276' title='bbox 670 1340 716 1369; x_wconf 89' lang='lat' dir='ltr'>vir</span> <span class='ocrx_word' id='word_1_277' title='bbox 739 1338 865 1369; x_wconf 90' lang='lat' dir='ltr'>lumbos</span> <span class='ocrx_word' id='word_1_278' title='bbox 882 1341 952 1369; x_wconf 90' lang='lat' dir='ltr'>tuos</span> <span class='ocrx_word' id='word_1_279' title='bbox 977 1342 1008 1369; x_wconf 89' lang='lat' dir='ltr'>et</span> <span class='ocrx_word' id='word_1_280' title='bbox 1029 1338 1225 1369; x_wconf 80' lang='lat' dir='ltr'>decessorisk</span> <span class='ocrx_word' id='word_1_281' title='bbox 1251 1338 1315 1379; x_wconf 71' lang='lat' dir='ltr'>piik</span> <span class='ocrx_word' id='word_1_282' title='bbox 1339 1338 1420 1370; x_wconf 74' lang='lat' dir='ltr'>zelik</span> <span class='ocrx_word' id='word_1_283' title='bbox 1448 1339 1594 1380; x_wconf 86' lang='lat' dir='ltr'>spiritum</span> <span class='ocrx_word' id='word_1_284' title='bbox 1618 1348 1745 1369; x_wconf 89' lang='lat' dir='ltr'>sumens</span> <span class='ocrx_word' id='word_1_285' title='bbox 1770 1341 1802 1368; x_wconf 92' lang='lat' dir='ltr'>et</span> <span class='ocrx_word' id='word_1_286' title='bbox 1826 1347 1885 1368; x_wconf 93' lang='lat' dir='ltr'>nec</span> <span class='ocrx_word' id='word_1_287' title='bbox 1903 1336 1944 1368; x_wconf 86' lang='lat' dir='ltr'>ad</span> 
     </span>
     <span class='ocr_line' id='line_1_25' title="bbox 79 1389 1943 1431; baseline -0.001 -10"><span class='ocrx_word' id='word_1_288' title='bbox 79 1399 184 1422; x_wconf 57' lang='lat' dir='ltr'>esuum.</span> <span class='ocrx_word' id='word_1_289' title='bbox 193 1400 269 1424; x_wconf 56' lang='lat' dir='ltr'>sues.</span> <span class='ocrx_word' id='word_1_290' title='bbox 285 1390 452 1421; x_wconf 82' lang='lat' dir='ltr'>dexteram</span> <span class='ocrx_word' id='word_1_291' title='bbox 477 1400 535 1421; x_wconf 87' lang='lat' dir='ltr'>nec</span> <span class='ocrx_word' id='word_1_292' title='bbox 559 1389 601 1421; x_wconf 87' lang='lat' dir='ltr'>ad</span> <span class='ocrx_word' id='word_1_293' title='bbox 623 1391 782 1421; x_wconf 84' lang='lat' dir='ltr'>sinistram</span> <span class='ocrx_word' id='word_1_294' title='bbox 806 1401 825 1421; x_wconf 87' lang='lat' dir='ltr'>a</span> <span class='ocrx_word' id='word_1_295' title='bbox 842 1391 892 1420; x_wconf 85' lang='lat' dir='ltr'>via</span> <span class='ocrx_word' id='word_1_296' title='bbox 916 1391 1006 1431; x_wconf 87' lang='lat' dir='ltr'>regia</span> <span class='ocrx_word' id='word_1_297' title='bbox 1030 1389 1193 1421; x_wconf 88' lang='lat' dir='ltr'>declinans</span> <span class='ocrx_word' id='word_1_298' title='bbox 1217 1400 1299 1431; x_wconf 88' lang='lat' dir='ltr'>quae</span> <span class='ocrx_word' id='word_1_299' title='bbox 1323 1390 1376 1421; x_wconf 89' lang='lat' dir='ltr'>ille</span> <span class='ocrx_word' id='word_1_300' title='bbox 1404 1390 1593 1421; x_wconf 87' lang='lat' dir='ltr'>decreverat</span> <span class='ocrx_word' id='word_1_301' title='bbox 1616 1390 1787 1422; x_wconf 84' lang='lat' dir='ltr'>decrevisti</span> <span class='ocrx_word' id='word_1_302' title='bbox 1806 1393 1838 1420; x_wconf 86' lang='lat' dir='ltr'>et</span> <span class='ocrx_word' id='word_1_303' title='bbox 1862 1399 1943 1430; x_wconf 88' lang='lat' dir='ltr'>quae</span> 
     </span>
     <span class='ocr_line' id='line_1_26' title="bbox 284 1440 1996 1483; baseline -0.001 -11"><span class='ocrx_word' id='word_1_304' title='bbox 284 1445 441 1473; x_wconf 80' lang='lat' dir='ltr'>statuerat</span> <span class='ocrx_word' id='word_1_305' title='bbox 465 1443 603 1472; x_wconf 81' lang='lat' dir='ltr'>statuisti</span> <span class='ocrx_word' id='word_1_306' title='bbox 619 1447 715 1483; x_wconf 83' lang='lat' dir='ltr'>atque</span> <span class='ocrx_word' id='word_1_307' title='bbox 734 1452 827 1472; x_wconf 89' lang='lat' dir='ltr'>omne</span> <span class='ocrx_word' id='word_1_308' title='bbox 845 1441 969 1482; x_wconf 89' lang='lat' dir='ltr'>providi</span> <span class='ocrx_word' id='word_1_309' title='bbox 987 1442 1084 1482; x_wconf 89' lang='lat' dir='ltr'>patris</span> <span class='ocrx_word' id='word_1_310' title='bbox 1101 1441 1242 1472; x_wconf 88' lang='lat' dir='ltr'>edictum</span> <span class='ocrx_word' id='word_1_311' title='bbox 1259 1442 1330 1482; x_wconf 87' lang='lat' dir='ltr'>pius</span> <span class='ocrx_word' id='word_1_312' title='bbox 1346 1442 1440 1473; x_wconf 87' lang='lat' dir='ltr'>heres</span> <span class='ocrx_word' id='word_1_313' title='bbox 1462 1444 1617 1473; x_wconf 79' lang='lat' dir='ltr'>executus</span> <span class='ocrx_word' id='word_1_314' title='bbox 1634 1440 1777 1472; x_wconf 89' lang='lat' dir='ltr'>iniurias¹</span> <span class='ocrx_word' id='word_1_315' title='bbox 1794 1440 1943 1482; x_wconf 85' lang='lat' dir='ltr'>propriae</span> <span class='ocrx_word' id='word_1_316' title='bbox 1972 1451 1996 1471; x_wconf 66' lang='grc' dir='ltr'>π</span> 
     </span>
     <span class='ocr_line' id='line_1_27' title="bbox 285 1492 1946 1534; baseline -0.001 -11"><span class='ocrx_word' id='word_1_317' title='bbox 285 1493 372 1524; x_wconf 87' lang='lat' dir='ltr'>sedis</span> <span class='ocrx_word' id='word_1_318' title='bbox 395 1494 538 1534; x_wconf 90' lang='lat' dir='ltr'>protinus</span> <span class='ocrx_word' id='word_1_319' title='bbox 555 1492 732 1524; x_wconf 87' lang='lat' dir='ltr'>vindicasti.</span> <span class='ocrx_word' id='word_1_320' title='bbox 769 1492 851 1523; x_wconf 87' lang='lat' dir='ltr'>Nam</span> <span class='ocrx_word' id='word_1_321' title='bbox 876 1493 996 1533; x_wconf 90' lang='lat' dir='ltr'>synodo</span> <span class='ocrx_word' id='word_1_322' title='bbox 1019 1503 1095 1524; x_wconf 74' lang='lat' dir='ltr'>mox</span> <span class='ocrx_word' id='word_1_323' title='bbox 1112 1492 1198 1533; x_wconf 88' lang='lat' dir='ltr'>apud</span> <span class='ocrx_word' id='word_1_324' title='bbox 1217 1493 1348 1524; x_wconf 90' lang='lat' dir='ltr'>beatum</span> <span class='ocrx_word' id='word_1_325' title='bbox 1365 1493 1503 1524; x_wconf 88' lang='lat' dir='ltr'>Petrum</span> <span class='ocrx_word' id='word_1_326' title='bbox 1527 1493 1684 1524; x_wconf 83' lang='lat' dir='ltr'>collecta⁵</span> <span class='ocrx_word' id='word_1_327' title='bbox 1701 1492 1871 1533; x_wconf 88' lang='lat' dir='ltr'>profanum</span> <span class='ocrx_word' id='word_1_328' title='bbox 1894 1502 1946 1523; x_wconf 86' lang='lat' dir='ltr'>co-</span> 
     </span>
     <span class='ocr_line' id='line_1_28' title="bbox 285 1543 1945 1585; baseline -0.001 -10"><span class='ocrx_word' id='word_1_329' title='bbox 285 1543 389 1575; x_wconf 83' lang='lat' dir='ltr'>dicem</span> <span class='ocrx_word' id='word_1_330' title='bbox 405 1544 494 1575; x_wconf 88' lang='lat' dir='ltr'>illum</span> <span class='ocrx_word' id='word_1_331' title='bbox 512 1544 646 1575; x_wconf 89' lang='lat' dir='ltr'>cremari</span> <span class='ocrx_word' id='word_1_332' title='bbox 662 1544 812 1575; x_wconf 85' lang='lat' dir='ltr'>censuisti</span> <span class='ocrx_word' id='word_1_333' title='bbox 829 1547 861 1575; x_wconf 88' lang='lat' dir='ltr'>et</span> <span class='ocrx_word' id='word_1_334' title='bbox 877 1545 921 1574; x_wconf 89' lang='lat' dir='ltr'>ita</span> <span class='ocrx_word' id='word_1_335' title='bbox 936 1544 1006 1575; x_wconf 88' lang='lat' dir='ltr'>fieri</span> <span class='ocrx_word' id='word_1_336' title='bbox 1023 1543 1109 1585; x_wconf 89' lang='lat' dir='ltr'>apud</span> <span class='ocrx_word' id='word_1_337' title='bbox 1123 1544 1446 1585; x_wconf 82' lang='lat' dir='ltr'>Constantinopolim,</span> <span class='ocrx_word' id='word_1_338' title='bbox 1461 1544 1486 1575; x_wconf 88' lang='lat' dir='ltr'>si</span> <span class='ocrx_word' id='word_1_339' title='bbox 1505 1554 1569 1585; x_wconf 87' lang='lat' dir='ltr'>qua</span> <span class='ocrx_word' id='word_1_340' title='bbox 1586 1544 1786 1585; x_wconf 80' lang='lat' dir='ltr'>exemplaria</span> <span class='ocrx_word' id='word_1_341' title='bbox 1803 1544 1872 1575; x_wconf 91' lang='lat' dir='ltr'>eius</span> <span class='ocrx_word' id='word_1_342' title='bbox 1888 1543 1945 1574; x_wconf 89' lang='lat' dir='ltr'>ibi-</span> 
     </span>
     <span class='ocr_line' id='line_1_29' title="bbox 285 1595 1945 1637; baseline -0.001 -11"><span class='ocrx_word' id='word_1_343' title='bbox 285 1595 360 1627; x_wconf 89' lang='lat' dir='ltr'>dem</span> <span class='ocrx_word' id='word_1_344' title='bbox 378 1596 600 1634; x_wconf 81' lang='lat' dir='ltr'>invenirentur,</span> <span class='ocrx_word' id='word_1_345' title='bbox 619 1596 686 1626; x_wconf 87' lang='lat' dir='ltr'>iure</span> <span class='ocrx_word' id='word_1_346' title='bbox 705 1595 872 1635; x_wconf 74' lang='lat' dir='ltr'>mandasti⁷</span> <span class='ocrx_word' id='word_1_347' title='bbox 891 1595 976 1637; x_wconf 93' lang='lat' dir='ltr'>quod</span> <span class='ocrx_word' id='word_1_348' title='bbox 989 1600 1022 1626; x_wconf 87' lang='lat' dir='ltr'>et</span> <span class='ocrx_word' id='word_1_349' title='bbox 1039 1595 1157 1626; x_wconf 86' lang='lat' dir='ltr'>factum</span> <span class='ocrx_word' id='word_1_350' title='bbox 1172 1599 1228 1635; x_wconf 80' lang='lat' dir='ltr'>est,</span> <span class='ocrx_word' id='word_1_351' title='bbox 1245 1598 1277 1626; x_wconf 89' lang='lat' dir='ltr'>et</span> <span class='ocrx_word' id='word_1_352' title='bbox 1291 1599 1457 1626; x_wconf 85' lang='lat' dir='ltr'>auctorem</span> <span class='ocrx_word' id='word_1_353' title='bbox 1475 1596 1572 1627; x_wconf 84' lang='lat' dir='ltr'>eiusm</span> <span class='ocrx_word' id='word_1_354' title='bbox 1584 1606 1641 1636; x_wconf 88' lang='lat' dir='ltr'>pro</span> <span class='ocrx_word' id='word_1_355' title='bbox 1661 1599 1748 1626; x_wconf 86' lang='lat' dir='ltr'>tanta</span> <span class='ocrx_word' id='word_1_356' title='bbox 1762 1595 1945 1626; x_wconf 84' lang='lat' dir='ltr'>temeritate</span> 
     </span>
     <span class='ocr_line' id='line_1_30' title="bbox 287 1646 1944 1688; baseline 0 -11"><span class='ocrx_word' id='word_1_357' title='bbox 287 1646 392 1678; x_wconf 89' lang='lat' dir='ltr'>denuo</span> <span class='ocrx_word' id='word_1_358' title='bbox 406 1646 560 1677; x_wconf 83' lang='lat' dir='ltr'>damnans</span> <span class='ocrx_word' id='word_1_359' title='bbox 576 1647 667 1677; x_wconf 88' lang='lat' dir='ltr'>huius</span> <span class='ocrx_word' id='word_1_360' title='bbox 685 1647 773 1688; x_wconf 89' lang='lat' dir='ltr'>paria</span> <span class='ocrx_word' id='word_1_361' title='bbox 786 1647 1002 1678; x_wconf 83' lang='lat' dir='ltr'>occultantesn</span> <span class='ocrx_word' id='word_1_362' title='bbox 1016 1657 1150 1678; x_wconf 85' lang='lat' dir='ltr'>censura</span> <span class='ocrx_word' id='word_1_363' title='bbox 1167 1647 1285 1678; x_wconf 81' lang='lat' dir='ltr'>simi1i0</span> <span class='ocrx_word' id='word_1_364' title='bbox 1299 1648 1517 1688; x_wconf 86' lang='lat' dir='ltr'>sequestrasti.</span> <span class='ocrx_word' id='word_1_365' title='bbox 1536 1647 1706 1688; x_wconf 87' lang='lat' dir='ltr'>Missisque</span> <span class='ocrx_word' id='word_1_366' title='bbox 1723 1657 1795 1678; x_wconf 88' lang='lat' dir='ltr'>cum</span> <span class='ocrx_word' id='word_1_367' title='bbox 1808 1647 1944 1677; x_wconf 87' lang='lat' dir='ltr'>auctori-</span> 
     </span>
     <span class='ocr_line' id='line_1_31' title="bbox 287 1697 1998 1740; baseline -0.001 -11"><span class='ocrx_word' id='word_1_368' title='bbox 287 1702 353 1730; x_wconf 86' lang='lat' dir='ltr'>tate</span> <span class='ocrx_word' id='word_1_369' title='bbox 371 1699 547 1740; x_wconf 89' lang='lat' dir='ltr'>apostolica</span> <span class='ocrx_word' id='word_1_370' title='bbox 564 1699 690 1730; x_wconf 88' lang='lat' dir='ltr'>vicariis</span> <span class='ocrx_word' id='word_1_371' title='bbox 707 1702 738 1730; x_wconf 89' lang='lat' dir='ltr'>et</span> <span class='ocrx_word' id='word_1_372' title='bbox 755 1699 918 1739; x_wconf 73' lang='lat' dir='ltr'>epistolis⁶</span> <span class='ocrx_word' id='word_1_373' title='bbox 936 1698 1150 1730; x_wconf 90' lang='lat' dir='ltr'>decretalibus</span> <span class='ocrx_word' id='word_1_374' title='bbox 1174 1699 1291 1730; x_wconf 88' lang='lat' dir='ltr'>iussisti</span> <span class='ocrx_word' id='word_1_375' title='bbox 1307 1698 1377 1729; x_wconf 89' lang='lat' dir='ltr'>fieri</span> <span class='ocrx_word' id='word_1_376' title='bbox 1394 1698 1672 1739; x_wconf 81' lang='lat' dir='ltr'>Constantinopoli</span> <span class='ocrx_word' id='word_1_377' title='bbox 1683 1702 1696 1719; x_wconf 59' lang='grc' dir='ltr'>»Π</span> <span class='ocrx_word' id='word_1_378' title='bbox 1713 1697 1869 1740; x_wconf 79' lang='lat' dir='ltr'>synodum</span> <span class='ocrx_word' id='word_1_379' title='bbox 1886 1708 1943 1739; x_wconf 88' lang='lat' dir='ltr'>pro</span> <span class='ocrx_word' id='word_1_380' title='bbox 1973 1709 1998 1729; x_wconf 62' lang='grc' dir='ltr'>ιο</span> 
     </span>
     <span class='ocr_line' id='line_1_32' title="bbox 287 1749 1943 1792; baseline 0 -11"><span class='ocrx_word' id='word_1_381' title='bbox 287 1750 395 1781; x_wconf 91' lang='lat' dir='ltr'>multis</span> <span class='ocrx_word' id='word_1_382' title='bbox 411 1750 541 1792; x_wconf 89' lang='lat' dir='ltr'>quidem</span> <span class='ocrx_word' id='word_1_383' title='bbox 558 1750 800 1781; x_wconf 88' lang='lat' dir='ltr'>necessitatibus</span> <span class='ocrx_word' id='word_1_384' title='bbox 818 1750 984 1790; x_wconf 82' lang='lat' dir='ltr'>ecclesiae,</span> <span class='ocrx_word' id='word_1_385' title='bbox 1002 1749 1061 1781; x_wconf 87' lang='lat' dir='ltr'>sed</span> <span class='ocrx_word' id='word_1_386' title='bbox 1076 1761 1133 1791; x_wconf 91' lang='lat' dir='ltr'>pro</span> <span class='ocrx_word' id='word_1_387' title='bbox 1148 1750 1195 1781; x_wconf 91' lang='lat' dir='ltr'>his</span> <span class='ocrx_word' id='word_1_388' title='bbox 1212 1751 1394 1791; x_wconf 73' lang='lat' dir='ltr'>praecipue,</span> <span class='ocrx_word' id='word_1_389' title='bbox 1409 1760 1490 1791; x_wconf 91' lang='lat' dir='ltr'>quae</span> <span class='ocrx_word' id='word_1_390' title='bbox 1508 1750 1672 1792; x_wconf 89' lang='lat' dir='ltr'>hucusque</span> <span class='ocrx_word' id='word_1_391' title='bbox 1690 1749 1829 1781; x_wconf 86' lang='lat' dir='ltr'>breviter</span> <span class='ocrx_word' id='word_1_392' title='bbox 1845 1760 1943 1780; x_wconf 89' lang='lat' dir='ltr'>anno-</span> 
     </span>
     <span class='ocr_line' id='line_1_33' title="bbox 287 1800 1944 1843; baseline -0.001 -11"><span class='ocrx_word' id='word_1_393' title='bbox 287 1805 355 1832; x_wconf 89' lang='lat' dir='ltr'>tata</span> <span class='ocrx_word' id='word_1_394' title='bbox 371 1806 444 1832; x_wconf 89' lang='lat' dir='ltr'>sunt</span> <span class='ocrx_word' id='word_1_395' title='bbox 459 1812 606 1843; x_wconf 88' lang='lat' dir='ltr'>quaeque</span> <span class='ocrx_word' id='word_1_396' title='bbox 631 1802 661 1832; x_wconf 94' lang='lat' dir='ltr'>in</span> <span class='ocrx_word' id='word_1_397' title='bbox 685 1802 777 1832; x_wconf 90' lang='lat' dir='ltr'>huius</span> <span class='ocrx_word' id='word_1_398' title='bbox 794 1801 905 1843; x_wconf 89' lang='lat' dir='ltr'>synodi</span> <span class='ocrx_word' id='word_1_399' title='bbox 929 1802 1028 1843; x_wconf 84' lang='lat' dir='ltr'>gestis</span> <span class='ocrx_word' id='word_1_400' title='bbox 1051 1802 1265 1841; x_wconf 83' lang='lat' dir='ltr'>inveniuntur,</span> <span class='ocrx_word' id='word_1_401' title='bbox 1290 1802 1322 1832; x_wconf 90' lang='lat' dir='ltr'>in</span> <span class='ocrx_word' id='word_1_402' title='bbox 1339 1806 1424 1842; x_wconf 73' lang='lat' dir='ltr'>qua‘1</span> <span class='ocrx_word' id='word_1_403' title='bbox 1442 1801 1564 1833; x_wconf 89' lang='lat' dir='ltr'>scilicet</span> <span class='ocrx_word' id='word_1_404' title='bbox 1581 1801 1716 1832; x_wconf 89' lang='lat' dir='ltr'>Photius</span> <span class='ocrx_word' id='word_1_405' title='bbox 1733 1801 1773 1832; x_wconf 92' lang='lat' dir='ltr'>ob</span> <span class='ocrx_word' id='word_1_406' title='bbox 1790 1800 1823 1832; x_wconf 90' lang='lat' dir='ltr'>id</span> <span class='ocrx_word' id='word_1_407' title='bbox 1847 1801 1944 1832; x_wconf 84' lang='lat' dir='ltr'>etiam</span> 
     </span>
     <span class='ocr_line' id='line_1_34' title="bbox 285 1852 1945 1894; baseline -0.001 -10"><span class='ocrx_word' id='word_1_408' title='bbox 285 1854 469 1894; x_wconf 86' lang='lat' dir='ltr'>specialiter</span> <span class='ocrx_word' id='word_1_409' title='bbox 485 1853 724 1892; x_wconf 74' lang='lat' dir='ltr'>condemnatur,</span> <span class='ocrx_word' id='word_1_410' title='bbox 743 1854 910 1894; x_wconf 87' lang='lat' dir='ltr'>quoniam⁷</span> <span class='ocrx_word' id='word_1_411' title='bbox 928 1853 1163 1894; x_wconf 88' lang='lat' dir='ltr'>depositionem</span> <span class='ocrx_word' id='word_1_412' title='bbox 1181 1853 1231 1884; x_wconf 86' lang='lat' dir='ltr'>vel</span> <span class='ocrx_word' id='word_1_413' title='bbox 1259 1852 1432 1884; x_wconf 90' lang='lat' dir='ltr'>anathema</span> <span class='ocrx_word' id='word_1_414' title='bbox 1449 1853 1665 1893; x_wconf 87' lang='lat' dir='ltr'>praesumpsit</span> <span class='ocrx_word' id='word_1_415' title='bbox 1684 1853 1715 1883; x_wconf 93' lang='lat' dir='ltr'>in</span> <span class='ocrx_word' id='word_1_416' title='bbox 1732 1855 1862 1884; x_wconf 88' lang='lat' dir='ltr'>sanctae</span> <span class='ocrx_word' id='word_1_417' title='bbox 1878 1862 1945 1884; x_wconf 86' lang='lat' dir='ltr'>me-</span> 
     </span>
     <span class='ocr_line' id='line_1_35' title="bbox 286 1904 1944 1946; baseline -0.001 -10"><span class='ocrx_word' id='word_1_418' title='bbox 286 1906 406 1936; x_wconf 87' lang='lat' dir='ltr'>moriae</span> <span class='ocrx_word' id='word_1_419' title='bbox 440 1915 558 1946; x_wconf 89' lang='lat' dir='ltr'>papam</span> <span class='ocrx_word' id='word_1_420' title='bbox 590 1904 760 1936; x_wconf 87' lang='lat' dir='ltr'>Nicolaum</span> <span class='ocrx_word' id='word_1_421' title='bbox 791 1906 967 1937; x_wconf 87' lang='lat' dir='ltr'>nominare.</span> <span class='ocrx_word' id='word_1_422' title='bbox 1020 1904 1120 1935; x_wconf 79' lang='lat' dir='ltr'>Facta</span> <span class='ocrx_word' id='word_1_423' title='bbox 1151 1908 1199 1935; x_wconf 91' lang='lat' dir='ltr'>est</span> <span class='ocrx_word' id='word_1_424' title='bbox 1229 1905 1326 1946; x_wconf 80' lang='lat' dir='ltr'>igitur</span> <span class='ocrx_word' id='word_1_425' title='bbox 1357 1904 1439 1935; x_wconf 89' lang='lat' dir='ltr'>haec</span> <span class='ocrx_word' id='word_1_426' title='bbox 1471 1907 1674 1935; x_wconf 83' lang='lat' dir='ltr'>sacrosancta</span> <span class='ocrx_word' id='word_1_427' title='bbox 1698 1904 1836 1945; x_wconf 84' lang='lat' dir='ltr'>synodus</span> <span class='ocrx_word' id='word_1_428' title='bbox 1862 1914 1944 1935; x_wconf 87' lang='lat' dir='ltr'>anno</span> 
     </span>
     <span class='ocr_line' id='line_1_36' title="bbox 286 1955 1996 1998; baseline -0.001 -10"><span class='ocrx_word' id='word_1_429' title='bbox 286 1957 411 1998; x_wconf 88' lang='lat' dir='ltr'>imperii</span> <span class='ocrx_word' id='word_1_430' title='bbox 436 1957 545 1988; x_wconf 90' lang='lat' dir='ltr'>Basilii</span> <span class='ocrx_word' id='word_1_431' title='bbox 575 1957 618 1997; x_wconf 91' lang='lat' dir='ltr'>pii</span> <span class='ocrx_word' id='word_1_432' title='bbox 650 1957 800 1998; x_wconf 89' lang='lat' dir='ltr'>principis</span> <span class='ocrx_word' id='word_1_433' title='bbox 830 1957 935 1995; x_wconf 78' lang='lat' dir='ltr'>tertio,</span> <span class='ocrx_word' id='word_1_434' title='bbox 965 1966 1047 1998; x_wconf 88' lang='lat' dir='ltr'>quae</span> <span class='ocrx_word' id='word_1_435' title='bbox 1077 1957 1242 1987; x_wconf 88' lang='lat' dir='ltr'>universos</span> <span class='ocrx_word' id='word_1_436' title='bbox 1272 1955 1504 1997; x_wconf 82' lang='lat' dir='ltr'>patriarchales</span> <span class='ocrx_word' id='word_1_437' title='bbox 1536 1955 1668 1987; x_wconf 86' lang='lat' dir='ltr'>thronos</span> <span class='ocrx_word' id='word_1_438' title='bbox 1698 1956 1779 1987; x_wconf 87' lang='lat' dir='ltr'>sicut</span> <span class='ocrx_word' id='word_1_439' title='bbox 1809 1956 1944 1987; x_wconf 87' lang='lat' dir='ltr'>aliarum</span> <span class='ocrx_word' id='word_1_440' title='bbox 1972 1967 1996 1986; x_wconf 71' lang='lat'>³⁵</span> 
     </span>
    </p>
   </div>
   <div class='ocr_carea' id='block_1_3' title="bbox 288 2107 1997 2324">
    <p class='ocr_par' dir='ltr' id='par_1_3' title="bbox 288 2107 1997 2324">
     <span class='ocr_line' id='line_1_37' title="bbox 392 2107 1944 2153; baseline 0.001 -9"><span class='ocrx_word' id='word_1_441' title='bbox 392 2119 415 2151; x_wconf 60' lang='grc' dir='ltr'>Β)</span> <span class='ocrx_word' id='word_1_442' title='bbox 434 2129 499 2144; x_wconf 80' lang='lat' dir='ltr'>corr.</span> <span class='ocrx_word' id='word_1_443' title='bbox 514 2128 543 2144; x_wconf 70' lang='lat' dir='ltr'>ex</span> <span class='ocrx_word' id='word_1_444' title='bbox 562 2120 735 2145; x_wconf 85' lang='lat' dir='ltr'>iudicaturum</span> <span class='ocrx_word' id='word_1_445' title='bbox 747 2119 777 2144; x_wconf 81' lang='lat' dir='ltr'><em>V.</em></span> <span class='ocrx_word' id='word_1_446' title='bbox 847 2119 870 2151; x_wconf 85' lang='lat' dir='ltr'>b)</span> <span class='ocrx_word' id='word_1_447' title='bbox 891 2129 928 2145; x_wconf 81' lang='lat' dir='ltr'>-es</span> <span class='ocrx_word' id='word_1_448' title='bbox 947 2130 1013 2145; x_wconf 82' lang='lat' dir='ltr'>corr.</span> <span class='ocrx_word' id='word_1_449' title='bbox 1028 2126 1054 2145; x_wconf 72' lang='lat' dir='ltr'>ut</span> <span class='ocrx_word' id='word_1_450' title='bbox 1072 2121 1122 2147; x_wconf 79' lang='lat' dir='ltr'>vid.</span> <span class='ocrx_word' id='word_1_451' title='bbox 1129 2120 1157 2146; x_wconf 89' lang='lat' dir='ltr'><em>V.</em></span> <span class='ocrx_word' id='word_1_452' title='bbox 1230 2121 1252 2151; x_wconf 84' lang='lat' dir='ltr'>c)</span> <span class='ocrx_word' id='word_1_453' title='bbox 1268 2121 1367 2152; x_wconf 73' lang='lat' dir='ltr'>partim</span> <span class='ocrx_word' id='word_1_454' title='bbox 1386 2122 1412 2145; x_wconf 76' lang='lat' dir='ltr'>in</span> <span class='ocrx_word' id='word_1_455' title='bbox 1430 2129 1483 2146; x_wconf 78' lang='lat' dir='ltr'>ras.</span> <span class='ocrx_word' id='word_1_456' title='bbox 1497 2125 1524 2145; x_wconf 78' lang='lat' dir='ltr'>ut</span> <span class='ocrx_word' id='word_1_457' title='bbox 1538 2107 1591 2145; x_wconf 61' lang='lat' dir='ltr'>&#39;viat</span> <span class='ocrx_word' id='word_1_458' title='bbox 1605 2119 1635 2148; x_wconf 76' lang='lat' dir='ltr'>V:</span> <span class='ocrx_word' id='word_1_459' title='bbox 1657 2121 1814 2153; x_wconf 83' lang='lat' dir='ltr'>interrogare</span> <span class='ocrx_word' id='word_1_460' title='bbox 1833 2129 1879 2146; x_wconf 81' lang='lat' dir='ltr'>nos</span> <span class='ocrx_word' id='word_1_461' title='bbox 1889 2119 1944 2145; x_wconf 77' lang='lat'><em>1⁷2.</em></span> 
     </span>
     <span class='ocr_line' id='line_1_38' title="bbox 288 2161 1945 2196; baseline 0.001 -10"><span class='ocrx_word' id='word_1_462' title='bbox 288 2161 313 2193; x_wconf 82' lang='lat' dir='ltr'>d)</span> <span class='ocrx_word' id='word_1_463' title='bbox 333 2171 374 2188; x_wconf 83' lang='lat' dir='ltr'>-ve</span> <span class='ocrx_word' id='word_1_464' title='bbox 393 2172 440 2188; x_wconf 84' lang='lat' dir='ltr'>om.</span> <span class='ocrx_word' id='word_1_465' title='bbox 454 2163 505 2187; x_wconf 82' lang='lat' dir='ltr'>V2.</span> <span class='ocrx_word' id='word_1_466' title='bbox 574 2163 596 2193; x_wconf 82' lang='lat' dir='ltr'>e)</span> <span class='ocrx_word' id='word_1_467' title='bbox 610 2163 762 2195; x_wconf 71' lang='lat' dir='ltr'>Pamphylie</span> <span class='ocrx_word' id='word_1_468' title='bbox 779 2171 846 2187; x_wconf 79' lang='lat' dir='ltr'>corr.</span> <span class='ocrx_word' id='word_1_469' title='bbox 856 2168 883 2187; x_wconf 76' lang='lat' dir='ltr'>ut</span> <span class='ocrx_word' id='word_1_470' title='bbox 896 2164 944 2188; x_wconf 76' lang='lat' dir='ltr'>vid.</span> <span class='ocrx_word' id='word_1_471' title='bbox 956 2173 986 2189; x_wconf 68' lang='lat' dir='ltr'>ex</span> <span class='ocrx_word' id='word_1_472' title='bbox 999 2164 1142 2196; x_wconf 72' lang='lat' dir='ltr'>Pamphilie</span> <span class='ocrx_word' id='word_1_473' title='bbox 1152 2163 1181 2191; x_wconf 71' lang='lat' dir='ltr'>V,-</span> <span class='ocrx_word' id='word_1_474' title='bbox 1201 2164 1358 2196; x_wconf 86' lang='lat' dir='ltr'>Pamphiliae</span> <span class='ocrx_word' id='word_1_475' title='bbox 1368 2163 1450 2195; x_wconf 81' lang='lat' dir='ltr'><em>V1,2.</em></span> <span class='ocrx_word' id='word_1_476' title='bbox 1522 2162 1540 2194; x_wconf 74' lang='lat' dir='ltr'>f)</span> <span class='ocrx_word' id='word_1_477' title='bbox 1560 2172 1685 2196; x_wconf 71' lang='lat' dir='ltr'>mperscr.</span> <span class='ocrx_word' id='word_1_478' title='bbox 1694 2163 1722 2189; x_wconf 87' lang='lat' dir='ltr'>V.</span> <span class='ocrx_word' id='word_1_479' title='bbox 1793 2164 1818 2195; x_wconf 75' lang='grc' dir='ltr'>Β)</span> <span class='ocrx_word' id='word_1_480' title='bbox 1838 2172 1905 2188; x_wconf 79' lang='lat' dir='ltr'>corr.</span> <span class='ocrx_word' id='word_1_481' title='bbox 1915 2171 1945 2188; x_wconf 79' lang='lat' dir='ltr'>ea:</span> 
     </span>
     <span class='ocr_line' id='line_1_39' title="bbox 289 2204 1944 2239; baseline 0.001 -9"><span class='ocrx_word' id='word_1_482' title='bbox 289 2207 360 2238; x_wconf 77' lang='lat' dir='ltr'>ligati</span> <span class='ocrx_word' id='word_1_483' title='bbox 374 2205 400 2230; x_wconf 90' lang='lat' dir='ltr'>V.</span> <span class='ocrx_word' id='word_1_484' title='bbox 472 2204 497 2235; x_wconf 75' lang='lat' dir='ltr'>h)</span> <span class='ocrx_word' id='word_1_485' title='bbox 517 2210 656 2237; x_wconf 62' lang='lat' dir='ltr'>sequuntur</span> <span class='ocrx_word' id='word_1_486' title='bbox 674 2208 740 2230; x_wconf 80' lang='lat'>4—5</span> <span class='ocrx_word' id='word_1_487' title='bbox 758 2206 856 2230; x_wconf 74' lang='lat' dir='ltr'>litterae</span> <span class='ocrx_word' id='word_1_488' title='bbox 875 2215 964 2231; x_wconf 76' lang='lat' dir='ltr'>erasae</span> <span class='ocrx_word' id='word_1_489' title='bbox 984 2206 1011 2231; x_wconf 89' lang='lat' dir='ltr'>V.</span> <span class='ocrx_word' id='word_1_490' title='bbox 1082 2206 1100 2238; x_wconf 80' lang='lat' dir='ltr'>i)</span> <span class='ocrx_word' id='word_1_491' title='bbox 1120 2208 1180 2239; x_wconf 85' lang='lat' dir='ltr'>quia</span> <span class='ocrx_word' id='word_1_492' title='bbox 1196 2207 1248 2231; x_wconf 84' lang='lat' dir='ltr'>V2.</span> <span class='ocrx_word' id='word_1_493' title='bbox 1319 2205 1345 2237; x_wconf 85' lang='lat' dir='ltr'>k)</span> <span class='ocrx_word' id='word_1_494' title='bbox 1361 2207 1476 2232; x_wconf 85' lang='lat' dir='ltr'>Danielis</span> <span class='ocrx_word' id='word_1_495' title='bbox 1495 2207 1575 2239; x_wconf 77' lang='lat' dir='ltr'>pueri,</span> <span class='ocrx_word' id='word_1_496' title='bbox 1595 2206 1623 2231; x_wconf 78' lang='lat' dir='ltr'>in</span> <span class='ocrx_word' id='word_1_497' title='bbox 1640 2215 1722 2238; x_wconf 74' lang='lat' dir='ltr'>mary.</span> <span class='ocrx_word' id='word_1_498' title='bbox 1736 2207 1874 2231; x_wconf 84' lang='lat' dir='ltr'>decessoris</span> <span class='ocrx_word' id='word_1_499' title='bbox 1890 2206 1944 2231; x_wconf 76' lang='lat' dir='ltr'><em>V-3.</em></span> 
     </span>
     <span class='ocr_line' id='line_1_40' title="bbox 288 2248 1944 2282; baseline 0.001 -9"><span class='ocrx_word' id='word_1_500' title='bbox 288 2248 306 2280; x_wconf 84' lang='lat'>1)</span> <span class='ocrx_word' id='word_1_501' title='bbox 326 2250 434 2274; x_wconf 85' lang='lat' dir='ltr'>iniurias</span> <span class='ocrx_word' id='word_1_502' title='bbox 444 2248 446 2281; x_wconf 91' lang='grc' dir='ltr'>Ι</span> <span class='ocrx_word' id='word_1_503' title='bbox 457 2249 563 2273; x_wconf 79' lang='lat' dir='ltr'>iniurias</span> <span class='ocrx_word' id='word_1_504' title='bbox 572 2249 706 2280; x_wconf 64' lang='lat' dir='ltr'>primdel.</span> <span class='ocrx_word' id='word_1_505' title='bbox 722 2248 749 2274; x_wconf 90' lang='lat' dir='ltr'>V.</span> <span class='ocrx_word' id='word_1_506' title='bbox 804 2249 834 2279; x_wconf 82' lang='lat' dir='ltr'>m)</span> <span class='ocrx_word' id='word_1_507' title='bbox 850 2250 926 2274; x_wconf 85' lang='lat' dir='ltr'>huius</span> <span class='ocrx_word' id='word_1_508' title='bbox 939 2250 997 2280; x_wconf 66' lang='lat' dir='ltr'>del„</span> <span class='ocrx_word' id='word_1_509' title='bbox 1012 2251 1066 2275; x_wconf 85' lang='lat' dir='ltr'>eius</span> <span class='ocrx_word' id='word_1_510' title='bbox 1082 2251 1107 2275; x_wconf 82' lang='lat' dir='ltr'>in</span> <span class='ocrx_word' id='word_1_511' title='bbox 1120 2258 1202 2282; x_wconf 69' lang='lat' dir='ltr'>marg.</span> <span class='ocrx_word' id='word_1_512' title='bbox 1214 2250 1276 2275; x_wconf 78' lang='lat' dir='ltr'>add.</span> <span class='ocrx_word' id='word_1_513' title='bbox 1289 2249 1318 2275; x_wconf 87' lang='lat' dir='ltr'>V.</span> <span class='ocrx_word' id='word_1_514' title='bbox 1372 2250 1397 2280; x_wconf 78' lang='lat'>¹¹)</span> <span class='ocrx_word' id='word_1_515' title='bbox 1418 2250 1472 2282; x_wconf 82' lang='lat' dir='ltr'>pari</span> <span class='ocrx_word' id='word_1_516' title='bbox 1485 2250 1548 2274; x_wconf 76' lang='lat' dir='ltr'>add.</span> <span class='ocrx_word' id='word_1_517' title='bbox 1557 2254 1579 2274; x_wconf 74' lang='lat' dir='ltr'>et</span> <span class='ocrx_word' id='word_1_518' title='bbox 1591 2250 1641 2275; x_wconf 79' lang='lat' dir='ltr'>del.</span> <span class='ocrx_word' id='word_1_519' title='bbox 1653 2249 1681 2274; x_wconf 89' lang='lat' dir='ltr'>V.</span> <span class='ocrx_word' id='word_1_520' title='bbox 1737 2250 1761 2281; x_wconf 90' lang='lat'>⁰)</span> <span class='ocrx_word' id='word_1_521' title='bbox 1780 2257 1906 2281; x_wconf 66' lang='lat' dir='ltr'>superse-r.</span> <span class='ocrx_word' id='word_1_522' title='bbox 1914 2250 1944 2275; x_wconf 90' lang='lat' dir='ltr'><em>V.</em></span> 
     </span>
     <span class='ocr_line' id='line_1_41' title="bbox 289 2287 1997 2324; baseline 0 -8"><span class='ocrx_word' id='word_1_523' title='bbox 289 2291 313 2323; x_wconf 68' lang='grc' dir='ltr'>Ρ)</span> <span class='ocrx_word' id='word_1_524' title='bbox 332 2287 554 2324; x_wconf 80' lang='lat' dir='ltr'>Constantinopoli</span> <span class='ocrx_word' id='word_1_525' title='bbox 569 2291 617 2316; x_wconf 84' lang='lat'><em>1⁷1.</em></span> <span class='ocrx_word' id='word_1_526' title='bbox 688 2291 712 2323; x_wconf 74' lang='lat' dir='ltr'>q)</span> <span class='ocrx_word' id='word_1_527' title='bbox 732 2300 798 2317; x_wconf 80' lang='lat' dir='ltr'>corr.</span> <span class='ocrx_word' id='word_1_528' title='bbox 812 2300 842 2317; x_wconf 77' lang='lat' dir='ltr'>ex</span> <span class='ocrx_word' id='word_1_529' title='bbox 861 2301 912 2324; x_wconf 84' lang='lat' dir='ltr'>quo</span> <span class='ocrx_word' id='word_1_530' title='bbox 927 2292 956 2316; x_wconf 82' lang='lat' dir='ltr'><em>V.</em></span> <span class='ocrx_word' id='word_1_531' title='bbox 1971 2302 1997 2321; x_wconf 69' lang='grc' dir='ltr'><strong>ω</strong></span> 
     </span>
    </p>
   </div>
   <div class='ocr_carea' id='block_1_4' title="bbox 289 2396 1995 2773">
    <p class='ocr_par' dir='ltr' id='par_1_4' title="bbox 289 2396 1944 2562">
     <span class='ocr_line' id='line_1_42' title="bbox 394 2396 1944 2431; baseline 0.001 -9"><span class='ocrx_word' id='word_1_532' title='bbox 394 2398 419 2429; x_wconf 85' lang='grc'>1)</span> <span class='ocrx_word' id='word_1_533' title='bbox 442 2397 482 2430; x_wconf 76' lang='lat' dir='ltr'>Of.</span> <span class='ocrx_word' id='word_1_534' title='bbox 495 2397 621 2423; x_wconf 78' lang='lat' dir='ltr'>sohoh‘um</span> <span class='ocrx_word' id='word_1_535' title='bbox 647 2397 675 2422; x_wconf 77' lang='lat' dir='ltr'>in</span> <span class='ocrx_word' id='word_1_536' title='bbox 693 2397 807 2423; x_wconf 64' lang='lat' dir='ltr'>versione</span> <span class='ocrx_word' id='word_1_537' title='bbox 828 2396 932 2422; x_wconf 80' lang='lat' dir='ltr'>Latina</span> <span class='ocrx_word' id='word_1_538' title='bbox 950 2396 1071 2423; x_wconf 71' lang='lat' dir='ltr'>additam</span> <span class='ocrx_word' id='word_1_539' title='bbox 1098 2397 1186 2430; x_wconf 77' lang='lat' dir='ltr'>verbis,</span> <span class='ocrx_word' id='word_1_540' title='bbox 1212 2405 1280 2430; x_wconf 75' lang='lat' dir='ltr'>quae</span> <span class='ocrx_word' id='word_1_541' title='bbox 1304 2397 1385 2431; x_wconf 73' lang='lat' dir='ltr'>leqati</span> <span class='ocrx_word' id='word_1_542' title='bbox 1405 2398 1522 2424; x_wconf 78' lang='lat' dir='ltr'>Romami</span> <span class='ocrx_word' id='word_1_543' title='bbox 1546 2398 1576 2423; x_wconf 75' lang='lat' dir='ltr'>in</span> <span class='ocrx_word' id='word_1_544' title='bbox 1590 2398 1618 2425; x_wconf 92' lang='lat' dir='ltr'><em>V.</em></span> <span class='ocrx_word' id='word_1_545' title='bbox 1639 2398 1742 2425; x_wconf 71' lang='lat' dir='ltr'>actione</span> <span class='ocrx_word' id='word_1_546' title='bbox 1760 2398 1790 2424; x_wconf 72' lang='lat' dir='ltr'>de</span> <span class='ocrx_word' id='word_1_547' title='bbox 1808 2398 1944 2427; x_wconf 62' lang='lat' dir='ltr'>laboribus</span> 
     </span>
     <span class='ocr_line' id='line_1_43' title="bbox 290 2438 1944 2474; baseline 0.001 -9"><span class='ocrx_word' id='word_1_548' title='bbox 290 2438 429 2465; x_wconf 76' lang='lat' dir='ltr'>ananae</span> <span class='ocrx_word' id='word_1_549' title='bbox 447 2441 471 2465; x_wconf 82' lang='lat' dir='ltr'>et</span> <span class='ocrx_word' id='word_1_550' title='bbox 488 2440 659 2465; x_wconf 75' lang='lat' dir='ltr'>orientalium</span> <span class='ocrx_word' id='word_1_551' title='bbox 676 2439 846 2465; x_wconf 73' lang='lat' dir='ltr'>ecclesiarum</span> <span class='ocrx_word' id='word_1_552' title='bbox 863 2439 998 2471; x_wconf 60' lang='lat' dir='ltr'>discerent,</span> <span class='ocrx_word' id='word_1_553' title='bbox 1017 2439 1055 2466; x_wconf 78' lang='lat' dir='ltr'>ed.</span> <span class='ocrx_word' id='word_1_554' title='bbox 1067 2439 1161 2474; x_wconf 75' lang='lat' dir='ltr'>Miyne</span> <span class='ocrx_word' id='word_1_555' title='bbox 1176 2439 1252 2466; x_wconf 82' lang='lat' dir='ltr'>Patr.</span> <span class='ocrx_word' id='word_1_556' title='bbox 1265 2440 1310 2466; x_wconf 79' lang='lat' dir='ltr'>lat.</span> <span class='ocrx_word' id='word_1_557' title='bbox 1324 2439 1466 2473; x_wconf 80' lang='lat' dir='ltr'><strong><em>CXXIX,</em></strong></span> <span class='ocrx_word' id='word_1_558' title='bbox 1480 2444 1509 2467; x_wconf 83' lang='lat'>75</span> <span class='ocrx_word' id='word_1_559' title='bbox 1527 2449 1593 2468; x_wconf 78' lang='lat' dir='ltr'>ann.</span> <span class='ocrx_word' id='word_1_560' title='bbox 1605 2449 1634 2466; x_wconf 85' lang='lat' dir='ltr'>a:</span> <span class='ocrx_word' id='word_1_561' title='bbox 1656 2450 1740 2468; x_wconf 82' lang='lat' dir='ltr'>causa</span> <span class='ocrx_word' id='word_1_562' title='bbox 1759 2441 1811 2468; x_wconf 86' lang='lat' dir='ltr'>hoc</span> <span class='ocrx_word' id='word_1_563' title='bbox 1830 2441 1944 2468; x_wconf 88' lang='lat' dir='ltr'>honoris</span> 
     </span>
     <span class='ocr_line' id='line_1_44' title="bbox 289 2481 1944 2518; baseline 0.001 -10"><span class='ocrx_word' id='word_1_564' title='bbox 289 2481 397 2512; x_wconf 88' lang='lat' dir='ltr'>dicunt;</span> <span class='ocrx_word' id='word_1_565' title='bbox 418 2490 482 2509; x_wconf 87' lang='lat' dir='ltr'>nam</span> <span class='ocrx_word' id='word_1_566' title='bbox 501 2484 567 2509; x_wconf 86' lang='lat' dir='ltr'>ante</span> <span class='ocrx_word' id='word_1_567' title='bbox 586 2483 657 2509; x_wconf 85' lang='lat' dir='ltr'>hanc</span> <span class='ocrx_word' id='word_1_568' title='bbox 671 2483 806 2516; x_wconf 87' lang='lat' dir='ltr'>synodum</span> <span class='ocrx_word' id='word_1_569' title='bbox 826 2482 865 2508; x_wconf 92' lang='lat' dir='ltr'>nil</span> <span class='ocrx_word' id='word_1_570' title='bbox 884 2483 1034 2509; x_wconf 81' lang='lat' dir='ltr'>orientales</span> <span class='ocrx_word' id='word_1_571' title='bbox 1047 2483 1125 2509; x_wconf 85' lang='lat' dir='ltr'>sedes</span> <span class='ocrx_word' id='word_1_572' title='bbox 1138 2483 1167 2509; x_wconf 91' lang='lat' dir='ltr'>in</span> <span class='ocrx_word' id='word_1_573' title='bbox 1180 2482 1256 2510; x_wconf 86' lang='lat' dir='ltr'>omni</span> <span class='ocrx_word' id='word_1_574' title='bbox 1275 2483 1462 2510; x_wconf 86' lang='lat' dir='ltr'>controversia</span> <span class='ocrx_word' id='word_1_575' title='bbox 1481 2483 1585 2510; x_wconf 84' lang='lat' dir='ltr'>laboris</span> <span class='ocrx_word' id='word_1_576' title='bbox 1604 2484 1785 2518; x_wconf 87' lang='lat' dir='ltr'>assumpsisse</span> <span class='ocrx_word' id='word_1_577' title='bbox 1799 2483 1944 2515; x_wconf 60' lang='lat' dir='ltr'>videntum</span> 
     </span>
     <span class='ocr_line' id='line_1_45' title="bbox 290 2525 1943 2562; baseline 0.002 -11"><span class='ocrx_word' id='word_1_578' title='bbox 290 2525 348 2551; x_wconf 81' lang='lat' dir='ltr'>sola</span> <span class='ocrx_word' id='word_1_579' title='bbox 367 2533 486 2558; x_wconf 87' lang='lat' dir='ltr'>namque</span> <span class='ocrx_word' id='word_1_580' title='bbox 504 2526 595 2559; x_wconf 86' lang='lat' dir='ltr'>prima</span> <span class='ocrx_word' id='word_1_581' title='bbox 613 2526 691 2553; x_wconf 85' lang='lat' dir='ltr'>sedes</span> <span class='ocrx_word' id='word_1_582' title='bbox 709 2527 768 2552; x_wconf 86' lang='lat' dir='ltr'>tam</span> <span class='ocrx_word' id='word_1_583' title='bbox 787 2533 837 2559; x_wconf 85' lang='lat' dir='ltr'>per</span> <span class='ocrx_word' id='word_1_584' title='bbox 855 2534 883 2552; x_wconf 89' lang='lat' dir='ltr'>se</span> <span class='ocrx_word' id='word_1_585' title='bbox 896 2534 980 2559; x_wconf 80' lang='lat' dir='ltr'>quam</span> <span class='ocrx_word' id='word_1_586' title='bbox 997 2534 1046 2560; x_wconf 83' lang='lat' dir='ltr'>per</span> <span class='ocrx_word' id='word_1_587' title='bbox 1058 2526 1164 2560; x_wconf 82' lang='lat' dir='ltr'>scripta</span> <span class='ocrx_word' id='word_1_588' title='bbox 1185 2528 1212 2552; x_wconf 86' lang='lat' dir='ltr'>et</span> <span class='ocrx_word' id='word_1_589' title='bbox 1232 2525 1329 2553; x_wconf 86' lang='lat' dir='ltr'>missos</span> <span class='ocrx_word' id='word_1_590' title='bbox 1347 2534 1410 2552; x_wconf 82' lang='lat' dir='ltr'>suos</span> <span class='ocrx_word' id='word_1_591' title='bbox 1429 2526 1460 2553; x_wconf 89' lang='lat' dir='ltr'>in</span> <span class='ocrx_word' id='word_1_592' title='bbox 1480 2535 1544 2553; x_wconf 83' lang='lat' dir='ltr'>eum</span> <span class='ocrx_word' id='word_1_593' title='bbox 1564 2527 1705 2554; x_wconf 85' lang='lat' dir='ltr'>laborasse</span> <span class='ocrx_word' id='word_1_594' title='bbox 1720 2527 1943 2562; x_wconf 87' lang='lat' dir='ltr'>deprehenditur.</span> 
     </span>
    </p>

    <p class='ocr_par' dir='ltr' id='par_1_5' title="bbox 290 2567 1995 2690">
     <span class='ocr_line' id='line_1_46' title="bbox 290 2567 1995 2604; baseline 0.002 -11"><span class='ocrx_word' id='word_1_595' title='bbox 290 2567 316 2599; x_wconf 83' lang='lat'>2)</span> <span class='ocrx_word' id='word_1_596' title='bbox 339 2568 379 2601; x_wconf 80' lang='lat' dir='ltr'>Cf.</span> <span class='ocrx_word' id='word_1_597' title='bbox 392 2576 477 2601; x_wconf 76' lang='lat' dir='ltr'>supra</span> <span class='ocrx_word' id='word_1_598' title='bbox 496 2576 523 2601; x_wconf 77' lang='grc' dir='ltr'>Ρ.</span> <span class='ocrx_word' id='word_1_599' title='bbox 538 2571 587 2594; x_wconf 82' lang='grc'>377</span> <span class='ocrx_word' id='word_1_600' title='bbox 602 2577 667 2594; x_wconf 73' lang='lat' dir='ltr'>ami..</span> <span class='ocrx_word' id='word_1_601' title='bbox 682 2571 713 2594; x_wconf 90' lang='lat'>13</span> <span class='ocrx_word' id='word_1_602' title='bbox 731 2571 755 2594; x_wconf 80' lang='lat' dir='ltr'>et</span> <span class='ocrx_word' id='word_1_603' title='bbox 773 2568 904 2601; x_wconf 45' lang='lat' dir='ltr'>*imprimis</span> <span class='ocrx_word' id='word_1_604' title='bbox 922 2568 1009 2594; x_wconf 60' lang='lat' dir='ltr'>Vitam</span> <span class='ocrx_word' id='word_1_605' title='bbox 1028 2569 1131 2602; x_wconf 63' lang='lat' dir='ltr'>Ignatii</span> <span class='ocrx_word' id='word_1_606' title='bbox 1155 2578 1172 2594; x_wconf 89' lang='lat' dir='ltr'>a</span> <span class='ocrx_word' id='word_1_607' title='bbox 1192 2568 1282 2595; x_wconf 82' lang='lat' dir='ltr'>David</span> <span class='ocrx_word' id='word_1_608' title='bbox 1300 2568 1398 2594; x_wconf 77' lang='lat' dir='ltr'>Niketa</span> <span class='ocrx_word' id='word_1_609' title='bbox 1421 2569 1556 2603; x_wconf 75' lang='lat' dir='ltr'>scriptam,</span> <span class='ocrx_word' id='word_1_610' title='bbox 1581 2570 1619 2597; x_wconf 76' lang='lat' dir='ltr'>ed.</span> <span class='ocrx_word' id='word_1_611' title='bbox 1633 2571 1730 2604; x_wconf 72' lang='lat' dir='ltr'>Miyne</span> <span class='ocrx_word' id='word_1_612' title='bbox 1749 2571 1765 2597; x_wconf 91' lang='lat' dir='ltr'><em>l.</em></span> <span class='ocrx_word' id='word_1_613' title='bbox 1779 2571 1794 2597; x_wconf 88' lang='grc' dir='ltr'>Ζ.</span> <span class='ocrx_word' id='word_1_614' title='bbox 1811 2569 1865 2601; x_wconf 78' lang='lat' dir='ltr'>GV,</span> <span class='ocrx_word' id='word_1_615' title='bbox 1881 2574 1945 2602; x_wconf 73' lang='lat'><strong><em>544,·</em></strong></span> <span class='ocrx_word' id='word_1_616' title='bbox 1970 2585 1995 2604; x_wconf 73' lang='lat'>45</span> 
     </span>
     <span class='ocr_line' id='line_1_47' title="bbox 292 2610 1947 2647; baseline 0.002 -11"><span class='ocrx_word' id='word_1_617' title='bbox 292 2610 347 2637; x_wconf 74' lang='lat' dir='ltr'>Lib.</span> <span class='ocrx_word' id='word_1_618' title='bbox 356 2613 434 2644; x_wconf 79' lang='lat' dir='ltr'>pont.</span> <span class='ocrx_word' id='word_1_619' title='bbox 450 2611 512 2637; x_wconf 69' lang='lat' dir='ltr'>Vita</span> <span class='ocrx_word' id='word_1_620' title='bbox 527 2611 667 2638; x_wconf 69' lang='lat' dir='ltr'>Hadriani</span> <span class='ocrx_word' id='word_1_621' title='bbox 679 2612 719 2638; x_wconf 89' lang='lat' dir='ltr'><em>II.</em></span> <span class='ocrx_word' id='word_1_622' title='bbox 734 2619 791 2644; x_wconf 81' lang='lat' dir='ltr'>cap.</span> <span class='ocrx_word' id='word_1_623' title='bbox 805 2614 837 2637; x_wconf 83' lang='lat'>23</span> <span class='ocrx_word' id='word_1_624' title='bbox 843 2619 888 2644; x_wconf 67' lang='lat' dir='ltr'>sq„</span> <span class='ocrx_word' id='word_1_625' title='bbox 906 2611 945 2638; x_wconf 82' lang='lat' dir='ltr'>ed.</span> <span class='ocrx_word' id='word_1_626' title='bbox 960 2611 1102 2638; x_wconf 69' lang='lat' dir='ltr'>Duclzesne</span> <span class='ocrx_word' id='word_1_627' title='bbox 1115 2612 1158 2643; x_wconf 89' lang='lat' dir='ltr'>II,</span> <span class='ocrx_word' id='word_1_628' title='bbox 1173 2615 1230 2638; x_wconf 84' lang='grc'><em>178,</em></span> <span class='ocrx_word' id='word_1_629' title='bbox 1318 2612 1344 2644; x_wconf 88' lang='grc'>3)</span> <span class='ocrx_word' id='word_1_630' title='bbox 1368 2611 1408 2644; x_wconf 79' lang='lat' dir='ltr'><em>C&#39;f.</em></span> <span class='ocrx_word' id='word_1_631' title='bbox 1423 2612 1481 2639; x_wconf 85' lang='lat' dir='ltr'>Lib.</span> <span class='ocrx_word' id='word_1_632' title='bbox 1493 2616 1567 2646; x_wconf 76' lang='lat' dir='ltr'>pont.</span> <span class='ocrx_word' id='word_1_633' title='bbox 1581 2613 1597 2639; x_wconf 82' lang='lat' dir='ltr'><em>l.</em></span> <span class='ocrx_word' id='word_1_634' title='bbox 1611 2614 1626 2640; x_wconf 86' lang='lat' dir='ltr'>l.</span> <span class='ocrx_word' id='word_1_635' title='bbox 1638 2622 1666 2647; x_wconf 83' lang='lat' dir='ltr'>p.</span> <span class='ocrx_word' id='word_1_636' title='bbox 1679 2617 1724 2640; x_wconf 80' lang='lat'>178</span> <span class='ocrx_word' id='word_1_637' title='bbox 1733 2621 1770 2647; x_wconf 76' lang='lat' dir='ltr'>sq.</span> <span class='ocrx_word' id='word_1_638' title='bbox 1853 2614 1878 2645; x_wconf 79' lang='lat'>4)</span> <span class='ocrx_word' id='word_1_639' title='bbox 1898 2617 1947 2640; x_wconf 82' lang='grc'>867</span> 
     </span>
     <span class='ocr_line' id='line_1_48' title="bbox 293 2654 1942 2690; baseline 0.001 -10"><span class='ocrx_word' id='word_1_640' title='bbox 293 2654 411 2680; x_wconf 78' lang='lat' dir='ltr'>Novemb.</span> <span class='ocrx_word' id='word_1_641' title='bbox 428 2657 463 2681; x_wconf 88' lang='lat'><em>13.</em></span> <span class='ocrx_word' id='word_1_642' title='bbox 534 2655 560 2687; x_wconf 90' lang='lat'>5)</span> <span class='ocrx_word' id='word_1_643' title='bbox 581 2655 613 2680; x_wconf 78' lang='lat' dir='ltr'>A.</span> <span class='ocrx_word' id='word_1_644' title='bbox 627 2658 677 2681; x_wconf 86' lang='grc'>869</span> <span class='ocrx_word' id='word_1_645' title='bbox 696 2663 781 2681; x_wconf 75' lang='lat' dir='ltr'>mense</span> <span class='ocrx_word' id='word_1_646' title='bbox 800 2655 876 2680; x_wconf 67' lang='lat' dir='ltr'>Maio</span> <span class='ocrx_word' id='word_1_647' title='bbox 896 2655 931 2680; x_wconf 71' lang='lat' dir='ltr'>vel</span> <span class='ocrx_word' id='word_1_648' title='bbox 944 2655 1027 2681; x_wconf 70' lang='lat' dir='ltr'>Iunio</span> <span class='ocrx_word' id='word_1_649' title='bbox 1046 2655 1092 2685; x_wconf 72' lang='lat' dir='ltr'>in..</span> <span class='ocrx_word' id='word_1_650' title='bbox 1113 2656 1149 2686; x_wconf 85' lang='lat' dir='ltr'>cf.</span> <span class='ocrx_word' id='word_1_651' title='bbox 1162 2655 1221 2681; x_wconf 70' lang='lat' dir='ltr'>Lib.</span> <span class='ocrx_word' id='word_1_652' title='bbox 1230 2657 1306 2688; x_wconf 68' lang='lat' dir='ltr'>pont.</span> <span class='ocrx_word' id='word_1_653' title='bbox 1320 2655 1336 2682; x_wconf 82' lang='lat' dir='ltr'><em>l.</em></span> <span class='ocrx_word' id='word_1_654' title='bbox 1350 2655 1366 2682; x_wconf 84' lang='lat' dir='ltr'><em>l.</em></span> <span class='ocrx_word' id='word_1_655' title='bbox 1376 2663 1405 2688; x_wconf 77' lang='lat' dir='ltr'>p.</span> <span class='ocrx_word' id='word_1_656' title='bbox 1418 2658 1477 2687; x_wconf 80' lang='lat'><em>179;</em></span> <span class='ocrx_word' id='word_1_657' title='bbox 1495 2656 1570 2688; x_wconf 77' lang='lat' dir='ltr'>Jaffe&#39;</span> <span class='ocrx_word' id='word_1_658' title='bbox 1582 2656 1646 2690; x_wconf 75' lang='lat' dir='ltr'>Req.</span> <span class='ocrx_word' id='word_1_659' title='bbox 1658 2657 1736 2683; x_wconf 69' lang='lat' dir='ltr'>Peme.</span> <span class='ocrx_word' id='word_1_660' title='bbox 1748 2657 1842 2683; x_wconf 63' lang='grc' dir='ltr'>Εοιη.2</span> <span class='ocrx_word' id='word_1_661' title='bbox 1853 2657 1874 2689; x_wconf 92' lang='lat'>1,</span> <span class='ocrx_word' id='word_1_662' title='bbox 1886 2660 1942 2683; x_wconf 80' lang='lat'><em>370.</em></span> 
     </span>
    </p>

    <p class='ocr_par' dir='ltr' id='par_1_6' title="bbox 291 2697 1943 2773">
     <span class='ocr_line' id='line_1_49' title="bbox 291 2697 1943 2731; baseline 0.002 -9"><span class='ocrx_word' id='word_1_663' title='bbox 291 2697 317 2727; x_wconf 85' lang='grc'>6)</span> <span class='ocrx_word' id='word_1_664' title='bbox 333 2700 380 2723; x_wconf 87' lang='grc'>869</span> <span class='ocrx_word' id='word_1_665' title='bbox 395 2697 458 2723; x_wconf 79' lang='lat' dir='ltr'>Iun.</span> <span class='ocrx_word' id='word_1_666' title='bbox 472 2701 500 2723; x_wconf 86' lang='lat' dir='ltr'>lO</span> <span class='ocrx_word' id='word_1_667' title='bbox 518 2697 597 2729; x_wconf 75' lang='lat' dir='ltr'>datiS,</span> <span class='ocrx_word' id='word_1_668' title='bbox 610 2698 676 2731; x_wconf 75' lang='lat' dir='ltr'>Rey.</span> <span class='ocrx_word' id='word_1_669' title='bbox 687 2698 711 2724; x_wconf 89' lang='lat' dir='ltr'><em>J</em></span> <span class='ocrx_word' id='word_1_670' title='bbox 711 2698 767 2729; x_wconf 76' lang='lat' dir='ltr'>affe&#39;</span> <span class='ocrx_word' id='word_1_671' title='bbox 779 2700 851 2729; x_wconf 79' lang='lat'><strong><em>2913,</em></strong></span> <span class='ocrx_word' id='word_1_672' title='bbox 862 2701 935 2729; x_wconf 70' lang='lat'><strong><em>2914,</em></strong></span> <span class='ocrx_word' id='word_1_673' title='bbox 955 2697 991 2724; x_wconf 76' lang='lat' dir='ltr'>ed.</span> <span class='ocrx_word' id='word_1_674' title='bbox 1006 2698 1037 2723; x_wconf 85' lang='lat' dir='ltr'><em>M</em></span> <span class='ocrx_word' id='word_1_675' title='bbox 1040 2698 1073 2724; x_wconf 76' lang='lat' dir='ltr'>G.</span> <span class='ocrx_word' id='word_1_676' title='bbox 1085 2698 1173 2731; x_wconf 81' lang='lat' dir='ltr'>Epist.</span> <span class='ocrx_word' id='word_1_677' title='bbox 1186 2698 1233 2730; x_wconf 86' lang='lat' dir='ltr'>VI,</span> <span class='ocrx_word' id='word_1_678' title='bbox 1249 2702 1300 2729; x_wconf 82' lang='lat'><em>750,</em></span> <span class='ocrx_word' id='word_1_679' title='bbox 1314 2702 1366 2725; x_wconf 83' lang='lat'><em>754.</em></span> <span class='ocrx_word' id='word_1_680' title='bbox 1439 2699 1463 2730; x_wconf 83' lang='lat'>7)</span> <span class='ocrx_word' id='word_1_681' title='bbox 1487 2698 1527 2729; x_wconf 83' lang='lat' dir='ltr'>Of.</span> <span class='ocrx_word' id='word_1_682' title='bbox 1541 2707 1614 2726; x_wconf 73' lang='lat' dir='ltr'>conc.</span> <span class='ocrx_word' id='word_1_683' title='bbox 1631 2699 1748 2726; x_wconf 73' lang='lat' dir='ltr'>Ohalced.</span> <span class='ocrx_word' id='word_1_684' title='bbox 1762 2702 1812 2726; x_wconf 79' lang='lat' dir='ltr'>act.</span> <span class='ocrx_word' id='word_1_685' title='bbox 1826 2699 1885 2731; x_wconf 88' lang='lat' dir='ltr'><strong><em>III,</em></strong></span> <span class='ocrx_word' id='word_1_686' title='bbox 1904 2699 1943 2726; x_wconf 78' lang='lat' dir='ltr'>ed.</span> 
     </span>
     <span class='ocr_line' id='line_1_50' title="bbox 294 2739 854 2773; baseline 0.005 -10"><span class='ocrx_word' id='word_1_687' title='bbox 294 2739 388 2765; x_wconf 77' lang='lat' dir='ltr'>Mansi</span> <span class='ocrx_word' id='word_1_688' title='bbox 401 2739 445 2771; x_wconf 86' lang='lat' dir='ltr'>VI,</span> <span class='ocrx_word' id='word_1_689' title='bbox 461 2743 537 2767; x_wconf 73' lang='lat'><em>1047.-</em></span> <span class='ocrx_word' id='word_1_690' title='bbox 561 2739 627 2766; x_wconf 79' lang='lat' dir='ltr'>MG.</span> <span class='ocrx_word' id='word_1_691' title='bbox 643 2740 783 2773; x_wconf 57' lang='lat' dir='ltr'>ffloistVI,</span> <span class='ocrx_word' id='word_1_692' title='bbox 797 2744 854 2767; x_wconf 76' lang='lat'><em>467.</em></span> 
     </span>
    </p>
   </div>
  </div>
 </body>
</html>
