2189 3042
293 116 355 144 400
517 108 710 136 ANASTASII
733 105 1028 133 BIBLIOTHECARII
1048 104 1246 132 EPIS'I'OLAE
1264 105 1345 132 SIVE
1363 105 1639 132 PRAEFATIONES
1657 107 1682 133 2.
1695 106 1718 133 3.

290 198 429 228 nimum⁰
454 195 609 226 ccclesiae
634 193 822 225 Romanaeb
848 192 1060 233 presbiterum
1091 195 1124 223 et
1155 191 1280 223 divinae
1304 191 1541 223 bibliothecae⁰
1567 192 1763 223 cultoremd¹
1791 197 1941 224 actenus⁰

288 259 349 279 non
374 246 552 277 hausissetf.
593 245 734 276 Verum&
757 244 927 285 diligenter
955 244 1116 284 inquirens
1148 243 1244 274 nichil
1276 244 1428 284 scriptum
1459 243 1499 274 de
1523 243 1590 274 vita
1616 243 1709 274 huius
1732 244 1832 274 sancti
1856 244 1941 284 apud

289 300 422 330 Latinos
445 298 560 330 inveni.
585 297 643 327 nisi
669 296 731 327 duo
756 295 981 326 mii·aculorum
1006 295 1089 333 eius,
1120 294 1151 325 id
1188 298 1236 326 est
1266 294 1306 326 de
1331 305 1430 335 puero
1456 293 1573 325 Christi
1601 298 1757 335 negatore
1785 294 1941 326 liberato²

289 355 321 381 et
351 350 483 380 muliere
515 360 533 379 a
563 347 724 389 peccatish
755 347 898 387 erepta³.
946 346 1036 382 Quae
1069 350 1176 377 tamen
1204 346 1287 377 adeo
1316 346 1492 387 depravata
1526 345 1677 386 repperii,
1707 348 1742 376 ut
1770 356 1876 377 rursus
1904 357 1942 378 ea

287 401 489 441 interpretari
529 410 623 441 quam
660 398 854 430 emendarek
887 397 1093 429 maluissem1.
1149 397 1233 429 Sane
1273 397 1448 429 notandum
1485 400 1572 437 estm‚
1606 397 1680 438 quia
1712 407 1783 428 cum
1813 397 1943 438 quidam

290 453 400 493 legunt
423 452 453 482 in
479 452 526 482 liis
550 450 704 482 actibusu.
730 455 834 491 quae⁰
864 452 991 480 sauctus
1015 449 1280 490 Amphilochiusv
1310 449 1444 490 scripsit,
1471 449 1687 490 discrepasse'1
1713 451 1879 480 autumant
1902 449 1943 480 ab

289 504 347 540 his,
378 514 460 544 quae
490 502 665 543 Gregorius
689 502 926 532 Nazianzenus¹
957 502 987 531 in
1020 501 1203 542 epitaphio⁸
1226 500 1319 531 huius
1351 501 1459 542 magni
1482 501 1564 531 viri4
1594 504 1839 539 commemorat,
1872 511 1944 532 cum

290 556 372 587 alter
389 555 487 586 fortet
503 555 648 591 tacuerit,
672 553 757 595 quod
778 553 860 583 alter
875 563 937 583 non
956 553 1053 584 tacuit
1062 558 1084 589 ¹¹,
1107 552 1139 583 id
1156 553 1259 593 ipsum
1276 552 1367 583 nobis
1383 553 1485 584 interY
1503 552 1743 592 evangelistas*
1758 552 1944 593 repperien-

291 607 390 644 tibus,
420 607 609 647 praesertim
638 616 709 636 cum
741 608 772 636 et
800 604 885 635 idem
911 604 1190 645 Amphilochiusx,
1218 604 1292 645 quiy
1316 613 1412 645 super
1440 604 1519 635 tanti
1542 603 1600 634 viri
1629 604 1713 634 vitaz
1741 603 1944 644 scripserint·

288 659 369 689 haec
394 658 594 698 expositurus
618 660 729 697 aperte
755 655 962 696 designet*⁵.

1105 820 1133 849 3.

394 881 589 912 Amistasius·
618 879 872 911 bibliothecarius
904 879 1046 910 Adonem
1076 877 1280 909 Viennensem
1310 877 1574 918 arehiepiscopum
1605 878 1764 909 certiorem
1792 877 1874 915 facit
1907 879 1944 910 de

290 936 386 965 morte
402 932 527 964 Nicolai
543 933 570 963 I.
590 942 704 971 papae,
727 931 764 962 de
779 940 953 962 successore
969 931 1037 962 eius
1054 930 1224 961 Hadriano
1241 930 1300 966 IL,
1324 930 1360 960 de
1383 930 1436 967 eis,
1461 930 1517 969 qui
1540 939 1634 970 opera
1657 932 1686 959 et
1708 930 1827 970 scripta
1840 940 1944 971 papae

288 984 432 1023 defuncti
455 985 612 1015 destruere
633 986 785 1015 conentur
792 994 801 1021 ;
824 983 937 1022 quibus
959 985 993 1013 ut
1016 982 1051 1013 in
1078 981 1194 1013 Galliis
1217 982 1390 1018 resistatur,
1416 981 1572 1013 instanter
1594 983 1692 1021 royat.

1467 1034 1539 1074 post
1561 1033 1625 1063 867
1648 1032 1789 1066 Decemb.
1807 1032 1856 1064 14.

395 1096 470 1122 Ood.:
490 1095 575 1121 Vatie.
588 1095 685 1129 Reyin.
699 1095 745 1120 lat.
758 1098 803 1120 566
816 1094 848 1126 (s.
859 1095 904 1125 Χ.)
917 1095 959 1125 (=
973 1093 1018 1126 V),
1038 1093 1068 1119 de
1086 1101 1137 1126 quo
1149 1093 1185 1125 ef.
1199 1093 1233 1119 E.
1245 1092 1332 1119 Perels
1344 1092 1375 1118 in
1387 1091 1486 1118 ‘Neues
1495 1092 1604 1118 Archiv'
1618 1092 1777 1125 XXXVII,
1785 1096 1842 1124 564,
1855 1093 1876 1125 f.
1889 1094 1944 1123 622·

289 1142 357 1166 cont.
372 1140 405 1166 A.
420 1139 450 1166 V.
464 1138 570 1165 Meller.
603 1138 689 1164 Extat
716 1137 857 1162 Embolum
881 1137 961 1162 etiam
984 1137 1016 1162 in
1040 1136 1096 1162 eod.
1115 1136 1205 1162 Paris.
1227 1135 1289 1162 Coll.
1310 1135 1426 1161 Moreau
1445 1139 1509 1162 1131
1527 1135 1548 1166 f.
1560 1139 1598 1166 57,
1623 1135 1669 1161 ubi
1693 1135 1723 1160 in
1744 1135 1864 1168 marqine
1887 1136 1944 1161 alia

289 1191 373 1208 manu
391 1181 557 1214 adscriptum
576 1183 626 1206 est:
646 1180 843 1214 Fragmentum
865 1179 1001 1213 epistolae
1027 1179 1179 1211 cuiusdam,
1199 1178 1389 1205 verisimiliter
1409 1177 1524 1204 Adriani
1542 1187 1589 1212 pp.
1603 1178 1652 1210 11.;
1677 1186 1725 1204 nec
1749 1186 1807 1205 vero
1825 1177 1943 1209 dubium,

288 1226 354 1258 quin
373 1225 420 1251 hoe
437 1224 617 1258 fraymentum
635 1231 668 1249 ex
685 1223 712 1248 V
725 1222 883 1256 descriptum
901 1223 943 1254 sit,
968 1230 1027 1249 cum
1045 1231 1084 1254 ea,
1103 1230 1171 1255 quae
1189 1222 1219 1247 in
1238 1222 1264 1248 V
1276 1222 1397 1255 marqine
1415 1221 1522 1247 dextero
1539 1221 1664 1247 mutilato
1683 1221 1733 1255 leyi
1750 1229 1806 1246 non
1821 1224 1943 1254 posswnt,

289 1269 368 1295 etiam
386 1268 416 1294 in
436 1268 469 1293 M
485 1267 672 1298 desiderentur,
692 1266 727 1298 cf.
741 1266 830 1292 Perels
848 1266 878 1291 in
895 1266 997 1292 ‘Neues
1010 1265 1117 1292 Archviv’
1134 1265 1297 1297 XXXVII,
1312 1268 1369 1291 583.

392 1319 476 1346 EM:
493 1318 582 1345 Labbe
602 1318 724 1345 eoncilia
740 1317 822 1349 VIII,
838 1321 888 1344 566
902 1330 931 1341 =
948 1317 1042 1344 Mansi
1058 1317 1156 1343 Concil.
1170 1317 1228 1344 coll.
1242 1316 1306 1348 XV,
1320 1320 1368 1343 453
1380 1328 1408 1338 =
1423 1316 1514 1349 Mimw
1532 1316 1608 1342 Patr.
1622 1316 1668 1342 lat.
1685 1315 1826 1348 CXXIX,
1839 1320 1890 1342 741.
1911 1331 1942 1335 -

288 1362 455 1396 Loewcnfeld
467 1362 507 1389 ed.
515 1361 656 1387 Embolum
664 1360 799 1386 in‘Neues
809 1361 914 1387 Arehiv'
928 1360 993 1393 VII,
1004 1364 1049 1387 158
1063 1368 1094 1386 ea:
1105 1360 1142 1386 M
1150 1360 1200 1386 sub
1214 1360 1320 1386 nomine
1330 1359 1472 1385 Hadriani
1482 1359 1522 1385 II.
1534 1359 1582 1393 (cf.
1593 1359 1659 1393 Req.
1667 1358 1741 1391 Jaffe
1750 1361 1860 1392 2946a);
1872 1358 1944 1385 hwne

288 1414 401 1432 errwem
413 1413 480 1432 corr.
490 1405 523 1431 E.
533 1405 621 1430 Perels
634 1404 664 1430 in
675 1404 710 1430 M
712 1403 745 1431 G.
753 1404 842 1437 Epist.
849 1403 957 1435 VI‚697
968 1411 1033 1429 ann.
1041 1408 1060 1430 1.
1071 1418 1099 1422 —
1110 1403 1150 1437 Cf.
1162 1411 1230 1436 qnae
1242 1403 1375 1428 Mabillon
1384 1403 1453 1428 Acta
1465 1403 1631 1428 Sanctorum
1643 1402 1748 1428 ordinis
1759 1410 1779 1428 s.
1788 1401 1926 1428 Benedicti
1934 1403 1942 1418 ¹

289 1449 342 1482 IV,
355 1453 370 1474 2
388 1457 414 1482 p.
426 1452 516 1481 268sq.
535 1447 564 1474 de
582 1447 633 1473 hac
652 1447 760 1480 epistola
779 1447 812 1473 ab
831 1447 888 1480 ipso
905 1454 961 1472 non
978 1446 1051 1472 edita
1062 1448 1176 1472 narrat.-
1190 1447 1282 1479 ‘quam
1299 1445 1437 1479 epistolam
1455 1445 1519 1472 aliis
1539 1445 1620 1471 etiam
1641 1445 1795 1472 Galliarum
1814 1445 1943 1481 episcopis

289 1493 416 1519 directam
425 1492 508 1524 fnisse
519 1490 638 1516 intelleaei
649 1498 681 1516 ex
694 1498 740 1517 ms.
750 1490 838 1516 codice
848 1489 1067 1516 Autisiodorensi
1080 1489 1234 1515 monasterii
1247 1497 1267 1516 s,
1277 1489 1413 1521 Mariani,
1422 1489 1453 1514 in
1465 1496 1519 1522 quo
1529 1488 1591 1515 haec
1603 1488 1712 1522 epistola
1725 1488 1764 1514 sic
1776 1488 1942 1514 inscribitur:

292 1535 457 1562 Venerando
481 1534 550 1560 mihi
571 1537 599 1560 et
619 1533 700 1560 valde
719 1533 862 1567 diligendo
881 1533 922 1559 ill.
936 1532 1149 1567 archiepiscopo
1168 1532 1209 1559 ill.
1223 1532 1373 1566 plurimam
1392 1531 1521 1559 salutem.
1558 1531 1650 1558 Triste
1669 1531 1723 1558 tibi
1741 1530 1870 1558 nuntium
1888 1532 1940 1558 etc!

292 1621 460 1648 DOMINO*
474 1622 605 1646 SANGTO
624 1621 726 1645 PATRI
740 1622 846 1645 ADONI
859 1620 1068 1645 VENERANDO
1082 1620 1161 1644 MIHI
1180 1620 1223 1644 ET
1240 1620 1356 1644 VALDE
1374 1620 1563 1644 DILIGENDO
1576 1617 1864 1644 ARCHIEPISCOPffl
1877 1620 1944 1644 EGO

291 1666 519 1690 ANASTAslUsu
542 1665 697 1688 SANCTAE
719 1664 886 1688 ROMANAE
910 1664 1094 1688 ECCLESIAE
1119 1663 1430 1687 BIBLIOTHECARIUS
1455 1663 1638 1687 PLURIMAM
1660 1662 1750 1688 OPTO
1775 1663 1944 1689 SALUTEM.

395 1720 499 1751 Triste
522 1719 579 1750 tibi
609 1719 763 1758 nuntium,
792 1729 850 1759 pro
875 1717 975 1758 dolor,
1009 1718 1143 1749 nimium
1174 1718 1270 1749 tristis
1300 1720 1333 1748 et
1362 1727 1495 1758 gemens
1523 1718 1720 1749 transmitto:
1753 1717 1945 1749 venerabilis

293 1772 412 1813 quippe
435 1771 666 1802 recordationis
689 1774 781 1811 pater
805 1773 837 1801 et
859 1780 945 1811 papa
967 1772 1075 1801 noster
1090 1769 1265 1800 Nicholaus
1288 1769 1329 1800 ab
1348 1769 1407 1800 hac
1429 1770 1546 1801 misera
1562 1770 1627 1800 vita
1648 1769 1754 1801 idibus
1770 1769 1946 1801 Novemb.'¹

400 1917 426 1950 *)
446 1916 579 1943 Relatiob
599 1915 791 1950 Amphilochii
815 1915 939 1949 episcopi
958 1914 1078 1941 Yconii⁰
1102 1914 1136 1940 de
1155 1914 1215 1941 vita
1239 1916 1268 1941 et
1293 1914 1436 1941 miraculis
1454 1914 1567 1941 sanctifi
1586 1914 1705 1941 Basilii*³
1723 1914 1947 1949 archiepiscopis

449 1960 476 1991 Ο,
495 1960 536 1992 Vl,
556 1960 587 1986 P.
626 1959 750 1993 Explicit
770 1959 909 1993 prologus.
947 1958 1051 1992 Incipit
1070 1958 1130 1984 vita
1148 1966 1170 1984 v.
1683 1960 1689 1965 '

383 2003 425 2035 **)
444 2003 643 2036 Sapen-scriptio
666 2003 696 2028 in
711 2002 747 2028 V.-
774 2002 899 2036 Epistola
918 2001 1061 2028 reverendi
1080 2000 1222 2027 Auestasii
1240 2001 1319 2034 (sim)
1341 2000 1490 2034 presbiteri
1507 2003 1537 2028 et
1555 2000 1667 2028 abbatis
1686 2009 1718 2027 ac
1738 1999 1947 2028 bibliothecarii

450 2054 546 2072 sacrae
566 2046 707 2072 Romanae
726 2044 869 2072 ecclesiae.

397 2124 419 2155 a)
438 2125 593 2150 Ieronimum
609 2123 636 2148 V.
702 2123 725 2152 b)
746 2124 889 2147 Romanum
903 2122 932 2147 P.
1002 2124 1024 2153 ⁰)
1040 2123 1194 2154 blibiotheee
1211 2121 1241 2149 V:
1260 2123 1395 2148 biliothece
1412 2122 1456 2151 Vl,·
1475 2122 1628 2147 bliuiotheee
1642 2122 1670 2147 P.
1734 2121 1759 2152 d)
1773 2122 1870 2147 cultore
1884 2121 1914 2152 P,
1924 2131 1946 2146 v.

294 2168 316 2199 Θ)
334 2168 370 2193 sic
391 2167 417 2195 C.
433 2167 473 2198 Vl,
487 2167 518 2192 P.
601 2165 619 2196 ἢ
640 2167 751 2191 ausisset
772 2166 798 2196 Ο,
813 2165 842 2196 V,
862 2165 905 2194 Vt·
932 2167 1046 2190 auxisset
1067 2165 1096 2190 P.
1176 2165 1201 2197 8)
1221 2166 1421 2198 Verumptameu
1439 2165 1470 2190 P.
1555 2164 1580 2198 h)
1599 2170 1702 2198 peccatu
1720 2174 1743 2191 υ.
1823 2164 1841 2196 i)
1860 2166 1947 2197 depra-

292 2215 351 2236 vata
369 2211 481 2244 repperit
501 2210 532 2238 C,·
551 2210 650 2242 repperi
668 2210 809 2241 depravata
827 2218 849 2233 v.
950 2207 976 2240 ¹¹)
995 2217 1060 2240 quas
1079 2209 1207 2233 emendari
1227 2209 1346 2233 mendare
1364 2208 1394 2232 P.
1502 2207 1520 2240 ¹)
1540 2209 1693 2234 maluissent
1710 2208 1745 2236 P,-
1772 2208 1905 2234 maluerim
1923 2217 1946 2232 υ.

294 2254 325 2285 m)
345 2262 393 2278 om.
408 2253 434 2278 Ο.
517 2257 541 2283 ¹¹)
560 2254 622 2278 actis
642 2252 671 2281 P,
684 2262 706 2276 v.
790 2252 814 2282 0)
833 2259 911 2283 quem
932 2251 961 2275 P.
1041 2250 1066 2283 Ρ)
1087 2251 1283 2284 Aphilosochius
1304 2251 1333 2280 V,-
1355 2244 1534 2284 Xphyloehius
1552 2251 1598 2284 (ph
1617 2251 1698 2283 corr.)
1716 2260 1739 2276 υ.
1810 2251 1834 2281 q)
1855 2251 1947 2275 disere-

294 2302 377 2329 passet
396 2296 425 2321 P.
525 2296 546 2327 ¹)
565 2297 714 2321 Nazozsnus
735 2294 768 2325 0,·
787 2295 963 2319 Nanziazenus
982 2294 1015 2325 V‚·
1030 2294 1073 2323 W,-
1092 2295 1288 2319 Nanzianzeuus
1307 2294 1337 2319 P.
1438 2294 1459 2325 Β)
1479 2295 1617 2327 epytaphio
1636 2294 1664 2324 V,
1678 2293 1709 2318 P.
1813 2293 1833 2325 t)
1852 2302 1900 2318 om.
1915 2293 1945 2317 P.

294 2340 319 2369 u)
338 2341 445 2364 tacuerit
465 2340 491 2364 Ο.
589 2339 613 2369 V)
633 2347 680 2363 om.
695 2338 725 2362 P.
822 2338 852 2368 W)
871 2338 1029 2370 evangelista
1050 2337 1075 2362 0.
1182 2338 1207 2367 x)
1227 2329 1407 2370 §phyloehius
1426 2337 1453 2362 V.
1559 2336 1584 2368 5)
1604 2340 1620 2370 ᾇ
1638 2337 1678 2362 Vl.
1777 2337 1800 2367 Ζ)
1820 2337 1900 2361 uitam
1921 2336 1948 2361 C.

294 2384 318 2413 ⁸)
337 2384 465 2415 scripserit
484 2382 511 2413 0,
530 2382 567 2408 Vc.
637 2380 661 2413 b)
681 2382 811 2406 Revelatio
831 2380 858 2405 C.
940 2381 962 2411 c)
982 2381 1075 2405 Icconii
1095 2380 1131 2409 P‚·
1152 2389 1199 2405 om.
1217 2378 1243 2405 C.
1325 2379 1349 2411 d)
1369 2381 1436 2406 beati
1455 2380 1484 2404 P.
1566 2383 1588 2411 Β)
1607 2380 1686 2405 Basili
1707 2379 1742 2410 C;
1761 2380 1851 2405 Basilii
1870 2379 1925 2412 (ult.
1941 2380 1948 2404 i

296 2433 362 2449 corr.
376 2433 407 2450 ex
425 2425 449 2456 s)
467 2424 498 2449 P.
570 2423 589 2456 f)
609 2426 780 2450 Neocesareae
798 2424 977 2456 Cappadociae
997 2423 1058 2448 add.
1072 2423 1103 2447 P.

399 2468 422 2493 3.
450 2468 473 2498 εδ)
494 2468 645 2493 Anastasius
663 2467 693 2492 V.

402 2548 425 2579 l)
447 2548 490 2581 Cf.
508 2548 582 2581 epist.
596 2547 705 2574 Nicolai
723 2547 748 2574 I.
764 2554 854 2580 papae
873 2546 935 2579 Rey.
949 2545 1022 2577 Jaffc'
1040 2549 1111 2577 2873,
1136 2546 1176 2573 ed.
1192 2546 1259 2573 ΜΘ.
1273 2546 1361 2580 Epist.
1376 2547 1420 2578 VI,
1436 2550 1485 2573 324
1503 2547 1520 2573 l.
1535 2550 1579 2573 27:
1605 2545 1734 2573 caelestis
1758 2545 1948 2572 bibliothecae

298 2591 388 2618 cultor
401 2610 407 2617 .
421 2612 427 2617 .
440 2591 624 2617 Hieronimus.
695 2591 720 2622 2)
738 2590 801 2616 Vita
816 2589 913 2615 Basilii
931 2596 990 2621 cap.
1005 2592 1020 2614 8
1038 2588 1075 2615 ed.
1088 2589 1179 2622 Miyne
1194 2589 1269 2615 Patr.
1280 2589 1328 2616 lat.
1340 2589 1490 2622 LXXIII,
1500 2593 1556 2616 302.
1627 2589 1654 2622 3)
1668 2589 1701 2616 L.
1712 2589 1728 2615 l.
1742 2597 1800 2622 cap.
1811 2592 1842 2615 10
1853 2597 1878 2622 p.
1891 2592 1949 2615 307.

296 2635 322 2666 4)
344 2633 422 2667 Quod
438 2636 512 2660 eoetat
530 2633 630 2659 editum
647 2642 665 2659 α
684 2632 718 2659 F.
732 2632 885 2666 Boulenyer
900 2631 1035 2665 ‘Gre'yoire
1053 2632 1083 2657 de
1102 2632 1246 2665 Naziame,
1267 2632 1399 2659 Diseours
1411 2633 1543 2667 funebres
1556 2641 1589 2659 en
1607 2633 1748 2658 Phonnewr
1766 2631 1797 2658 de
1814 2640 1862 2658 son
1879 2632 1948 2665 frere

299 2677 404 2703 Cesaire
421 2680 444 2703 et
464 2676 496 2702 de
517 2677 605 2702 Bas-ile
624 2676 655 2702 de
675 2674 789 2702 Ge'sare'e'
803 2675 896 2708 (Paris
910 2676 988 2707 1908)
1004 2682 1031 2707 p.
1045 2678 1076 2701 53
1083 2683 1136 2707 sqq.
1226 2676 1252 2707 5)
1274 2676 1308 2701 ln
1326 2676 1440 2710 proloyo
1460 2675 1637 2709 Amphilochii
1656 2676 1689 2701 ab
1703 2676 1850 2702 Anastasio
1868 2683 1948 2707 verso,

299 2719 393 2753 Miyne
412 2720 428 2746 l.
443 2720 458 2746 l.
469 2728 496 2752 p.
512 2723 601 2752 295811.
707 2720 733 2750 6)
754 2718 895 2743 Viennensi
915 2720 1106 2745 559J60—875.
1212 2719 1238 2752 7)
1258 2719 1336 2744 Anni
1354 2723 1410 2745 867.

1970 665 1995 684 10

1971 1103 1995 1121 1⁵

1971 1540 1994 1559 2⁵

1973 1922 1999 1942 ³0

1976 2639 2001 2658 4⁵
