2189 3042
238 140 301 168 272
667 132 846 160 IOHANNIS
865 132 940 158 vin.
959 131 1078 158 PAPAE
1101 131 1300 159 EPISTOLAE
1323 133 1380 159 313.
1400 133 1458 159 314.

238 222 461 253 auctoritatem
489 220 684 251 validissime
715 218 924 255 contradatis;
956 218 1070 260 quodsi
1098 218 1131 249 in
1159 217 1221 250 hoc
1250 219 1463 260 neglegentes
1489 229 1560 260 vos,
1592 230 1728 261 quorum
1756 220 1886 251 nomina

237 273 452 314 suprascripta
469 274 555 311 sunt,
579 271 703 301 fueritis
722 273 754 301 et
770 271 838 311 ipse
855 269 1083 311 quoquomodo
1101 269 1251 311 effugerit
1267 280 1286 301 a
1302 270 1403 312 vobis,
1420 271 1533 302 scitote
1550 281 1608 312 per
1624 281 1886 312 unumquemque

237 327 376 355 vestrum
401 326 529 353 centum
553 332 668 353 aureos
692 321 809 352 dabitis
832 324 938 361 nostre
962 322 1060 362 parti,
1084 322 1214 362 insuper
1237 332 1279 353 ex
1302 321 1364 353 Dei
1388 323 1615 363 omnipotentis
1639 325 1886 363 sanctorumque

237 375 454 416 apostolorum
478 374 567 405 Petri
596 377 628 404 et
650 373 744 404 Pauli
775 376 809 404 et
834 375 943 404 nostra
972 373 1150 413 apostolica
1177 374 1369 405 auctoritate
1398 384 1417 404 a
1446 374 1519 405 vino
1548 377 1581 405 et
1608 376 1719 405 coctoa
1742 374 1887 414 suspensi

237 429 365 457 manete
389 436 490 467 usque
516 425 556 456 ad
573 428 713 456 nostram
730 424 935 466 presentiam,
960 425 1059 455 ceteri
1075 435 1162 464 vero,
1187 425 1212 455 si
1228 424 1289 456 hoc
1306 425 1392 466 quod
1408 425 1555 457 iubemus
1572 425 1707 466 adsequi
1727 425 1887 456 noluerint

237 480 292 508 aut
314 477 533 508 subtrahendo
557 487 686 517 quoquo
709 476 806 507 modo
835 486 869 506 se
897 475 958 506 huc
986 474 1061 506 illuc
1090 475 1279 507 diverterint
1307 480 1339 508 et
1366 487 1468 518 usque
1496 477 1538 508 ad
1567 476 1717 508 effectum
1748 477 1794 508 rei
1823 487 1886 508 non

235 529 524 570 perseveraverint,
549 528 705 569 superiori
729 526 1054 559 excommunicationi
1078 527 1276 558 subiaceant.

340 598 433 622 DATA
453 598 482 621 V.
502 597 686 621 KALENDAS
708 596 930 627 SEPTEMBRIS,
950 597 1149 621 INDICTIONE
1168 597 1223 622 XV.

1026 739 1098 768 314.

344 797 500 829 Iohannes
522 796 619 828 VIII.
639 807 728 836 papa
743 796 883 828 Iohanni
905 798 980 828 duci
1003 799 1031 828 et
1054 797 1148 828 misso
1174 807 1232 828 sao
1254 797 1427 836 praecipit,
1458 800 1494 828 at
1516 797 1743 828 Maimbertum
1765 795 1887 837 (Bono-

234 849 371 880 niensem
395 848 555 889 clericum)
583 848 718 880 Romam
743 849 958 880 deducendum
986 851 1095 880 curent
1126 851 1154 880 et
1182 848 1345 888 epistolam
1373 859 1465 880 suam
1490 848 1632 880 Romano
1655 848 1886 887 archiepiscopo

235 901 387 932 directam
411 902 456 940 (n.
473 901 552 941 311)
575 910 680 932 coram
702 901 917 932 sacerdotibus
939 903 968 932 et
992 900 1151 932 iudicibus
1174 899 1232 940 Zeyz'
1253 899 1387 939 faciant.
1599 901 1663 931 882
1685 900 1800 940 (Amy.)

349 964 425 990 Coti„-
454 964 481 990 R
498 967 518 998 f.
533 966 591 990 122¹
609 973 637 991 a.
650 967 704 991 316.

339 1015 424 1042 Edcl.:
452 1015 544 1042 Editio
558 1015 685 1042 Romana
697 1017 780 1049 (1591)
798 1016 854 1048 III,
867 1020 915 1042 512
932 1024 959 1042 a.
971 1019 1028 1043 303.
1062 1015 1156 1042 Mansi
1175 1015 1253 1042 Cone.
1266 1015 1320 1042 coll.
1337 1015 1367 1041 X
1372 1015 1436 1048 VII,
1450 1018 1498 1041 222
1515 1024 1543 1042 a.
1553 1018 1610 1042 303.
1640 1015 1733 1049 Miyne
1751 1015 1826 1042 Patr.
1840 1016 1885 1043 lat.

238 1058 372 1091 CXXVI,
393 1062 439 1085 956
457 1068 483 1085 n.
496 1062 551 1085 364.
572 1074 603 1077 —
623 1059 695 1091 Jaffe}
714 1059 776 1092 Res).
794 1062 864 1085 3386
882 1059 974 1094 (2611).
1010 1059 1084 1085 Κάιν
1103 1059 1189 1085 Italia
1204 1058 1348 1092 pontificia
1366 1058 1397 1091 V,
1412 1062 1443 1084 92
1461 1066 1488 1084 η.
1501 1061 1539 1084 36.

322 1147 449 1171 SERVUS
471 1146 654 1171 SERVORUM
677 1147 754 1170 DEIa
772 1146 918 1171 IOHANNI
942 1146 1023 1171 DUCI
1047 1146 1218 1170 DILICIOSO
1240 1146 1356 1170 FIDELI
1380 1146 1443 1170 SEU
1465 1146 1508 1169 ET
1527 1145 1627 1170 MISSO
1647 1145 1804 1170 NOSTR01.

344 1200 529 1232 Gratulatos
563 1211 620 1231 nos
656 1211 718 1231 non
752 1200 899 1232 modiceb
928 1200 1054 1241 credas,
1086 1211 1124 1232 eo
1156 1200 1241 1242 quod
1273 1200 1465 1231 fidelitatem
1498 1203 1605 1231 tuam⁰
1638 1210 1716 1241 erga
1743 1204 1886 1232 sanctam

236 1253 416 1284 Romanam
455 1253 624 1283 ecclesiam
662 1255 869 1294 nostrumque
908 1252 1147 1293 apostolatum<l
1182 1255 1365 1283 constanter
1402 1252 1603 1293 repperimus
1641 1251 1784 1293 vigilare.
1845 1252 1887 1283 Et

236 1304 309 1335 ideo
334 1315 391 1345 per
414 1304 471 1334 hos
494 1305 619 1334 nostros
642 1304 836 1344 apostolicos
859 1304 969 1344 apices
992 1307 1045 1344 tue
1068 1303 1218 1335 fidelitati
1241 1303 1402 1343 iubemus,
1432 1306 1468 1334 ut
1495 1303 1536 1334 de
1559 1303 1752 1334 Maimberto
1783 1304 1886 1334 modis

237 1355 398 1394 omnibus,
428 1355 508 1385 sicut
532 1355 659 1394 misisti,
688 1355 808 1395 pariter
832 1365 903 1385 curn
926 1355 987 1386 isto
1011 1356 1108 1386 misso
1132 1358 1240 1386 nostro
1271 1354 1402 1396 explere
1428 1354 1590 1394 decertes,
1619 1357 1656 1386 ut
1677 1354 1764 1386 nullo
1788 1355 1884 1386 modo

237 1406 398 1447 effugere0
421 1406 530 1446 possit,
555 1405 612 1436 sed
635 1406 835 1446 separatum‘
857 1406 896 1437 ab
921 1406 1174 1448 archiepiscopo,
1198 1407 1228 1437 vi
1252 1409 1431 1447 coactumss,
1455 1409 1627 1448 postquam
1650 1406 1690 1438 ab
1715 1417 1753 1438 eo
1778 1407 1885 1438 omnia

236 1468 293 1488 sua
318 1460 499 1488 constanter
523 1457 719 1498 exigeritish,
744 1458 785 1488 ad
809 1461 950 1488 nostram
974 1459 1169 1499 presentiam
1186 1458 1362 1489 districtum
1388 1458 1548 1490 deducere
1568 1459 1739 1489 studetote.
1778 1458 1885 1490 Etiam

237 1512 269 1540 et
296 1509 367 1540 illas
390 1509 555 1548 mulieres,
585 1520 663 1549 quas
686 1519 769 1539 nunc
792 1510 823 1539 in
847 1519 904 1539 sua
927 1510 1093 1540 mansione
1117 1509 1269 1540 collectas
1293 1509 1430 1550 detinet,
1461 1510 1493 1540 in
1516 1512 1624 1540 nostro
1648 1510 1786 1541 rectorio
1815 1510 1885 1541 easi

235 1561 373 1591 retinere
390 1560 538 1591 iubemus
555 1570 654 1601 usque
672 1560 712 1591 ad
729 1564 869 1591 nostram
886 1561 1042 1591 notitiam.
1074 1560 1254 1601 Epistolam
1267 1570 1354 1599 vero,
1368 1571 1463 1601 quam
1477 1560 1624 1592 Romano
1641 1561 1884 1603 archiepiscopo

236 1612 421 1651 mittimus&
445 1615 480 1642 ut
499 1621 550 1642 res
566 1615 621 1642 aut
637 1612 840 1651 monasteria,
865 1622 925 1652 que
949 1611 990 1642 ab
1011 1612 1072 1642 isto
1090 1612 1233 1642 Iohanne
1251 1612 1385 1642 diacono
1402 1611 1509 1642 fidelik
1526 1612 1742 1643 commendito
1758 1613 1884 1644 nostr0³

236 1674 364 1704 quoquo
388 1662 485 1694 modo
510 1663 693 1704 occupavit,
721 1666 757 1693 ut
784 1664 936 1694 investire
965 1673 1037 1694 eum
1062 1664 1093 1693 in
1117 1663 1263 1694 omnibus
1288 1662 1430 1702 studeat,
1462 1666 1493 1693 et
1517 1663 1594 1703 (1110ι
1623 1663 1663 1694 de
1691 1663 1787 1695 rebus
1815 1665 1883 1695 eius

235 1715 283 1745 sui
307 1714 442 1745 famulim
460 1714 692 1754 abstuleruntn,
716 1713 853 1745 reddere
877 1714 950 1745 huic
973 1725 1031 1755 per
1047 1715 1153 1745 omnia
1178 1714 1284 1753 faciat,
1309 1715 1369 1754 ipsi
1393 1714 1635 1755 archiepiscopo
1658 1714 1826 1755 deportate
1851 1719 1883 1746 et

236 1776 343 1796 coram
367 1765 588 1796 sacerdotibus
613 1769 645 1796 et
668 1765 825 1796 iudicibus
848 1766 951 1806 ipsam
975 1766 1085 1807 legere
1115 1766 1221 1797 facite.
1269 1765 1423 1796 Similiter
1451 1769 1560 1796 autem
1591 1770 1623 1797 et
1651 1768 1881 1798 monasterium

235 1817 334 1847 sancti
358 1816 506 1847 Martini⁰
531 1816 705 1847 secundum
729 1820 871 1847 nostram
899 1817 1072 1848 iussionem
1096 1817 1231 1848 Iohanni
1255 1816 1390 1848 diacono
1415 1820 1447 1847 et
1471 1817 1662 1848 cartulam-5104
1688 1829 1746 1859 pro
1773 1821 1881 1849 nostro

234 1868 350 1899 reddat
375 1878 493 1899 amore.
533 1868 616 1899 Nam
642 1871 674 1899 et
696 1868 906 1908 mansionem,
931 1878 1027 1909 quam
1048 1868 1258 1900 Maimbertus
1281 1868 1322 1899 ab
1347 1869 1416 1908 ipso
1442 1868 1576 1900 diacono
1600 1879 1690 1900 suam
1714 1880 1772 1911 pei·
1795 1870 1880 1901 frau-

235 1919 410 1950 dulentiam
435 1919 576 1959 abstulit,
601 1919 694 1950 simili
718 1919 814 1950 modo
839 1929 913 1950 eum
937 1930 1009 1950 cum
1033 1920 1131 1951 Petro
1155 1923 1273 1960 nepote
1297 1931 1354 1951 suo
1378 1919 1528 1950 investire
1552 1919 1689 1952 studete.

338 1989 432 2012 DATA
452 1989 496 2012 UT
515 1989 636 2019 SUPRA,
656 1988 856 2013 INDICTIONE
874 1989 930 2012 XV.

336 2092 359 2123 ³)
378 2097 449 2117 cocta
467 2092 499 2116 R.

336 2142 392 2167 314.
421 2143 444 2174 ³)
466 2143 501 2167 sic
525 2143 560 2171 [ἔς
588 2143 622 2175 cf.
640 2152 666 2167 π.
683 2144 736 2167 313.
842 2141 867 2173 b)
892 2151 959 2167 corr.
977 2151 1007 2167 ea:
1030 2143 1161 2168 nomodice
1183 2143 1215 2168 R.
1322 2144 1345 2174 c)
1369 2144 1477 2168 fidelitas
1500 2148 1546 2168 tua
1570 2144 1601 2169 R.
1698 2143 1722 2175 d)
1746 2149 1883 2176 nostroque

233 2186 386 2218 apostolatui
400 2185 431 2210 R.
507 2186 529 2216 e)
548 2194 566 2210 u
584 2194 650 2210 corr.
664 2194 694 2210 ex
713 2186 721 2209 i
740 2186 774 2210 al.
788 2194 857 2210 man.
871 2185 902 2210 R.
973 2184 992 2217 f)
1010 2190 1144 2218 separatus
1157 2186 1189 2211 R.
1260 2186 1286 2217 g)
1305 2191 1409 2211 coactus
1422 2186 1453 2211 R.
1524 2185 1550 2217 h)
1569 2195 1634 2212 corr.
1654 2195 1684 2211 ex
1702 2187 1836 2218 exigeretis
1849 2186 1881 2211 R.

233 2227 251 2259 i)
274 2237 287 2253 e
311 2228 372 2253 add.
396 2237 477 2259 supra
501 2228 595 2253 lineam
618 2229 652 2253 al.
675 2236 745 2253 man.
765 2228 797 2252 R.
895 2226 920 2259 k)
944 2228 1018 2253 fidele
1040 2228 1072 2253 R.
1169 2228 1188 2260 ¹)
1212 2237 1279 2254 corr.
1301 2237 1331 2254 ex
1354 2238 1378 2261 q;
1406 2229 1441 2254 al.
1463 2238 1531 2254 man.
1550 2229 1582 2253 R.
1679 2228 1711 2262 ¹¹¹)
1730 2230 1830 2255 familia
1847 2229 1879 2255 R.

233 2272 257 2302 ¹¹)
277 2271 349 2296 abst·
369 2272 396 2296 in
413 2280 466 2296 ras.
485 2270 518 2296 R.
606 2272 629 2302 0)
649 2272 759 2296 Mai-tino
778 2271 810 2295 B.

339 2347 363 2377 1)
384 2346 424 2377 Cf.
440 2354 468 2379 p.
483 2349 530 2372 ‘270
548 2349 641 2373 (1111101.
656 2350 679 2373 5.
762 2346 788 2377 2)
810 2346 845 2372 N.
860 2348 917 2372 311.
1001 2348 1027 2379 3)
1049 2346 1088 2378 Cf.
1109 2355 1135 2374 η.
1148 2350 1202 2380 311,
1218 2356 1246 2380 p.
1260 2351 1307 2374 270
1326 2348 1341 2374 l.
1358 2351 1371 2373 7
1387 2355 1447 2373 cum
1466 2350 1558 2373 cwzoezot.
1573 2351 1597 2374 5.
1681 2347 1707 2380 4)
1729 2347 1769 2379 Of.
1789 2355 1815 2374 oz.
1829 2350 1882 2380 311,

230 2397 260 2422 p.
275 2392 323 2415 270
342 2390 357 2415 l.
372 2393 406 2415 15.

1906 861 1931 880 10

1905 1152 1929 1170 15

1904 1417 1929 1437 20

1902 1676 1927 1695 25

1900 1928 1926 1947 30

1899 2236 1923 2255 35
