2189 3042
32 753 63 772 cf.
78 752 142 772 Num.
154 754 185 773 35.
197 752 227 771 30.

239 145 300 175 205
668 136 845 164 IOHANNIS
865 136 938 163 VIII.
958 136 1077 162 PAPAE
1101 134 1299 161 EPISTOLAE
1322 134 1380 161 231.
1399 133 1458 160 232.

239 227 379 269 regulari
414 229 524 256 tenorc
559 224 792 265 conscriptan1¹
821 222 912 254 nobis
947 225 980 253 et
1013 225 1122 262 sancte
1159 221 1281 263 syuodo
1318 230 1414 251 causa
1448 219 1600 251 videlicet
1634 221 1824 251 temeritatis
1859 223 1891 251 et

240 277 472 316 inobedientie,
501 279 536 307 ut
560 276 677 307 etiam³
701 275 866 307 evidenter
893 277 1044 315 apparet,
1080 284 1143 304 non
1171 273 1326 304 direxisse
1355 273 1584 313 comperimus:
1621 282 1660 303 ne
1685 271 1891 303 dilectionem

240 334 327 360 tuam
352 328 392 359 de
416 328 477 359 hoc
501 327 711 358 indiscussam
734 326 918 367 preteriisse
943 326 1125 364 videamur,
1160 325 1221 356 hoc
1250 324 1349 355 nostri
1373 323 1572 364 apostolatus
1602 326 1720 354 statuto
1745 323 1892 354 iubemus

239 391 310 411 cam
336 380 418 410 infra
443 382 514 410 octo
540 379 607 409 dies
628 378 813 409 Decembrii
836 378 955 408 mensis
979 378 1046 408 sine
1070 377 1178 417 aliqua
1201 386 1291 407 mora
1315 375 1367 407 vel
1390 375 1601 416 ambiguitate
1625 374 1667 405 ad
1690 385 1748 405 nos
1772 374 1892 405 debere

240 432 348 462 vcnirc
371 431 551 471 nostrisque
576 441 609 462 se
634 429 797 460 obtutibus
821 429 1039 470 presentareb.
1085 428 1168 460 Nam
1193 431 1226 459 et
1243 428 1415 459 Oteramus
1438 426 1521 457 filius
1545 426 1725 467 quondam0
1742 425 1891 457 Corvini2

241 493 311 513 cum
336 483 406 513 aliis
430 483 493 512 suis
517 481 702 512 concivibus
725 481 840 511 nostris
864 480 1049 521 apostolicis
1074 490 1181 510 coram
1197 478 1373 510 venerabili
1397 478 1620 519 episcoporum
1645 481 1717 517 cetu
1741 488 1837 518 super
1860 480 1893 507 te

242 537 371 575 questus
396 536 444 564 est
467 533 607 571 auribus,
632 532 728 574 quod,
753 532 827 562 dum
852 542 870 562 a
894 535 925 562 te
950 532 1018 573 ipse
1043 532 1208 572 impetitus
1233 530 1449 570 ecclesiastice
1474 540 1507 561 se
1531 532 1604 570 post
1627 529 1761 570 prestito
1786 539 1892 560 sacra-

240 585 369 616 mentod
402 595 473 615 cum
508 585 572 615 suis
602 584 858 615 sacramentariis
892 586 1078 625 purgasset,
1113 586 1167 614 tua
1198 593 1271 613 eum
1300 581 1494 622 fraternitas,
1532 582 1613 612 sicut
1641 580 1803 621 professus
1835 584 1893 620 est,

240 638 330 678 quasi
356 637 534 677 periurum*³
559 635 898 675 excommunicaverit,
922 635 1035 676 regula
1058 634 1232 665 canonica³
1256 634 1469 675 precipiente,
1494 633 1579 674 quod
1603 633 1685 663 hanc
1710 631 1896 673 episcopuss

241 689 300 720 sibi
325 689 541 729 cognitionem
564 687 652 718 nullo
676 687 773 718 modo
799 687 918 718 debeat
933 686 1105 725 vindicare,
1130 686 1334 726 Dominoque
1359 685 1485 716 dicente
1510 684 1550 715 ad
1567 684 1712 724 Moysen⁷
1737 683 1778 714 ad
1802 684 1894 714 unius

244 740 460 771 testimonium
484 739 645 770 neminem
670 739 876 769 condemnari
900 740 1059 779 oportere.
1101 737 1196 773 Quod
1219 738 1245 767 si
1267 738 1312 767 ita
1330 739 1388 776 est,
1413 737 1487 778 quia
1504 738 1626 766 temere
1650 735 1740 766 illum
1764 745 1894 766 excom-

241 791 403 822 municare
432 801 492 821 non
518 790 670 829 debuisti,
704 790 912 831 p1·ecipimuS‚
947 793 983 820 ut
1011 799 1084 820 eum
1114 789 1153 820 de
1183 789 1324 829 presenti
1354 788 1502 819 absolvas
1530 790 1648 828 tueque
1681 787 1896 818 communioni

242 843 404 881 restituas,
438 853 526 882 nam,
555 843 580 872 si
611 853 689 872 ausu
712 841 860 882 improbo
891 841 984 872 aliter
1008 840 1138 880 feceris,
1171 851 1228 871 nos
1252 840 1382 881 quidem
1407 850 1480 870 eum
1503 839 1693 870 auctoritate
1718 837 1895 879 apostolica

242 894 352 935 procul
378 894 474 925 dubio
503 894 683 925 absolutum
713 904 782 924 esse
811 893 967 924 iubemus.
1026 892 1067 923 Et
1101 893 1127 923 si
1162 892 1243 923 hanc
1278 892 1450 922 iussionem
1484 894 1625 921 nostram
1659 889 1896 931 parvipendens

244 947 415 977 temerario
439 956 519 976 ausu
542 946 702 986 presentie
726 947 832 984 nostre
857 944 971 975 adesse
996 944 1237 984 contempseris,
1262 943 1481 974 ecclesiastica
1504 945 1536 973 te
1561 942 1785 973 communione
1809 941 1896 972 velut

243 997 482 1036 inobedientem
512 1007 581 1028 essc
613 997 738 1027 noveris
762 995 966 1037 privandum,
998 1006 1165 1036 quousque
1195 1005 1252 1036 pro
1283 995 1344 1025 tuis
1372 994 1584 1036 neglegentiis
1613 993 1741 1034 dignam
1765 993 1897 1024 veniens

245 1049 337 1080 nobis
360 1049 610 1080 satisfactionem
635 1048 798 1079 humiliter
821 1048 945 1079 feceris.

349 1115 442 1138 DATA
461 1115 531 1138 XIII.
550 1114 733 1138 KALENDAS
756 1113 956 1137 DECEMBRIS.

1035 1263 1106 1292 232.

353 1323 512 1353 Iohannes
540 1322 632 1354 VIII.
658 1333 747 1362 papa
775 1322 954 1361 Arpaldtcm
985 1322 1165 1361 episcopum
1192 1321 1406 1358 Asculcvnnm,
1439 1320 1515 1359 quia
1543 1319 1586 1350 ad
1613 1319 1766 1360 synodum
1796 1329 1898 1357 nuper

247 1375 291 1414 (d.
310 1375 358 1404 15.
377 1374 528 1410 Octobris)
552 1373 692 1404 habitam
720 1384 784 1404 non
806 1377 944 1411 venerat,
973 1374 1041 1404 sino
1064 1373 1174 1412 aliqua
1204 1383 1293 1404 mora
1316 1372 1451 1403 Romam
1473 1371 1577 1402 venire
1607 1373 1635 1401 et
1656 1370 1692 1401 de
1715 1369 1898 1402 clericorum

247 1426 315 1456 eius
337 1424 613 1456 reclamationibus
635 1425 819 1463 respondere
842 1425 933 1456 iubet.
1577 1423 1640 1453 879
1664 1421 1741 1453 Νου.
1759 1421 1810 1453 24.

363 1493 437 1519 Cosa:
466 1492 492 1518 R
510 1494 532 1525 γ’.
547 1494 590 1518 92’
609 1501 635 1517 n.
650 1496 708 1518 234.

351 1544 435 1570 Edd.:
463 1544 558 1569 Editio
572 1544 695 1569 Romana
708 1543 792 1577 (1591)
808 1544 863 1575 III,
879 1547 926 1569 458
946 1546 1041 1569 ›1..2*29.
1075 1543 1169 1568 Mcmsi
1191 1542 1268 1568 Cone.
1282 1542 1336 1567 coll.
1353 1541 1452 1574 XVII,
1467 1546 1512 1568 171
1530 1544 1622 1567 π.229.
1653 1541 1746 1574 Miyne
1766 1540 1841 1566 Patr.
1852 1541 1896 1566 lat.

252 1587 388 1619 CXXVI,
408 1590 459 1613 >393
478 1591 575 1613 q1‚=274.
597 1602 626 1605 —
647 1586 722 1618 Jaffe'
741 1586 806 1620 Rey.
820 1589 885 1612 3312
904 1586 998 1619 (2521).
1036 1585 1110 1611 Κάιν
1128 1585 1214 1611 Italia
1231 1584 1369 1617 pontificia
1389 1584 1439 1616 IV,
1459 1588 1508 1610 149
1526 1592 1552 1611 n.
1565 1587 1588 1610 3.

471 1678 765 1702 REVERENTISSIMO
790 1678 832 1701 ET
855 1677 1077 1702 SANCTISSIMO
1100 1677 1262 1700 ARPALDO
1286 1675 1447 1700 EPISCOPO
1465 1675 1668 1700 ASCULAN04.

357 1733 561 1764 Secundum⁵
594 1743 700 1764 sacros
735 1733 966 1763 venerabilium
995 1735 1121 1773 patrum
1153 1741 1291 1762 canones
1320 1730 1440 1771 Spiritu
1470 1729 1532 1761 Dei
1560 1729 1705 1760 conditos
1740 1732 1771 1760 et
1802 1729 1898 1760 totius

250 1785 359 1815 mundi
389 1785 569 1815 reverentia
599 1787 801 1815 consecratos
830 1795 887 1825 pro
915 1784 1138 1815 ecclesiasticis
1171 1783 1339 1813 dumtaxat
1367 1781 1613 1812 necessitatibus
1644 1781 1685 1812 ad
1714 1790 1782 1819 eas,
1819 1791 1898 1821 quas

249 1847 350 1877 nuper
373 1836 500 1866 statutis
524 1835 636 1867 diebus
661 1835 908 1875 celebravimus,
941 1835 1079 1876 synodos
1103 1835 1207 1866 missis
1231 1845 1273 1865 ex
1296 1844 1385 1865 more
1409 1833 1608 1864 auctoritatis
1632 1835 1738 1872 nostre
1761 1832 1900 1862 litteris⁶

250 1888 483 1919 fraternitatem
518 1890 605 1917 tuam
642 1887 760 1918 debere
796 1897 964 1918 occurrere
994 1886 1098 1917 modis
1132 1885 1278 1917 omnibus
1312 1885 1520 1915 decrevimus
1578 1884 1643 1915 Sed
1677 1884 1751 1925 quia
1785 1883 1899 1914 ceteris

251 1939 366 1970 devote
383 1938 477 1970 valde
495 1939 694 1969 venientibus
718 1942 749 1969 te
773 1939 903 1969 minime
920 1939 1054 1978 venisse,
1081 1948 1152 1968 cum
1178 1938 1275 1967 etiam
1301 1939 1333 1967 et
1349 1936 1461 1967 auditu
1478 1935 1647 1966 didicerisa
1662 1945 1720 1966 nos
1744 1935 1900 1975 synodum

252 1991 429 2029 celebrare,
460 2000 565 2031 neque
596 1990 835 2021 excusationem
866 1993 953 2020 tuam
984 1989 1145 2031 regularib
1170 1992 1280 2019 tenore
1310 1989 1341 2018 in
1372 1987 1523 2018 tractoria
1555 1987 1785 2027 conscriptam⁰
1809 1987 1900 2017 nobis

251 2046 282 2074 et
306 2046 413 2082 sancte
431 2042 552 2083 synodo
570 2052 665 2072 causa
683 2042 872 2073 temeritatis
889 2045 921 2072 et
937 2041 1153 2081 inobedientie
1171 2044 1234 2081 tue,
1259 2042 1295 2070 ut
1312 2039 1478 2070 evidenter
1495 2041 1641 2079 apparet,
1665 2048 1728 2068 non
1745 2037 1900 2068 direxisse

252 2095 479 2135 comperimus:
512 2104 551 2124 ne
577 2094 782 2124 dilectionem
807 2096 894 2124 tuam
920 2093 959 2123 de
983 2093 1044 2123 hoc
1068 2092 1277 2122 indiscussam
1301 2091 1473 2131 preterisse
1497 2090 1679 2130 videamur,
1709 2089 1770 2120 hoc
1794 2093 1901 2129 nostre

252 2146 449 2176 auctoritatis
472 2147 591 2176 statuto
616 2144 761 2175 iubemus
786 2155 858 2175 eam
883 2144 922 2174 (le
939 2144 1081 2184 presenti
1106 2144 1173 2174 sine
1192 2143 1300 2182 aliqua
1325 2141 1463 2183 [mora]d
1479 2141 1530 2172 vel
1546 2141 1759 2181 ambiguitate
1782 2140 1824 2171 ad
1844 2151 1902 2171 nos

253 2197 372 2228 debere
407 2198 515 2228 venire
548 2197 727 2237 nostrisque
762 2206 796 2226 se
833 2195 997 2226 obtutibus
1028 2198 1224 2236 presentare.
1270 2194 1353 2225 Nam
1386 2196 1418 2225 et
1448 2193 1554 2224 clerici
1584 2195 1637 2232 tue
1667 2203 1724 2223 nos
1748 2191 1902 2232 ecclesiee

255 2249 402 2279 adierunt
424 2249 636 2279 reclamantes
659 2248 758 2279 multa
782 2258 815 2278 se
840 2257 859 2277 a
883 2250 937 2278 tua
955 2258 1124 2288 perpessos
1142 2246 1342 2277 fraternitate
1367 2245 1554 2276 innormiter
1577 2244 1712 2275 adversa
1737 2247 1769 2275 et
1792 2246 1902 2274 contra

356 2363 414 2389 231.
443 2363 466 2395 ⁸)
486 2372 551 2388 corr.
567 2372 597 2388 ea:
615 2367 640 2388 et
658 2364 716 2392 iam,
736 2364 785 2388 -ti-
804 2363 830 2387 in
848 2372 901 2387 ras.
915 2364 949 2387 al.
963 2372 1032 2388 man.
1047 2363 1078 2388 B.
1162 2362 1186 2394 b)
1206 2363 1347 2395 presentari
1366 2362 1398 2387 R.
1481 2361 1504 2393 0)
1523 2369 1574 2392 quo
1593 2369 1660 2385 corr.
1673 2368 1703 2385 επ
1723 2360 1798 2391 quod,
1813 2363 1903 2391 postea

255 2408 304 2433 del.
319 2408 350 2432 R.
433 2406 456 2438 d)
477 2416 543 2431 corr.
557 2415 587 2431 ea:
605 2407 777 2436 ecclesiastice
797 2414 823 2431 se
842 2407 1004 2431 contentione
1024 2410 1079 2438 post
1098 2407 1204 2438 prestito
1225 2409 1385 2431 sacramento
1404 2414 1430 2430 se
1450 2405 1484 2430 al,
1499 2412 1567 2428 man.
1581 2403 1613 2428 R.
1693 2401 1715 2435 e)
1735 2403 1851 2435 peiurum
1871 2401 1902 2427 R.

255 2450 273 2482 s)
293 2460 358 2476 corr.
373 2459 403 2475 ea:
423 2451 491 2474 hunc
509 2450 654 2481 episcopum
675 2449 705 2473 R.

358 2501 416 2526 232.
443 2501 466 2532 a)
486 2510 552 2526 corr.
568 2509 598 2525 en*
616 2501 708 2525 diceris
727 2501 761 2524 αἶ.
777 2509 842 2524 man,
858 2500 888 2523 Ε.
960 2499 984 2531 b)
1002 2501 1091 2531 regula
1109 2500 1139 2524 R.
1212 2500 1233 2531 c)
1253 2499 1396 2531 conscripta
1413 2498 1445 2523 R.
1517 2496 1541 2529 (¹)
1560 2506 1606 2522 om.
1622 2497 1653 2521 R.
1725 2495 1747 2528 e)
1766 2496 1904 2521 secundum

258 2554 271 2569 c.
290 2545 351 2569 add.
372 2553 452 2576 supra
471 2544 564 2568 lincam
583 2543 614 2567 R.

362 2620 385 2653 1)
405 2620 447 2645 De
471 2619 597 2644 tractoria
619 2620 652 2651 cf.
672 2627 698 2644 n.
718 2622 778 2650 188,
800 2626 826 2651 1³·
846 2622 895 2644 150
922 2620 1013 2644 annot.
1031 2622 1052 2643 5.
1159 2619 1185 2651 2)
1207 2618 1260 2651 Qui
1281 2617 1360 2643 etiam
1383 2617 1414 2642 in
1437 2625 1463 2642 n.
1480 2620 1540 2648 2:29,
1562 2623 1589 2648 1).
1604 2618 1655 2641 203
1678 2614 1694 2641 l.
1710 2618 1743 2640 27
1765 2614 1905 2640 laudatur.

257 2663 283 2694 3)
306 2662 346 2694 Cf.
366 2662 493 2695 Dionysii
513 2661 573 2688 Cocl.
592 2669 651 2687 can.
669 2661 762 2694 synod.
781 2670 824 2693 ap.
846 2661 1038 2694 Carthaginem
1056 2661 1090 2694 (11.
1108 2669 1129 2687 v.
1150 2660 1213 2687 Cod.
1230 2668 1288 2686 can.
1308 2660 1367 2686 eccl.
1383 2659 1543 2692 Africanae)
1562 2667 1582 2685 e.
1602 2661 1656 2690 132,
1676 2661 1722 2684 133
1742 2657 1791 2691 (ed.
1813 2657 1906 2690 Miyne

258 2705 386 2737 LXVII,
406 2706 465 2738 223)
485 2716 516 2726 z
538 2704 615 2730 Cone.
631 2704 752 2737 carthag.
774 2704 831 2729 VII
844 2713 868 2729 ιι.
884 2708 931 2729 419
949 2712 969 2730 c.
983 2708 1005 2730 5.
1076 2704 1103 2735 4)
1125 2703 1213 2729 Hodie
1230 2703 1329 2729 ‘Ascoli
1342 2702 1462 2729 Piceno’.
1537 2702 1565 2735 5)
1587 2700 1627 2733 Of.
1641 2709 1668 2728 n.
1681 2703 1735 2733 231,
1753 2700 1905 2726 verbotenus

257 2750 315 2780 fere
333 2749 363 2774 rin
378 2749 471 2781 prima
485 2750 564 2780 parte
582 2756 639 2773 cum
657 2749 751 2773 nostra
769 2749 965 2772 consonantem.
1055 2747 1080 2779 6)
1103 2746 1177 2779 Quae
1194 2754 1250 2772 non
1269 2748 1383 2772 exstant.

1915 692 1939 710 10

1914 949 1939 968 15

1917 1381 1943 1401 20

1916 1677 1941 1696 25

1920 1943 1946 1962 30

1921 2199 1946 2219 35

1922 2503 1950 2521 40

1921 2749 1948 2767 45
