2189 3042
139 722 163 741 10

137 980 161 999 15

137 1237 163 1257 20

139 1495 163 1515 2⁵

136 1753 160 1772 80

135 2010 159 2029 85

135 2380 162 2399 40

138 2647 162 2666 45

702 161 883 187 STEPHANI
899 161 930 187 V.
951 161 1068 187 PAPAE
1087 161 1285 187 EPISTOLAE
1303 161 1328 187 3.
1779 164 1838 193 361

191 248 425 289 gratulabunde
450 247 587 279 eundem
612 249 831 289 episcopatum
850 249 991 287 decimis,
1015 248 1099 279 unde
1124 248 1325 279 solummodo
1349 249 1537 279 constitutus
1561 253 1617 285 est,
1643 249 1784 280 maxima
1802 259 1842 279 ex

190 303 282 340 parte
307 304 487 340 vacuatum,
513 310 614 340 coque
639 299 788 330 faventea
812 303 844 331 et
868 300 1010 338 timente,
1036 311 1073 330 ne
1099 300 1180 330 forte
1214 301 1252 339 ei,
1284 300 1324 330 ad
1349 300 1435 340 quod
1464 299 1627 330 ordinatus
1655 300 1737 331 nonb
1762 303 1841 339 erat,

190 351 397 391 aufem-ctare,
429 362 484 381 suo
518 355 663 392 tempore
696 352 762 382 sine
796 351 901 392 aliqua
935 351 1184 382 contradictione
1217 352 1262 381 ita
1292 352 1476 392 permansit.
1530 351 1734 392 Egilbertus²
1766 361 1841 382 vero

189 403 419 443 praedecessor
436 402 487 433 etd
505 403 713 443 coepiscopus
738 406 844 433 noster
864 402 975 433 crebro
993 413 1050 444 pro
1067 404 1136 443 ipso
1159 403 1288 443 negotio
1307 402 1539 433 Guntharium²
1558 406 1589 433 et
1603 403 1841 434 Willibertum³

189 455 446 494 archiepiscopos
469 454 707 495 interpellavit4
731 458 762 485 et
786 456 879 485 variis
908 454 1180 495 occupationibus,
1209 454 1323 495 quibus
1352 457 1462 485 sancta
1490 455 1630 495 synodus
1659 466 1717 495 per
1745 455 1842 495 longa

191 509 353 536 transacta
378 509 523 546 tempora
543 516 605 536 non
628 509 675 537 est
692 510 898 547 congregata,
923 506 1123 537 obstantibus
1141 517 1237 537 causa
1259 507 1417 537 finetenus
1442 518 1503 537 non
1528 513 1576 537 est
1601 507 1841 538 determinata⁰.

191 558 234 588 At
253 568 325 588 vero
351 568 422 588 cum
447 558 523 587 mihi
547 557 676 598 indigno
702 558 845 589 eiusdem
862 559 1065 599 episcopatus
1082 568 1157 588 cura
1181 558 1293 588 fuisset
1317 560 1456 589 iniuncta
1474 563 1505 589 et
1521 559 1603 589 inter
1620 559 1722 589 varias
1738 558 1841 599 negli-

188 610 322 651 gentias,
348 619 426 649 quas
454 609 641 650 perlongum
673 612 721 639 est
749 609 929 647 enucleare,
955 610 1063 650 plures
1088 610 1240 640 ecclesias
1267 610 1512 649 inconsecratas,
1539 610 1719 651 aliquantas
1744 611 1842 640 etiam

189 660 370 691 homicidiis
395 661 585 701 perpetratis
613 660 747 691 infectas
771 661 929 701 variisque
953 661 1112 701 spurcitiis
1137 665 1170 691 et
1193 661 1321 701 flagitiis
1353 662 1481 692 minime
1507 666 1660 703 purgatas
1683 662 1842 702 repperis-

191 712 284 752 semf,
308 713 339 742 in
364 712 477 753 quibus
502 711 738 752 praedictorum
762 713 1027 742 monasteriorum
1052 712 1213 752 subiugati
1237 711 1277 743 de
1299 712 1394 753 plaga
1419 713 1609 743 occidentali
1633 713 1843 743 advenientes

189 764 368 805 presbyteri
399 764 508 804 ignoti,
534 763 573 794 de
598 774 732 804 quorum
760 763 998 794 consecratione
1029 763 1231 804 ambigimus,
1265 763 1370 794 officia
1402 764 1575 803 celebrant,
1600 775 1638 795 ne
1669 764 1711 794 ibi
1737 764 1843 795 divina

188 816 342 856 mysteria
371 815 411 846 ab
442 815 518 856 ipsis
548 814 795 854 celebrarentur,
824 814 998 845 inhibendo
1030 815 1190 854 interdixi,
1223 815 1325 846 donec
1357 825 1412 845 vos
1442 816 1643 846 venerabiles
1673 819 1780 856 patres
1811 819 1844 846 et

188 868 358 907 magistros
383 877 478 907 super
501 866 561 897 hac
576 877 610 897 re
628 867 836 897 consulerem.
872 866 977 902 Quam
994 867 1035 897 ob
1052 877 1185 897 causam
1200 867 1285 897 illico
1305 867 1462 907 praedicti
1487 867 1635 898 monachi
1659 872 1691 898 et
1714 868 1842 908 puellae

188 918 230 949 ad
254 929 347 949 aures
370 918 520 958 principis
537 918 659 948 Arnulfi
683 919 921 949 accusationem
946 922 1055 949 contra
1080 919 1231 948 canonica
1256 919 1399 948 sancitag
1414 920 1424 936 5
1442 918 1634 958 detulerunt,
1660 919 1843 950 deferentes

189 974 397 1012 praeceptum
427 974 461 1001 ut
491 970 578 1001 aiunt
606 981 624 1001 a
654 969 845 1001 Hludowico
877 980 953 1010 rege
985 973 1017 1000 et
1045 970 1179 1000 Rabano
1214 969 1499 1010 Magontiacense⁶
1530 970 1661 1000 alterius
1692 970 1842 1011 pontifice

190 1022 327 1053 diocesis
351 1025 514 1061 statutum,
539 1021 596 1052 sed
619 1032 682 1052 non
707 1021 799 1052 certis
823 1021 1100 1052 testificationibus
1117 1021 1193 1052 fidei
1219 1021 1508 1059 accommodatum,
1526 1022 1601 1062 quia
1623 1021 1844 1053 fraudulenter

190 1074 304 1104 dicitur
327 1074 368 1104 ab
392 1073 468 1113 ipsis
492 1073 631 1113 fictumh,
656 1076 690 1103 ut
713 1073 771 1114 ipsi
797 1073 864 1103 sine
890 1077 996 1103 nostra
1018 1073 1158 1103 dictione
1176 1073 1227 1103 vel
1251 1073 1358 1113 aliqua
1383 1073 1634 1104 contradictione
1657 1072 1844 1113 possideant

190 1125 332 1156 decimas
366 1125 523 1166 praedicti
554 1124 721 1165 episcopiii
753 1128 862 1155 contra
891 1125 939 1155 ius
973 1125 1169 1155 canonicum.
1210 1124 1251 1154 Et
1282 1124 1365 1165 quod
1399 1126 1536 1166 primum
1570 1126 1599 1155 in
1633 1125 1842 1156 fundamento

192 1177 337 1208 eiusdem
362 1177 518 1207 ecclesiae
548 1187 566 1207 a
592 1177 738 1217 praefato
768 1186 886 1216 magno
910 1176 1029 1206 Karolo
1062 1176 1260 1216 coepiscopis
1290 1180 1322 1206 et
1353 1177 1504 1206 canonico
1531 1176 1660 1207 decreto
1685 1179 1754 1207 erat
1778 1180 1843 1206 sta-

190 1231 304 1268 tutum,
329 1232 363 1258 ut
387 1231 531 1258 maneret
555 1231 668 1267 ratum,
693 1227 752 1258 hoc
774 1228 852 1258 miro
874 1230 906 1258 et
924 1227 1107 1258 detestabili
1131 1227 1226 1258 modo
1244 1228 1382 1268 qualiter
1399 1238 1417 1258 a
1433 1227 1695 1268 Magontiacense
1712 1228 1842 1258 alterius

192 1280 328 1311 diocesis
359 1279 506 1320 praesule
537 1280 605 1310 fore
635 1283 732 1320 queat
762 1280 894 1319 irritum,
926 1280 1119 1320 ignoramus.
1166 1278 1259 1310 Unde
1290 1290 1330 1309 an
1362 1280 1431 1319 hoc,
1456 1279 1542 1320 quod
1572 1281 1765 1310 contrarium
1790 1290 1842 1309 ca-

190 1333 324 1362 nonicae
348 1331 531 1362 auctoritati
554 1331 689 1370 videtur,
721 1342 760 1361 an
792 1331 879 1366 illud,
911 1331 995 1372 quod
1025 1331 1216 1371 regulariter
1247 1341 1287 1361 ex
1318 1330 1450 1361 decimis
1482 1331 1568 1371 prius
1599 1334 1752 1362 statutum
1784 1334 1841 1370 est,

189 1383 399 1414 restaurando
424 1383 600 1421 roboretur,
625 1393 680 1413 vos
710 1382 858 1421 iudicate,
888 1382 1014 1413 domine
1041 1385 1131 1423 pater
1154 1382 1349 1413 beatissime.
1396 1382 1524 1413 Interea
1548 1382 1723 1423 supradicti
1747 1392 1841 1412 accu-

191 1438 323 1474 satores,
348 1435 400 1475 qui
425 1445 486 1473 me,
510 1445 571 1464 non
595 1437 703 1464 tamen
726 1434 757 1464 in
782 1434 973 1474 praesentia,
998 1433 1038 1464 de
1067 1433 1255 1464 infidelitate
1287 1435 1370 1474 regis
1395 1438 1634 1471 accusaverunt,
1662 1437 1842 1465 asserentes

191 1498 242 1518 me
274 1487 334 1518 hoc
357 1486 440 1517 velle
471 1485 645 1524 destruere,
678 1485 763 1526 quod
793 1485 916 1526 priores
946 1485 1072 1525 augusti
1104 1485 1153 1515 vel
1184 1495 1277 1525 reges
1307 1488 1497 1523 sanxerunt,
1531 1485 1571 1515 ad
1603 1487 1759 1516 rationem
1790 1496 1841 1516 me

191 1539 298 1569 venire
316 1537 546 1578 compulerunt⁴
573 1536 659 1567 Dum
676 1547 783 1567 coram
800 1536 934 1567 Arnulfo
954 1537 1096 1577 principe
1117 1539 1149 1567 et
1173 1536 1332 1577 episcopis
1356 1547 1481 1575 novem,
1507 1547 1641 1577 quorum
1666 1537 1746 1568 haec
1770 1540 1843 1568 sunt

190 1591 333 1621 nomina:
356 1589 538 1619 Williberto
566 1589 761 1629 Agrippinae
791 1587 944 1619 Coloniae
976 1588 1233 1628 archiepiscopo,
1261 1588 1325 1618 Arn
1349 1587 1643 1629 Wirciburgense7,
1669 1588 1842 1619 Odilbaldo

189 1642 363 1673 Trectense
375 1641 397 1679 ⁸,
428 1640 580 1681 Drogone
613 1639 811 1679 Mindense9,
842 1639 1031 1671 Godethanc
1065 1639 1263 1681 spirensem,
1291 1639 1456 1670 Wicberto
1489 1639 1843 1680 Hildensummense¹¹,

189 1693 339 1724 Wiberto
357 1691 569 1731 Ferdensew,
593 1691 709 1722 Evulfo
728 1691 1064 1730 Holmorstedenseffl,
1088 1691 1207 1722 Bisone
1223 1691 1553 1731 Patharburnenseffi,
1579 1702 1708 1722 causam
1733 1692 1843 1722 huius-

188 1744 314 1777 cemodi
338 1744 459 1784 negotii
482 1743 514 1774 in
534 1743 640 1774 medio
659 1744 847 1784 proferrem,
873 1744 998 1774 obnixis
1022 1743 1169 1784 precibus
1192 1743 1222 1773 in
1249 1754 1358 1774 amore
1384 1744 1498 1773 summi
1523 1744 1659 1783 pastoris
1684 1747 1716 1774 et
1739 1743 1843 1784 ponti-

186 1797 254 1828 ficis
287 1797 360 1827 Iesu
393 1795 524 1834 Christi,
557 1796 644 1825 cuius
676 1795 785 1825 vicarii
820 1805 890 1826 esse
926 1794 1108 1833 creduntur,
1144 1798 1176 1825 et
1211 1796 1311 1825 sancti
1342 1795 1431 1826 Petri
1465 1795 1603 1836 apostoli
1636 1796 1843 1836 omniumque

189 1851 370 1879 sanctorum
393 1847 514 1878 honore
540 1846 707 1887 postulavi,
732 1850 766 1877 ut
789 1846 964 1877 secundum
981 1847 1205 1887 conscriptum,
1230 1847 1316 1888 quod
1333 1857 1442 1877 coram
1467 1847 1512 1876 eis
1537 1847 1601 1887 legi
1625 1847 1686 1877 feci
1708 1850 1741 1877 et
1757 1846 1844 1887 quod

186 1911 285 1942 penes
316 1910 372 1930 nos
402 1899 567 1937 habemus,
597 1902 629 1929 et
652 1899 734 1929 iusta
765 1898 882 1929 iudicia
913 1902 945 1928 et
974 1899 1128 1929 canonica
1157 1898 1258 1929 scitak
1284 1902 1370 1929 recte
1396 1898 1435 1929 de
1466 1899 1525 1929 hoc
1557 1899 1686 1939 negotio
1711 1908 1843 1938 respon-

188 1951 293 1982 dendo
311 1950 544 1982 decernerentl.
570 1951 613 1980 At
628 1950 672 1980 illi
690 1951 827 1981 scientes
839 1950 1035 1980 voluntatem
1056 1951 1205 1990 principis
1223 1954 1255 1980 et
1268 1950 1467 1991 quorundam
1485 1951 1637 1981 comitum
1653 1953 1694 1989 et,
1712 1960 1751 1980 ne
1770 1960 1844 1980 eum

190 2002 399 2041 offenderent,
423 2002 607 2041 renitentes,
632 2002 675 2032 nil
692 2001 731 2032 de
749 2012 844 2032 causa
862 2002 986 2042 prolata
1009 2001 1204 2042 respondere
1222 2005 1515 2043 praesumpserunt,
1540 2002 1596 2032 sed
1621 2002 1747 2042 penitus
1772 2011 1844 2031 cum

188 2054 395 2095 responsione
420 2053 573 2083 canonica
596 2053 628 2082 in
658 2063 767 2084 amore
790 2052 853 2083 Dei
879 2053 980 2093 petita
1004 2053 1124 2084 iustitia
1152 2053 1230 2083 mihi
1254 2053 1415 2094 denegata
1438 2057 1495 2084 est,
1536 2053 1652 2093 Sicque
1683 2052 1844 2083 adulando

189 2105 325 2147 principi
355 2105 458 2134 iussus
487 2114 555 2134 sum
587 2103 626 2134 ab
659 2115 707 2143 eo,
739 2105 764 2134 si
795 2105 862 2134 eius
893 2105 1029 2145 gratiam
1053 2104 1167 2135 vellem
1193 2104 1313 2135 habere
1338 2105 1509 2146 propitiam
1535 2106 1667 2146 eiusque
1692 2104 1845 2144 potestati

188 2168 254 2188 non
279 2157 480 2195 contrairem,
504 2158 539 2186 ut
560 2155 641 2186 haec
666 2159 697 2186 et
719 2156 750 2186 in
768 2155 901 2186 decimis
925 2159 958 2186 et
981 2156 1112 2197 reliquis
1135 2156 1359 2187 huiuscemodi
1383 2157 1520 2197 negotiis
1536 2156 1714 2197 querulosis
1738 2156 1846 2186 omnia

190 2208 412 2250 permitterem
439 2207 516 2247 fore,
547 2207 628 2237 sicut
651 2207 766 2241 inveni,
798 2217 935 2248 meaque
967 2207 1132 2248 compulsa
1162 2207 1377 2249 interpellatio
1409 2212 1534 2238 cassata
1565 2211 1622 2238 est.
1670 2207 1734 2238 Sed
1758 2212 1845 2238 necm

292 2371 314 2402 ²³⁴)
334 2374 441 2396 cavente
460 2358 523 2395 εὀηἱ.
537 2370 658 2402 Philippi.
732 2370 756 2401 b)
772 2371 863 2395 Postea
881 2371 929 2395 del.
944 2371 971 2396 0,
1047 2372 1069 2402 c)
1089 2373 1219 2397 auferetur
1235 2372 1263 2397 Ο.
1335 2371 1359 2403 d)
1379 2372 1456 2397 Deest
1478 2373 1505 2403 0,
1526 2373 1587 2398 add.
1605 2372 1650 2397 0¹.
1723 2372 1744 2404 εΞ)
1765 2372 1845 2396 deter-

189 2420 258 2441 mata
280 2415 308 2439 0.
405 2413 424 2445 s)
442 2414 566 2446 reperisse
588 2413 616 2438 0.
712 2414 738 2444 8)
756 2415 853 2438 sancita
875 2415 903 2445 0,
921 2416 1018 2439 sancita
1036 2424 1102 2439 corr.
1118 2415 1162 2440 0¹.
1259 2414 1284 2447 h)
1304 2416 1356 2440 fleti
1379 2416 1407 2441 0.
1495 2415 1513 2447 i)
1533 2417 1643 2448 episcopi
1666 2415 1694 2445 0,
1722 2415 1844 2447 episcopii

189 2467 256 2483 corr.
274 2457 318 2483 0¹.
407 2455 433 2489 k)
453 2456 497 2481 Sic
519 2456 552 2487 0;
575 2456 681 2481 scamita
698 2465 825 2488 euperecr.
842 2457 886 2482 0¹.
975 2455 994 2488 l)
1014 2458 1155 2483 decernedo
1178 2458 1206 2482 Ο.
1295 2459 1327 2489 ¹¹¹)
1349 2467 1380 2483 ne
1403 2458 1431 2483 O.

296 2551 320 2583 1)
341 2550 410 2575 Ante
428 2559 454 2575 a.
468 2553 620 2576 868-885.
725 2551 751 2583 2)
771 2550 1010 2584 Archiepiscopum
1031 2552 1210 2578 Goloniensem
1228 2555 1387 2579 850—863‘.
1493 2552 1519 2585 3)
1540 2551 1776 2584 Archiepiscopmn
1796 2551 1845 2576 Co-

190 2593 333 2619 loniensem
354 2595 500 2618 870-889.
599 2593 626 2625 4)
646 2592 686 2624 C'f.
700 2593 821 2626 Philippi
831 2593 955 2620 ‘Os‘nabvz
971 2594 1036 2620 UB.’
1052 2595 1074 2626 I,
1086 2598 1120 2621 30
1137 2603 1164 2621 n.
1178 2599 1223 2625 45,·
1246 2595 1334 2629 Tanyl
1352 2596 1368 2621 Ζ.
1382 2596 1398 2621 l.
1414 2603 1441 2628 p.
1456 2598 1564 2628 317sqq.
1667 2595 1693 2626 5)
1716 2594 1755 2627 Cf.
1769 2601 1843 2619 conc.

190 2636 316 2662 Antioeh.
330 2644 351 2662 c.
367 2640 404 2667 11,
423 2635 460 2662 ed.
474 2635 564 2667 Miqne
583 2635 659 2661 Patr.
673 2635 718 2661 lat.
733 2636 859 2668 LXVII,
875 2640 927 2663 161.
1028 2638 1055 2669 6)
1075 2641 1226 2668 347—856;
1244 2641 1278 2671 cf.
1292 2638 1610 2664 Bfflnner-Msmlbacher
1629 2637 1691 2670 Rey.
1703 2639 1712 2652 ²
1732 2646 1758 2662 n.
1773 2640 1844 2662 1406.

190 2680 217 2712 7)
238 2682 377 2705 855—892.
459 2678 485 2709 8)
504 2678 541 2704 Id
560 2681 597 2704 est
616 2678 801 2711 Traiectense,
821 2679 855 2711 cf.
868 2688 952 2712 supra
970 2688 995 2712 p.
1009 2683 1056 2706 358
1074 2689 1140 2707 ann.
1156 2684 1178 2707 5.
1266 2682 1292 2713 9)
1314 2681 1354 2714 Cf.
1368 2689 1454 2713 supra
1472 2681 1486 2705 l.
1503 2680 1518 2706 l.
1534 2688 1599 2706 mm.
1615 2683 1634 2705 7.
1715 2679 1759 2711 10)
1779 2678 1845 2704 Post

190 2724 353 2749 877—ante
377 2724 432 2747 903.
555 2721 598 2753 11)
620 2721 705 2747 Hodie
722 2721 917 2753 ‘Hildesheim’,
939 2725 1085 2749 880—908.
1210 2724 1254 2756 12)
1274 2722 1512 2754 Hodie‘Verden‘,
1533 2730 1554 2749 c.
1569 2723 1726 2754 ‹Su-post
1745 2730 1769 2747 a.
1785 2724 1842 2747 895.

190 2765 234 2797 13)
255 2764 344 2790 Hodie
361 2763 564 2794 ‘Halberstadst
583 2772 604 2790 c.
621 2768 764 2791 887-894.
871 2766 912 2796 14)
931 2768 1076 2792 886—908.

296 2824 446 2851 Erisroms
459 2824 519 2858 VII,
528 2825 551 2851 2.
861 2863 865 2866 η
1604 2826 1638 2852 46
