2189 3042
108 731 133 749 10

111 987 133 1006 15

110 1243 135 1262 20

112 1509 137 1528 25

115 1996 140 2015 ³0

117 2212 140 2231 ³5

117 2620 143 2639 40

390 172 583 199 ANASTASII
602 173 901 200 BIBLIOTHECARII
919 173 1119 201 EPISTOLAE
1137 174 1218 201 SIVE
1238 174 1512 201 PRAEFATIONES
1531 176 1556 202 5.
1569 175 1591 201 6.
1753 178 1815 207 415

164 259 260 301 longe
290 262 364 300 post
392 262 517 290 sextam
547 260 704 301 synodum
734 260 774 291 ab
803 260 880 302 ipsis
911 264 1036 292 constat
1065 271 1135 292 esse
1165 271 1265 302 penes
1294 271 1328 292 se
1359 262 1572 303 privatimque
1597 262 1814 303 depromptas.

163 311 264 342 Porro
281 311 312 342 in
329 311 486 352 septimae
504 311 639 352 synodil
657 311 767 343 codice
776 312 799 352 ²,
816 312 891 353 quia
906 322 1004 353 saepe
1022 315 1132 343 contra
1144 312 1288 343 kanones
1302 311 1578 354 Constantinopoli
1592 324 1633 345 ex
1645 314 1816 355 neophytis

161 362 340 394 antistites³²
371 363 590 403 provehuntur
618 366 651 394 et
683 373 722 394 eo
753 366 899 404 tempore
924 363 1074 394 Tarasius
1104 373 1145 394 ex
1174 364 1263 394 laicis
1286 364 1489 405 patriarcha³
1513 365 1618 396 fuerat
1641 365 1815 406 ordinatus,

161 413 206 444 ita
229 413 399 454 epistolam
423 413 540 446 beatae
563 414 794 446 recordationis
816 425 920 455 papae
942 414 1100 445 Hadriani
1124 415 1309 446 existimant
1332 416 1616 456 transcribendam,
1640 420 1675 447 ut
1690 417 1768 447 nihil
1785 417 1816 447 in

162 474 202 496 ea
225 475 266 495 ex
289 464 348 503 his,
371 475 454 506 quae
475 465 518 496 ad
538 465 738 506 praedictum
758 466 941 507 praesulem
958 466 1009 497 vel
1029 469 1138 497 contra
1154 467 1335 507 neophytos
1358 467 1445 498 idem
1469 468 1686 499 sanctissimus
1710 468 1815 509 ponti-

161 516 217 547 fex
249 516 450 557 scripserat&
475 517 526 547 vel
555 517 708 558 scriptum
736 517 788 548 vel
817 517 1005 548 translatum
1031 517 1135 548 Grece
1166 518 1377 559 repperIatur.
1424 518 1475 549 Sic
1499 520 1604 560 igitur,
1629 519 1696 551 sicb
1720 519 1815 551 Greci

161 570 296 608 accepta
320 568 487 599 occasione
510 568 746 600 celebratorum
770 569 997 600 universalium
1021 569 1226 600 conciliorum
1250 569 1436 611 frequenter
1459 571 1564 612 egisse
1589 572 1767 602 clarescunt
1784 575 1816 603 et

160 629 244 649 nunc
256 618 457 659 minuendo⁵‚
470 630 552 651 nunc
566 619 714 651 addendo
727 620 778 651 vel
790 619 955 660 mutando,
968 631 1051 651 nunc
1068 621 1099 650 in
1118 620 1264 651 absentia
1280 621 1449 662 sociorum,
1465 632 1548 652 nunc
1565 624 1613 653 inc
1627 623 1813 655 abscondito

161 670 363 710 angulorum,
387 681 468 701 nunc
490 674 581 702 extra
598 670 765 712 synodum,
782 681 865 702 nunc
881 674 953 712 post
969 671 1126 712 synodum
1143 671 1260 702 astutia
1276 682 1333 702 sua
1349 672 1447 704 immo
1464 673 1577 705 fraude
1594 675 1815 706 communibus

161 722 378 752 sanctionibus
406 722 580 753 abutuntur
608 726 641 754 et
663 723 704 754 ad
728 733 801 754 suos
824 723 933 754 libitus
957 726 1080 762 cuncta,
1105 733 1187 764 quae
1212 723 1272 754 sibi
1294 724 1362 755 visa
1386 724 1512 765 fuerint,
1538 726 1635 756 etiam
1660 726 1817 757 violenter

161 772 335 804 inflectunt.
380 774 495 815 Itaque
526 774 676 815 quicquid
706 774 737 805 in
767 774 883 805 Latino
914 775 1074 805 actionum
1106 777 1239 805 octavae
1271 775 1384 815 synodi
1414 775 1524 807 codice
1554 778 1745 818 repperitur,
1776 777 1815 809 ab

162 824 248 854 omni
279 827 327 854 est
356 824 429 856 fuco
460 825 610 856 falsitatis
640 828 839 857 extraneum.
887 825 1046 867 Quicquid
1069 836 1144 857 vero
1169 826 1307 867 amplius
1330 827 1396 858 sive
1421 827 1460 859 de
1484 827 1625 859 dioecesi
1641 829 1815 870 Vulgarica

161 875 227 905 sive
258 875 386 907 aliunde
414 877 446 907 in
475 876 580 908 Greco
612 877 756 908 eiusdem
787 877 900 918 synodi
930 877 1040 908 codice
1069 877 1204 909 forsitan
1232 878 1419 918 invenietur,
1449 881 1552 909 totum
1582 882 1630 910 est
1656 881 1816 911 mendacii

162 926 292 956 venenis
322 927 485 959 infectum.
531 928 680 969 Denique
710 928 915 969 disceptatio,
946 939 1042 970 quam
1070 939 1178 960 coram
1207 930 1402 970 imperatore
1425 930 1550 961 vicariis
1573 934 1606 961 et
1621 931 1816 972 Vulgaribus

162 979 287 1008 tantum
316 988 413 1019 super
432 979 611 1020 Vulgarum
635 983 720 1011 terra
742 990 838 1020 supra
861 979 960 1011 fuisse
983 980 1231 1021 significavimus
1254 983 1369 1020 actam,
1394 984 1466 1021 post
1489 981 1645 1022 synodum
1670 993 1815 1013 consum-

161 1032 282 1059 matam
306 1040 508 1072 canonesque
532 1032 563 1061 in
582 1032 693 1072 viginti
716 1030 878 1072 prolatosd
902 1033 934 1062 et
957 1034 1082 1072 septem
1107 1034 1231 1063 tantum
1255 1032 1402 1073 capitulis
1426 1035 1522 1073 atque
1546 1026 1717 1064 terminum
1740 1034 1817 1065 fidei

162 1079 389 1121 depromptum
409 1085 441 1113 et
460 1083 567 1113 omnia
590 1082 672 1114 haec
695 1084 727 1113 in
750 1083 890 1124 quinque
914 1082 1079 1114 codicibus
1103 1083 1220 1125 scripta
1244 1084 1310 1115 sive
1335 1087 1504 1125 compacta
1528 1087 1560 1115 et
1583 1086 1723 1116 omnium
1741 1086 1815 1117 sub-

162 1131 386 1173 scriptionibus
409 1133 569 1173 roborata,
594 1134 652 1165 sed
676 1137 708 1165 et
723 1135 810 1175 ipsos
834 1134 961 1166 codices
976 1134 1128 1175 plumbea
1144 1135 1231 1166 bulla
1248 1136 1387 1166 munitos
1407 1138 1504 1177 atque
1527 1137 1731 1177 singillatime
1754 1137 1816 1168 loci

162 1184 377 1214 servatoribus
400 1185 534 1216 traditos
558 1185 824 1226 patriarchalibus
848 1185 977 1216 sedibus
1001 1186 1194 1217 deferendos
1217 1186 1333 1217 effecta
1356 1189 1404 1217 est
1414 1186 1435 1217 ⁶.
1471 1186 1521 1218 Ne
1543 1198 1620 1228 ergo
1639 1186 1815 1219 Grecorum

163 1235 277 1265 suatim
308 1237 434 1277 astutia,
466 1237 541 1278 quin
571 1237 677 1278 potius
701 1237 864 1277 dolositas,
893 1238 991 1268 etiam
1015 1236 1116 1268 circas
1135 1241 1340 1279 praesentem
1370 1238 1527 1279 synodum
1551 1241 1636 1279 agat,
1659 1239 1741 1270 haec
1764 1250 1816 1271 me

162 1285 357 1317 admonendi
381 1298 477 1319 causa
501 1289 619 1320 dixisse
643 1288 789 1319 sufficiat.
822 1288 973 1320 Ceterum
997 1288 1078 1320 bene
1099 1290 1183 1330 novi,
1201 1290 1286 1331 quod
1301 1290 1392 1321 iuxta
1409 1290 1684 1331 proverbiatorem
1700 1291 1818 1323 frustra

163 1337 300 1369 iactetur
328 1341 396 1370 rete
427 1343 500 1371 ante
531 1341 640 1372 oculos
669 1343 892 1381 pennatorum.
939 1340 1033 1372 Unde
1062 1341 1205 1382 quisquis
1229 1342 1407 1382 sapientiae
1431 1351 1468 1372 ac
1490 1341 1682 1383 prudentiae
1706 1343 1818 1383 pennis

163 1388 205 1419 ad
224 1389 289 1420 alta
306 1391 490 1432 sustollitur,
509 1393 635 1423 omniag
650 1392 837 1423 insidiarum
853 1392 1065 1433 muscipulah,
1083 1403 1165 1434 quae
1189 1403 1208 1424 a
1226 1392 1338 1424 Grecis
1360 1394 1392 1424 in
1407 1393 1523 1424 infimis
1538 1394 1626 1425 tendi
1642 1394 1815 1435 poterunffi

164 1440 228 1472 alto
254 1443 532 1484 contemplationis
555 1444 637 1474 saltu
661 1443 898 1477 transcendetk.

273 1501 431 1533 Divinitas
463 1503 679 1544 apostolatum
708 1506 849 1534 vestrum
878 1513 936 1545 per
962 1503 1080 1535 multos
1107 1514 1207 1535 annos
1234 1514 1362 1536 servare
1391 1504 1549 1546 dignetur,
1581 1505 1709 1536 domine
1740 1505 1818 1537 bea-

165 1553 285 1584 tissime
308 1564 402 1595 papa.

982 1756 1012 1785 6.

273 1819 468 1850 Anastasius
490 1819 742 1851 bibliothecarius
758 1820 899 1852 Iohanni
918 1820 1014 1852 VIII.
1035 1831 1139 1860 papae
1160 1822 1231 1852 acta
1254 1820 1380 1852 concilii
1398 1819 1474 1854 VII.
1498 1820 1688 1851 aniversalis
1703 1820 1821 1852 Latine

164 1879 254 1900 versa
277 1870 376 1909 offert.
1607 1871 1711 1912 (873.)

271 1947 365 1974 Codd.:
378 1947 437 1974 Vat.
446 1955 498 1980 req.
506 1948 627 1975 lat.1046
640 1949 715 1981 (olim
724 1952 781 1981 215,
792 1949 827 1981 cf.
834 1948 1017 1980 Montfancon
1026 1948 1191 1974 Bibliotheca
1200 1948 1223 1979 Ι,
1231 1948 1274 1979 19)
1285 1949 1316 1982 (s.
1324 1947 1372 1981 X.)
1382 1950 1403 1981 f.
1411 1952 1431 1979 1,
1443 1948 1504 1973 olim
1517 1955 1538 1974 s.
1546 1947 1662 1982 Remz'ya
1672 1949 1817 1980 Remensis,

166 1990 248 2023 efiea,
268 1997 338 2022 qaae
355 1990 483 2016 indicavit
500 1999 573 2017 mam
589 1999 685 2017 coaeva
701 1991 722 2023 f.
733 1992 808 2018 178¹:
829 1991 983 2018 Sichelmus
1001 1991 1092 2018 senior
1109 1991 1187 2017 dedit
1203 1992 1300 2017 sancto
1315 1990 1442 2024 Remigio
1462 1999 1512 2024 pro
1530 1990 1622 2025 anime
1636 1999 1684 2028 sue
1696 1991 1819 2018 remedio

166 2032 240 2058 hunc
253 2032 363 2058 librum.
375 2033 501 2067 Septima
514 2034 663 2060 Grecorum
679 2035 800 2068 synodus
818 2035 891 2061 falsa
910 2036 938 2061 et
956 2034 1062 2061 relecta
1076 2034 1192 2068 (reiecta
1199 2033 1221 2064 ?)
1237 2042 1299 2060 cum
1317 2033 1413 2060 multis
1433 2033 1571 2068 episcopis
1584 2035 1709 2068 tempore
1723 2034 1819 2060 Karoli

167 2075 343 2109 imperatoris
362 2076 392 2102 in
410 2076 633 2103 Franconolurth
652 2077 769 2111 palatio.
799 2077 835 2104 Et
853 2077 979 2111 loquitur
991 2078 1026 2104 de
1045 2079 1204 2104 sanctorum
1222 2076 1393 2111 imaginibus
1412 2078 1441 2103 et
1459 2077 1492 2103 de
1511 2077 1562 2109 his,
1582 2076 1630 2110 qui
1649 2077 1745 2104 dicunt
1764 2086 1818 2104 non

167 2118 268 2144 debere
287 2118 413 2145 venerari
432 2128 524 2146 sacras
543 2119 687 2154 imagines,
706 2129 823 2154 quorum
842 2120 967 2147 stultitia
986 2120 1180 2153 (stultitiamP)
1203 2119 1368 2146 omnimodis
1391 2119 1542 2154 redarguit.
1579 2120 1662 2154 Infra
1684 2120 1715 2145 in
1737 2128 1818 2154 mary.

167 2161 262 2187 iterum
280 2161 357 2188 add„-
383 2161 537 2188 Sichelmus
556 2163 648 2189 senior
666 2163 745 2190 dedit
767 2164 864 2190 sancto
886 2163 1012 2197 Remigio
1033 2163 1076 2196 (=
1089 2163 1135 2197 B).
1171 2163 1218 2189 Ea:
1241 2163 1291 2189 hoc
1313 2162 1401 2189 codice
1419 2163 1586 2195 Bonyarsius
1607 2172 1633 2189 a.
1646 2167 1713 2189 1590
1734 2171 1819 2189 mense

171 2203 276 2229 Martio
294 2205 475 2238 fraymentam
494 2205 583 2238 (Quae
602 2205 675 2232 enim
694 2221 725 2225 —
746 2206 893 2233 christiani
912 2206 1045 2238 fatentur,
1063 2206 1142 2240 infra
1159 2214 1185 2239 p.
1198 2209 1246 2232 418
1264 2206 1282 2232 Ζ.
1294 2206 1378 2232 5—l.
1392 2206 1432 2238 12)
1450 2206 1586 2239 excerpsit,
1608 2206 1679 2239 quod
1697 2208 1771 2232 eoetat
1789 2206 1819 2232 in

271 2376 295 2407 ἃ)
315 2377 421 2402 antistes
440 2377 490 2403 V3.
579 2377 604 2410 ιἲ)
622 2386 670 2404 om.
686 2378 738 2403 V3.
828 2378 851 2410 c)
869 2386 995 2411 superscr.
1012 2378 1040 2404 V.
1132 2377 1157 2411 d)
1176 2378 1282 2412 prolatis
1300 2378 1388 2409 codd.;
1409 2386 1476 2404 corr.
1493 2378 1551 2404 edd.
1640 2377 1663 2411 θ)
1686 2380 1819 2412 sigillatim

176 2422 228 2454 1⁷2,
241 2422 295 2447 V3.
394 2419 414 2453 f)
433 2430 507 2454 cyrea
525 2420 579 2447 V3.
677 2421 702 2454 Β)
720 2423 814 2453 omnia,
832 2423 867 2447 -ia
885 2430 952 2447 corr.
967 2421 998 2451 V,·
1024 2430 1120 2453 omues,
1140 2430 1178 2447 —es
1204 2430 1281 2454 corr„
1299 2421 1352 2447 V3.
1456 2420 1482 2453 h)
1508 2421 1620 2453 sequitur
1644 2422 1693 2447 del.
1713 2431 1770 2447 rum
1788 2421 1819 2453 V,-

169 2466 326 2498 muscipulas
344 2464 398 2490 V3.
470 2463 489 2496 i)
508 2465 620 2498 poterint
637 2473 705 2490 corr.
719 2473 749 2490 ex
767 2466 859 2498 poterit
878 2465 908 2497 V;
924 2466 1035 2498 poterint
1052 2465 1152 2497 reliqui.
1222 2463 1248 2496 k)
1268 2465 1430 2490 transcendat
1448 2464 1500 2490 1⁷2.

274 2567 300 2599 1)
319 2567 354 2593 A.
369 2570 417 2593 787
441 2567 563 2593 Nicaeae
579 2567 680 2594 habita.
771 2567 797 2601 2)
818 2567 899 2600 Quem
911 2568 1078 2594 Anastasius
1093 2570 1186 2601 postea
1198 2567 1299 2594 Latine
1317 2567 1405 2599 vertit,
1425 2567 1460 2598 cf.
1473 2574 1501 2593 n.
1516 2570 1539 2593 6.
1626 2566 1654 2599 3)
1675 2570 1817 2594 784-806.

170 2612 197 2643 4)
218 2610 259 2643 Cf.
273 2610 337 2643 Rey.
351 2609 424 2641 Jaffe
442 2613 508 2636 2448
526 2612 552 2636 et
569 2614 646 2643 2449,
664 2609 701 2637 ed.
716 2610 810 2636 Mansi
831 2610 908 2637 Conc.
922 2611 978 2637 coll.
994 2610 1063 2644 XII,
1078 2614 1141 2638 1074
1159 2613 1183 2637 et
1202 2615 1276 2641 1077;
1298 2618 1321 2637 v.
1333 2610 1412 2636 etiam
1431 2609 1498 2636 MG'.
1513 2609 1605 2642 Epist.
1621 2609 1667 2642 VI,
1682 2613 1734 2636 448
1757 2618 1817 2636 cum

169 2662 234 2680 ann.
243 2654 257 2669 ‘¹‘
270 2655 295 2679 et
313 2661 379 2679 ann.
390 2658 425 2679 11.
496 2654 522 2686 5)
544 2653 584 2686 Cf.
599 2653 631 2678 M
636 2653 667 2680 G.
682 2653 771 2686 Epist.
785 2653 830 2686 VJ,
844 2657 897 2680 488
915 2654 931 2680 Ζ.
945 2658 982 2681 10.
1054 2655 1080 2687 6)
1100 2653 1141 2686 C'f.
1154 2654 1215 2681 [Ab.
1227 2656 1310 2687 pont„
1328 2652 1392 2680 Vita
1404 2652 1548 2679 Hadriani
1559 2652 1603 2679 II.
1616 2660 1638 2679 c.
1648 2656 1689 2684 46,
1707 2652 1746 2678 cd.
1758 2653 1818 2679 Du-

171 2697 261 2723 chesne
279 2695 322 2728 II,
335 2699 392 2728 182,
411 2696 457 2722 ubi
475 2696 572 2729 legitur
589 2696 661 2722 hanc
678 2696 897 2729 disceptationem
914 2699 1000 2723 actam
1020 2704 1073 2723 esse
1090 2698 1155 2731 post
1173 2697 1246 2724 diem
1265 2696 1387 2727 tertium,
1412 2703 1467 2729 quo
1485 2695 1674 2722 sacratissima
1698 2695 1818 2729 synodus

172 2749 232 2766 cum
253 2739 309 2765 suis
327 2738 526 2773 scriptionibus
545 2739 657 2766 omnino
670 2739 699 2765 in
713 2739 807 2766 codice
822 2742 1013 2767 consummata
1025 2741 1202 2774 retraetaque
1216 2740 1249 2773 (l)
1269 2740 1303 2766 ad
1317 2747 1425 2766 omnem
1444 2738 1613 2772 elegantiam
1634 2737 1661 2763 in
1681 2738 1816 2765 aecclesia

171 2793 192 2810 s.
206 2782 327 2816 Sophiae
345 2781 444 2809 fuerat.

1832 1301 1861 1323 cf.
1873 1301 1936 1322 Prov.
1945 1304 1964 1327 1,
1976 1304 2010 1323 1⁷.
