2189 3042
282 142 342 171 292
620 133 846 162 FRAGMENTA
866 132 1035 159 REGISTRI
1058 131 1236 158 IOHANNIS
1257 131 1330 157 VIII.
1350 130 1468 157 PAPAE
1489 129 1531 157 33.
1550 131 1591 158 34.

1080 220 1130 250 33.

388 274 546 305 Iohannes
569 272 665 303 VIII.
687 281 774 310 papa
799 270 988 311 (Ludovico)
1007 269 1149 309 palmam
1170 279 1228 308 pro
1251 268 1458 300 benedictione
1480 269 1586 299 mittit.

386 350 449 376 Con.
462 357 534 376 cam!
563 349 589 374 Α
608 350 627 381 f.
644 352 689 374 128
707 356 745 381 ep.
759 350 796 373 31.
1484 312 1561 351 (874
1584 310 1843 351 Feb.—Mart.)¹

384 392 451 419 Ed.:
480 391 577 418 Ewald
596 391 660 417 NA.
684 390 713 422 V,
733 394 783 416 307
800 399 826 416 n.
840 393 880 416 31.
900 404 931 408 -
951 388 1139 420 Jaffe-Ewalcl
1160 388 1223 421 Περ.
1238 391 1311 414 2991.

1042 458 1172 482 EIDEM²

389 502 588 546 [PJreteroaa
613 505 718 533 vestre
743 501 932 532 sublimitati
956 500 1096 541 palmam
1127 510 1184 540 pro
1209 499 1433 531 benedictione
1464 499 1641 540 apostolica
1670 499 1760 530 iuxta
1789 498 1934 530 morem³

280 557 468 594 direximus,
493 555 588 596 quiab
611 564 670 595 per
692 553 773 584 hanc
798 555 947 593 optamus
970 552 1091 582 victrIci
1115 551 1250 582 dextere
1273 555 1378 582 vestre
1403 551 1554 581 divinitus
1577 550 1714 582 conferri
1737 549 1933 590 triumphum

279 607 496 650 apostolorum
521 607 700 647 principum
725 603 875 645 precibus
898 603 1087 635 mereamini
1112 606 1143 633 et
1171 602 1222 633 hic
1245 602 1367 633 infinita
1390 602 1510 643 gaudia
1533 602 1615 633 bene
1639 601 1776 633 vivendo
1800 602 1933 632 transire

280 663 312 692 et
336 660 367 690 in
391 663 536 691 eternum
560 668 632 688 oum
656 656 773 687 sanctis
798 659 955 696 perpetua
979 655 1102 696 premia
1127 654 1302 695 possidere.

1083 768 1132 797 34.

389 821 546 853 Iohannes
561 820 655 851 VIII.
669 829 759 860 papa
776 818 855 850 clero
871 817 1075 849 Salei-nicam
1090 817 1197 848 scribit
1213 817 1250 848 dc
1266 816 1462 856 Lupemmclo
1471 816 1660 856 presbytero,
1677 817 1787 846 contra
1802 824 1935 846 canones
1954 825 1978 844 ιο

280 869 426 909 deposito,
450 867 643 899 restituendo
668 869 696 897 et
720 867 833 897 iterum.
857 865 1029 896 iudicando
1058 867 1086 896 ct
1113 865 1150 895 de
1174 864 1358 904 presbiteris
1380 873 1400 894 a
1423 863 1555 895 Nicolao
1580 863 1636 904 (I.)
1660 862 1936 894 excommunicatis

280 928 351 948 cum
368 915 565 956 poenitentia
588 914 785 953 recipiendis.
1744 910 1848 949 (574.)

388 975 449 1001 Coll.
464 982 535 1001 cam:
565 975 591 1000 A
610 976 630 1007 f.
646 976 696 999 128
714 982 751 1006 cp.
765 976 804 999 32.

566 1021 594 1043 2;
623 1017 652 1042 D
670 1016 712 1043 lib.
728 1015 807 1042 XIV
817 1023 838 1041 c.
851 1019 882 1042 35
901 1015 952 1048 (cd.
967 1015 1070 1041 Fronto
1085 1023 1114 1047 p.
1129 1014 1198 1047 383).
1213 1029 1245 1033 —
1262 1014 1305 1040 D¹
1320 1014 1361 1040 lib.
1379 1014 1401 1040 V
1413 1022 1433 1040 c.
1446 1017 1493 1040 104
1506 1012 1557 1046 (ed.
1572 1013 1668 1047 Miyne
1682 1012 1787 1044 CLXI,
1802 1013 1889 1045 1234).
1903 1027 1936 1031 -—

623 1055 647 1081 G
665 1062 685 1080 c.
700 1059 746 1081 109
767 1054 795 1081 C.
812 1054 862 1080 XI
875 1062 918 1087 qu.
931 1056 947 1080 3
965 1053 1014 1085 (ecl.
1035 1053 1181 1086 Friedbery
1200 1053 1223 1085 I,
1242 1053 1306 1086 675).
1953 1057 1980 1081 515

387 1100 471 1126 EM:
502 1099 681 1125 Concilioram
700 1100 718 1124 t.
732 1097 840 1123 XXIV
850 1097 979 1129 (Parisiis
997 1105 1009 1122 e
1027 1095 1207 1130 typoyraphia
1225 1095 1300 1129 reyia
1314 1096 1392 1128 1644)
1409 1103 1434 1128 p.
1446 1097 1532 1121 35771.
1544 1097 1589 1121 311
1601 1102 1632 1120 ex
1645 1094 1691 1120 D4
1705 1105 1736 1116 =
1752 1094 1846 1119 Mansi
1860 1093 1936 1120 Conc.

282 1140 340 1166 coll.
356 1138 459 1170 XVII,
474 1142 521 1164 225
539 1140 627 1164 21.311
647 1149 677 1158 z
698 1136 789 1169 Miyne
807 1136 883 1162 Patr.
899 1136 943 1162 lat.
959 1135 1096 1167 CXXVI,
1114 1138 1165 1161 656
1183 1143 1210 1160 η.
1224 1139 1262 1161 10.
1281 1149 1314 1152 -
1333 1133 1502 1165 Loeweiifeld
1520 1133 1608 1166 Epist.
1627 1141 1652 1166 p.
1666 1136 1698 1159 29
1716 1141 1742 1158 a.
1757 1135 1789 1159 53
1807 1140 1840 1158 eae
1857 1132 1891 1158 A.
1907 1147 1938 1151 —-

284 1179 364 1213 Rea:
383 1177 481 1204 Ezcald
500 1177 563 1202 NA.
588 1176 617 1208 V,
638 1178 690 1202 308
709 1184 737 1202 iz.
749 1179 789 1202 32.
826 1174 904 1206 Jaffe
923 1174 986 1208 Req.
999 1178 1063 1200 2992
1081 1174 1176 1207 (2252).

887 1243 1018 1277 CLE[R0}
1044 1241 1334 1276 [SALERNlTANOEa.

371 1300 415 1337 (1)
441 1295 721 1340 [L]upenandumb
746 1295 974 1337 presbiterum,
999 1305 1096 1336 quem
1120 1297 1250 1335 captata
1273 1294 1464 1325 auctoritate
1488 1293 1663 1324 kanonicac
1688 1303 1706 1324 a
1733 1303 1789 1324 suo
1814 1295 1937 1323 tantum
1957 1302 1981 1320 20

284 1351 436 1392 episcopo
461 1349 512 1380 vel
536 1359 554 1379 a
579 1347 843 1389 compresbiteris
866 1347 986 1388 putatis
1011 1357 1081 1378 esse
1106 1345 1303 1387 depositum,
1335 1348 1459 1376 tantum
1482 1344 1609 1375 interim
1632 1344 1811 1375 iudicamus
1840 1343 1880 1374 ab
1908 1344 1940 1374 in

284 1412 317 1433 se
343 1401 419 1432 data
444 1400 603 1431 sententia
628 1409 698 1430 esse
722 1399 908 1437 immunem,
934 1401 1088 1439 quantum
1113 1398 1185 1429 talis
1209 1397 1417 1438 presumptio,
1441 1397 1500 1427 nisi
1522 1396 1699 1437 apostolica
1721 1395 1941 1427 misericordia

284 1453 478 1494 preveniret,
502 1462 564 1482 non
582 1450 738 1481 debuerat
761 1460 831 1480 esse
855 1450 966 1480 inulta.
1001 1450 1134 1489 Tamen,
1152 1449 1227 1490 quia
1250 1459 1344 1480 nemo
1369 1451 1444 1479 ante
1468 1447 1664 1479 audientiam
1682 1447 1814 1478 iudicari
1832 1446 1940 1487 debet,

284 1505 442 1536 adiunctis
471 1514 529 1534 sex
558 1502 717 1543 episcopis
748 1512 819 1532 cum
849 1502 1001 1542 episcopo
1033 1501 1185 1542 propri0⁵
1212 1504 1267 1532 aut
1296 1511 1315 1531 a
1344 1500 1478 1531 testibus
1513 1499 1695 1530 convictusd
1719 1502 1774 1530 aut
1807 1498 1941 1529 iudicari

286 1556 384 1587 debet
406 1554 566 1596 presbiter
591 1553 803 1594 quodcunque
829 1553 1003 1583 confessus.
1042 1553 1275 1584 Verumtamen
1300 1555 1410 1583 contra
1433 1556 1557 1582 sacrose
1581 1561 1720 1581 canones
1744 1551 1774 1581 in
1799 1560 1882 1590 eum,
1905 1552 1940 1580 ut
1958 1559 1982 1578 25

286 1607 434 1647 diximus,
449 1606 571 1637 illatam
590 1604 787 1636 sentenciam
806 1607 963 1635 cassatam
981 1614 1050 1635 esse
1067 1604 1194 1645 penitus
1211 1604 1400 1643 sancientes,
1414 1602 1563 1633 eumdem
1579 1602 1791 1643 presbiterum
1810 1601 1938 1642 proprio

285 1658 399 1689 honori
424 1660 457 1688 et
480 1656 594 1698 gradui
619 1655 815 1686 restituimus
840 1658 872 1686 et
896 1656 925 1686 ei
949 1665 1077 1686 omnem
1101 1654 1227 1685 interim
1244 1653 1444 1685 ministrandi
1460 1653 1627 1684 licenciam
1644 1653 1820 1684 tribuimus.
1856 1651 1939 1682 Sane

286 1711 312 1741 si
336 1710 447 1749 fuerit,
472 1708 558 1749 quod
582 1707 671 1738 illum
695 1709 838 1746 accuset,
863 1707 948 1747 quia,
973 1707 1054 1737 sicut
1077 1716 1150 1737 eum
1173 1706 1288 1736 iniuste
1312 1705 1480 1745 dampnari
1507 1704 1667 1744 nolumus,
1698 1704 1742 1735 ita
1766 1707 1798 1734 et
1821 1713 1938 1744 appro-

286 1761 421 1792 bacione
445 1759 584 1790 criminis
608 1758 697 1789 illum
722 1757 893 1788 iustificare
918 1758 1185 1798 contempnimus,
1210 1767 1281 1787 cum
1305 1756 1394 1787 vobis
1417 1756 1586 1797 episcopus
1610 1756 1706 1786 fuerit
1725 1757 1938 1793 consecratus,

286 1816 360 1844 tunc
384 1812 534 1843 adiuncto
560 1811 620 1841 sibi
645 1813 733 1841 certo
758 1820 891 1840 numero
916 1809 1134 1850 collegarum6
1150 1809 1218 1849 ipse
1236 1807 1393 1849 presbiter
1409 1811 1464 1838 aut
1488 1808 1650 1838 convictus
1667 1806 1858 1847 dampnetur
1874 1809 1939 1844 aut,
1959 1816 1983 1835 30

286 1864 312 1894 si
347 1863 516 1894 innocensf
551 1864 698 1902 repertus
733 1861 842 1901 fuerit,
882 1870 978 1891 causa
1013 1861 1080 1891 eius
1111 1860 1264 1891 canonice
1299 1860 1502 1897 terminetur,
1538 1858 1613 1899 quia
1646 1868 1708 1889 non
1744 1857 1852 1888 statim
1887 1856 1940 1898 qui

286 1918 454 1946 accusatur
477 1924 550 1945 reus
575 1916 633 1952 est,
658 1912 715 1943 sed
739 1913 792 1952 qui
816 1912 1012 1943 convincitur
1035 1912 1232 1942 criminosus.

397 1966 464 2007 (2)ἃ
493 1965 615 1996 Porro‘o'
644 1964 683 1995 de
718 1963 779 1993 illis
814 1963 1015 2004 presbiteris,
1051 1964 1104 2004 qui
1139 1966 1286 2003 tempore
1317 1961 1506 1992 sanctissimi
1536 1959 1813 2001 p1·aedecessoris¹¹
1841 1959 1940 1990 nostri

287 2017 419 2049 dominii
444 2028 527 2058 pape
556 2016 703 2047 Nicolai⁷
729 2016 1000 2046 excommunicati
1031 2025 1155 2045 sacrum
1184 2013 1416 2045 ministeriumk
1440 2013 1625 2053 contingere
1655 2010 1939 2053 presumpserunt¹‚

399 2111 426 2143 ³³)
446 2111 553 2136 Lemma
578 2112 601 2135 ct
626 2109 814 2142 superscriptio
838 2110 868 2133 i'n
892 2108 933 2134 D:
961 2108 999 2134 Ut
1024 2107 1278 2134 excommunicatus
1303 2108 1368 2133 ante
1398 2115 1512 2132 examen
1541 2115 1594 2132 non
1622 2104 1806 2132 communicet
1833 2105 1941 2131 statuta
1960 2112 1984 2131 35

448 2148 663 2175 misericorditer
682 2147 857 2181 poenitentia
876 2147 920 2172 his
940 2147 987 2180 qui
1009 2146 1092 2173 aliter
1109 2145 1234 2172 fecerint.
1272 2146 1387 2171 Ioannes
1401 2145 1475 2171 VIII.
1496 2145 1570 2171 clero
1595 2145 1624 2170 et
1646 2143 1736 2170 ordini
1756 2142 1941 2169 salernitano.

448 2188 484 2213 In
503 2188 561 2213 ΙΝ.-
588 2187 664 2217 Quae
687 2186 725 2212 sit
748 2185 923 2219 poenitentia
947 2185 1133 2215 sacerdotum,
1152 2184 1200 2218 qui
1221 2183 1453 2211 excommunicati
1473 2192 1580 2209 sacrum
1600 2182 1761 2216 mysterium
1781 2181 1942 2214 contingere

445 2227 634 2260 praesumunt.
666 2225 783 2251 Ioannes
796 2224 871 2250 VIII.
886 2224 958 2250 clero
977 2226 1005 2250 et
1025 2223 1114 2249 ordini
1134 2223 1318 2250 Salernitano.
1355 2223 1392 2248 1η
1409 2222 1448 2248 G:
1466 2222 1603 2248 Iohannes
1618 2221 1691 2248 VIII.
1711 2221 1783 2247 clero
1805 2222 1832 2247 et
1851 2220 1941 2247 ordini

444 2265 607 2291 Salonitano
626 2263 748 2290 scribens
763 2262 865 2289 diffinit
878 2263 979 2289 dicens.
1012 2262 1070 2292 Que
1088 2262 1125 2288 sit
1143 2262 1304 2295 penitencia
1321 2261 1504 2292 sacerdotum,
1519 2260 1566 2294 qui
1581 2258 1814 2286 excommunicati
1832 2267 1939 2285 sacrum

444 2303 629 2329 ministerium
648 2304 818 2336 presumunt.
1956 2305 1981 2323 40

392 2356 433 2382 33.
462 2358 485 2387 θ’)
505 2357 590 2381 littera
610 2356 716 2380 initialis
734 2356 800 2380 deest
822 2354 854 2379 A.
942 2353 966 2385 b)
986 2358 1009 2379 et
1028 2355 1090 2386 quia
1109 2353 1141 2378 A.

393 2399 434 2424 34.
462 2401 484 2431 a)
505 2400 549 2424 Cle
563 2418 567 2422 .
579 2418 585 2424 .
598 2419 603 2424 .
618 2399 671 2424 arel
686 2417 692 2423 .
705 2418 711 2424 .
723 2422 728 2427 ,
741 2417 747 2424 .
761 2398 798 2426 Α,·
817 2398 861 2422 sed
879 2398 914 2429 cf.
929 2401 1016 2421 annot.
1032 2410 1050 2422 ι.
1125 2395 1149 2429 b)
1170 2396 1255 2421 littera
1273 2395 1380 2420 initialis
1399 2395 1467 2420 deest
1485 2395 1517 2419 A.
1593 2394 1616 2426 e)
1635 2394 1787 2419 auctoritate
1804 2392 1893 2425 repetit
1909 2391 1942 2417 A.

290 2438 314 2470 d)
334 2447 401 2463 corr.
414 2446 444 2463 eac
462 2438 587 2463 convictis
607 2437 639 2462 A.
723 2436 745 2469 e)
764 2445 835 2461 sacro
855 2436 887 2460 A.
969 2434 989 2467 f)
1008 2444 1074 2460 corr.
1089 2443 1119 2460 ez
1139 2436 1268 2467 ignocens,
1288 2434 1422 2459 dimidium
1441 2434 1541 2458 litterae
1559 2442 1576 2466 g
1594 2441 1670 2463 eras„
1688 2432 1721 2457 A.
1802 2430 1828 2464 Β)
1848 2440 1895 2456 om.
1909 2431 1943 2462 D,

290 2478 338 2508 D¹‚
359 2477 389 2502 G.
480 2475 504 2507 ¹¹)
525 2477 664 2501 decessoris
684 2476 716 2501 A.
805 2474 823 2507 i)
840 2474 918 2499 donni
938 2475 970 2499 A.
1058 2473 1083 2504 k)
1104 2474 1245 2498 misterium
1265 2474 1297 2502 A,
1318 2473 1468 2505 mysterium
1488 2472 1539 2496 D1.
1626 2470 1644 2502 l)
1663 2471 1846 2504 presumserint
1865 2470 1898 2494 A.

395 2535 419 2567 l)
438 2535 480 2560 De
502 2538 615 2567 tempore
636 2534 717 2559 liuius
740 2534 863 2567 epistolae
886 2534 920 2564 cf.
940 2533 1037 2559 Eicald
1057 2533 1118 2558 NA.
1141 2532 1171 2565 V,
1192 2535 1244 2558 307
1265 2534 1358 2558 annot.
1372 2536 1396 2557 4.
1490 2531 1516 2563 2)
1536 2531 1560 2557 Ι.
1575 2538 1594 2556 e.
1614 2529 1754 2555 Ludom'co
1777 2528 1942 2560 Germanico,
1961 2538 1986 2556 45

291 2576 326 2607 cf.
339 2582 366 2600 η.
380 2576 419 2605 32,
434 2582 463 2606 1).
477 2577 534 2605 291,
554 2573 601 2599 scd
620 2572 656 2598 ad
669 2572 832 2598 Liuioricwn
845 2572 885 2598 II.
898 2572 1079 2604 imperatorem
1091 2571 1160 2597 lianc
1178 2571 1315 2604 epistolam
1333 2570 1430 2601 referri
1443 2569 1534 2595 debere
1550 2571 1632 2601 putat
1645 2567 1744 2594 Ewald
1761 2567 1791 2593 in
1804 2567 1858 2593 JE.
1869 2570 1942 2598 2991,

291 2614 325 2645 cf.
341 2612 420 2638 etiam
438 2620 523 2644 supra
542 2620 568 2637 n.
581 2615 621 2643 32,
635 2620 662 2644 p.
675 2614 706 2637 31
721 2614 745 2637 et
761 2611 838 2642 infra
850 2618 878 2636 n.
890 2614 931 2641 48,
948 2618 975 2642 p.
989 2613 1047 2635 302.
1118 2610 1144 2641 3)
1164 2609 1188 2635 Ι.
1199 2618 1218 2635 e.
1232 2612 1344 2641 tempore
1356 2608 1582 2641 qaadrayesimae,
1601 2607 1635 2638 cf.
1649 2615 1675 2632 n.
1687 2609 1730 2632 48.
1801 2606 1827 2638 4)
1848 2605 1942 2631 Edito-

290 2659 343 2676 rem
362 2650 541 2676 Parisiensem
561 2658 593 2676 ex
610 2650 725 2683 quodam
744 2649 828 2676 codice
845 2649 1002 2674 collectionis
1021 2648 1111 2673 Ironis
1129 2648 1257 2680 hausisse,
1275 2647 1378 2674 etiamsi
1397 2646 1499 2672 duobus
1516 2646 1578 2671 locis
1596 2646 1642 2678 (cf.
1659 2653 1686 2678 p.
1700 2648 1747 2671 292
1765 2646 1859 2670 annot.
1871 2644 1898 2675 d,
1915 2643 1942 2677 k)

291 2698 309 2714 a
326 2689 434 2722 vulgata
452 2689 568 2714 rersione
586 2689 729 2714 editionum
747 2688 842 2714 decreti
861 2687 986 2712 Inonicmi
1003 2686 1145 2719 discrepat,
1169 2694 1201 2712 eoe
1224 2694 1254 2712 eo
1276 2686 1355 2717 facile
1373 2685 1509 2717 evincitur,
1534 2685 1604 2717 quod
1626 2684 1656 2709 in
1679 2683 1798 2716 sequenti
1821 2682 1944 2708 editionis

292 2727 452 2753 Parisiensis
473 2735 584 2753 numero
603 2730 650 2753 312
673 2735 782 2760 sequens
803 2729 885 2759 caput
908 2725 1002 2751 decreti
1022 2725 1149 2751 Ironiausi
1174 2725 1292 2757 additur,
1317 2727 1352 2757 cf.
1371 2732 1398 2750 n.
1411 2727 1449 2750 37.
1555 2724 1581 2755 5)
1603 2722 1643 2753 Cf.
1663 2721 1791 2755 Dionysii
1812 2721 1878 2755 Syn.
1898 2729 1940 2754 ap.
1961 2729 1986 2748 50

295 2765 480 2799 Carthayinem
499 2766 534 2798 (q.
548 2774 568 2792 r.
584 2765 647 2792 cod.
661 2774 720 2792 can.
734 2765 790 2791 eccl.
806 2765 969 2796 Africanae)
989 2772 1010 2790 c.
1024 2767 1058 2789 20
1078 2764 1184 2798 (Miyne
1203 2763 1332 2795 LXVII,
1348 2764 1412 2795 190).
1484 2762 1510 2794 6)
1533 2761 1571 2793 Cf.
1585 2760 1646 2787 ibid.
1718 2760 1744 2792 7)
1765 2760 1796 2793 L,
1817 2762 1942 2786 858-67.
