2189 3042
110 1238 271 1263 01.Gal.8‚11.

301 129 362 157 440
533 124 724 151 ANASTASH
746 123 1041 150 BIBLIOTHFJCARII
1061 123 1261 150 EPISTOLffl
1279 123 1359 150 SIVE
1378 123 1657 152 PRAEFATIONES
1679 125 1717 152 17.

299 212 432 236 DOMINO
457 212 602 236 I’HSSIMO
627 212 670 235 ET
693 211 915 236 SERENIsSIMO
940 211 1097 235 KAROLOa
1117 211 1329 236 IMPERATOM
1354 212 1484 243 DfflQUE
1504 210 1602 236 Vfflub
1628 212 1794 238 CUL'J'ORlc
1817 213 1952 238 SEMPER

296 254 454 278 AUGUSTO
479 254 687 278 ANASTASIUS
712 254 861 278 EXIGUUS
884 253 1120 278 APOSTOLICAE
1145 253 1240 278 SEDIS
1266 253 1595 280 ΒΙΒΙ,ΙΟΤΗΕΟΑΗΙΠΞ(ἰ
1614 255 1649 279 IN
1676 255 1810 281 DOMINO
1829 256 1951 281 AETER-

858 296 931 321 NUM
951 296 1023 320 CUM
1042 296 1189 321 cflRlsTO
1208 297 1388 322 IMPERIUM.

402 350 485 381 Ecce
510 351 739 391 imporatorum
763 352 982 383 sollertissime
1004 354 1052 382 ct'
1070 351 1358 392 christianissime‘'7
1384 352 1437 393 qui
1463 351 1576 383 effodis
1601 355 1633 382 ct
1657 351 1798 384 rimariss
1821 353 1950 394 sapien-

295 402 371 432 tiam
388 402 469 433 sicut
492 402 688 441 thesaurum,
714 403 763 433 cui
788 402 886 433 nihils
908 403 1069 433 sinistrum
1094 405 1152 443 est,
1177 413 1249 433 cum
1274 406 1409 444 utraque
1434 403 1582 434 nimirum
1606 403 1724 434 manu¹¹
1741 415 1798 444 pro
1823 404 1950 436 dextrai

294 453 392 484 utaris
420 472 452 475 —
480 464 553 484 nam
583 453 646 485 sie¹‘
671 454 810 485 humana
840 455 886 485 rei
919 453 1068 494 publicae
1100 454 1271 485 commissa
1301 454 1476 486 secundum
1506 453 1614 496 legem
1638 455 1699 486 Dei
1731 455 1950 496 gubernacula

293 505 480 546 moderaris,
511 508 544 536 ut
575 505 681 536 divina
712 516 860 547 quaeque
885 516 947 536 non
979 505 1119 544 deseras,
1144 505 1202 536 sed
1227 505 1347 546 potius¹
1376 506 1542 547 praeferas
1566 525 1616 546 —7
1645 507 1828 547 passionem
1851 508 1952 538 sancti

293 558 512 599 ieromartyris
537 557 707 598 Dionysiim
733 557 895 598 quondam
915 557 1123 598 Ariopagitae
1148 560 1286 598 postque
1306 557 1507 589 Athenarum
1530 557 1690 598 antistitis⁷
1715 568 1811 599 quam
1827 558 1952 590 Romae

292 608 367 649 legi,
391 613 483 639 cumn
514 619 592 649 puer
623 618 736 648 essem,
768 614 949 650 quamque⁰
979 619 998 640 a
1029 608 1391 649 Constantinopolitanis
1423 609 1539 650 legatis
1570 609 1746 649 audieram,
1777 609 1952 641 secundum

292 660 466 691 iussionem
488 662 626 691 vestram
651 659 705 690 diu
735 661 912 701 quaesitam
945 660 1140 702 tandemque
1170 661 1202 690 in
1236 660 1377 692 maximo
1411 661 1638 692 coenobiorum
1663 660 1788 692 Romae
1818 661 1951 692 sitorum

291 712 517 752 reppertampl
553 712 650 742 etiam
685 712 767 743 inter
798 711 941 743 diversos
973 712 1144 753 languores
1176 712 1299 753 positus
1333 716 1462 753 arrepto
1501 711 1737 753 interpretandi
1773 713 1950 743 certamine

291 764 406 795 Latino
431 763 559 805 eloquio
583 763 721 794 tradidi2
739 767 893 805 quantum
917 764 1006 804 potui
1031 764 1206 795 auxiliante
1223 763 1295 795 Deo
1320 766 1352 794 et
1375 763 1400 794 si
1424 774 1487 794 nou
1503 774 1545 794 ex
1568 767 1636 795 toto
1653 763 1788 795 verbum
1806 774 1822 794 e
1841 763 1950 802 verbo⁷

291 826 419 846 sensum
442 819 549 847 tamen
574 815 700 855 penitus
724 815 873 846 hauriens
883 815 904 845 ³.
940 815 1053 846 Cesset
1077 825 1154 856 ergo
1178 816 1242 846 iam
1267 814 1469 857 quorundam
1493 816 1600 856 opinio
1626 815 1863 857 perhibentium
1887 825 1951 846 non

292 876 361 897 esse
387 867 617 907 Ariopagitenq
641 866 831 908 Dionysium
855 877 939 907 eum,
964 867 1018 908 qui
1047 866 1150 908 apud‘
1173 866 1349 897 Parisium³
1373 877 1507 908 corpore
1537 867 1592 898 act
1614 866 1782 898 virtutibus
1813 866 1949 906 redolet,

290 928 361 949 cum
388 918 449 949 hoe
473 921 506 949 et
529 917 727 949 Graecorum
751 927 879 959 quoque
904 918 994 948 stilus
1019 928 1089 948 cum
1113 918 1230 949 Latina
1258 918 1368 958 lingua
1399 918 1596 949 concordans
1627 921 1762 949 testetur
1793 921 1825 948 et
1855 927 1948 958 prae-

287 970 381 1011 dicet,
407 971 438 1001 in
462 981 524 1011 qua
549 971 693 1011 profecto
719 973 809 1001 natus
840 972 888 1000 est
918 973 950 1001 et
974 980 1037 1011 qua
1068 970 1154 1001 celsa
1184 970 1303 1011 scripta
1335 980 1393 1000 sua
1426 970 1628 1001 contexuisse
1660 970 1823 1010 probatur,
1855 979 1949 1010 prae-

287 1022 416 1053 sertimu
444 1032 515 1052 cum
545 1021 713 1053 manifeste
743 1022 881 1052 sciamus
908 1023 1099 1063 praecipuos
1122 1024 1312 1053 tractatores
1336 1021 1508 1061 ecclesiae,
1535 1022 1589 1062 qui
1612 1021 1728 1052 Latino
1752 1021 1824 1052 stilo
1850 1021 1950 1062 scrip-

287 1083 368 1113 sere,
400 1073 476 1114 quid
508 1073 639 1104 dubium
669 1074 700 1104 in
730 1076 839 1104 sancta
867 1074 1023 1114 scriptura
1048 1073 1291 1114 repperientesv
1316 1083 1393 1104 mox
1424 1072 1466 1103 ad
1491 1072 1617 1104 Graeca
1649 1072 1847 1113 exemplaria
1877 1082 1948 1103 cur-

288 1134 358 1155 rere
384 1128 416 1155 et
439 1124 479 1155 ad
508 1135 619 1155 eorum
650 1135 778 1155 sensum
809 1125 953 1165 protinus
981 1135 1000 1155 a
1030 1135 1064 1155 se
1096 1134 1190 1155 omue
1221 1124 1364 1155 nubilum
1396 1124 1614 1166 ambiguitatis
1645 1123 1829 1155 excludere.
1879 1123 1949 1155 Nec

286 1177 412 1216 mirum,
437 1177 463 1206 si
486 1176 654 1217 quisquam
678 1175 845 1208 doctorum
873 1187 950 1217 erga
981 1175 1119 1217 plurima
1150 1179 1324 1217 occupatus
1353 1186 1413 1207 nec
1436 1174 1636 1206 Graecorum
1667 1175 1785 1216 scripta
1814 1175 1947 1206 rimatus

287 1228 380 1259 aliter
403 1228 568 1263 senserit⁴²q
593 1238 666 1259 cum
688 1228 756 1269 ipse
782 1228 945 1268 apostolus
962 1227 1078 1259 Petrus
1095 1227 1255 1269 quaedam
1280 1228 1325 1258 sic
1342 1227 1482 1259 tenenda
1499 1237 1569 1258 esse
1586 1227 1757 1268 putaverit,
1781 1229 1816 1258 ut
1831 1227 1947 1258 merito

288 1278 492 1320 coapostolus
525 1279 593 1310 eius
625 1279 770 1310 PaulusW
798 1289 871 1310 eum
907 1279 1195 1320 reprehensibilem
1232 1279 1429 1310 iudicaverit.
1486 1278 1607 1309 Beatus
1639 1279 1737 1309 ctiam
1770 1277 1948 1319 Cyprianus

289 1330 402 1362 doctor
434 1333 466 1361 et
498 1334 638 1371 martyr*
671 1330 824 1372 quiddam
858 1330 897 1362 de
928 1330 1202 1372 rebaptizationey
1232 1330 1364 1362 diffinitZ
1378 1331 1400 1370 ⁵,
1436 1330 1523 1372 quod
1558 1333 1625 1361 tota
1659 1330 1796 1361 ecclesia
1827 1330 1948 1361 reioita.

291 1382 376 1418 Quid
403 1385 511 1413 autem
543 1382 582 1413 de
613 1386 721 1413 saneto
747 1382 927 1424 Augustino
953 1382 1106 1422 dicemus,
1139 1383 1192 1424 qui
1222 1383 1319 1414 etiam
1350 1382 1448 1413 libros
1472 1382 1750 1413 Retractationum
1781 1381 1951 1413 conficiens

290 1433 451 1473 nonnulla,
476 1443 559 1475 quae
583 1444 617 1465 se
641 1433 724 1464 bene
748 1434 884 1464 sensisse
904 1433 1024 1465 dudum
1048 1437 1228 1475 putaverat,
1252 1433 1470 1475 reprehendit.
1509 1433 1593 1464 Nam
1619 1434 1821 1474 omnipotens
1840 1432 1948 1464 Deusb

290 1495 517 1526 nonnunquam
542 1485 775 1525 dispensatorie
799 1495 914 1526 gerens
938 1485 988 1516 cui
1012 1485 1112 1516 multa
1142 1486 1266 1516 revelat
1290 1484 1448 1526 quiddam
1479 1487 1628 1526 opertum
1653 1485 1772 1516 deserit
1802 1489 1834 1515 et
1864 1483 1950 1526 quod

291 1537 383 1568 alteri
414 1537 542 1567 obserat
571 1537 663 1568 alteri
695 1539 818 1568 reserat
850 1547 908 1568 nec
940 1539 1048 1568 tamen
1080 1537 1147 1567 sine
1181 1537 1447 1568 remunerationis
1476 1536 1559 1567 dono
1591 1536 1756 1577 relinquit,
1790 1535 1876 1577 quod
1908 1545 1949 1566 ex

291 1588 398 1619 radice
427 1588 568 1619 caritatis
599 1587 728 1629 prodire
758 1598 822 1619 non
850 1588 961 1628 nescit,
993 1588 1085 1629 quia⁰
1116 1598 1187 1619 cum
1218 1588 1291 1619 cord
1322 1590 1479 1619 scrutetur
1510 1598 1572 1618 non
1603 1590 1668 1618 tam
1700 1587 1820 1618 dictum
1851 1597 1948 1628 quam

290 1639 474 1670 intentionis
502 1639 643 1670 admittit
671 1639 831 1670 affectum.
867 1639 989 1670 Verum
1019 1639 1092 1670 hinc
1122 1640 1223 1670 multa
1254 1639 1389 1670 docente
1414 1639 1485 1670 Deo
1517 1638 1624 1670 dicere
1658 1648 1798 1680 possem,
1828 1638 1855 1669 si
1885 1648 1948 1669 non

288 1690 367 1722 mihi
383 1690 627 1731 praefationem,
645 1690 702 1721 sed
718 1690 904 1731 apologiam
929 1690 1067 1722 faciendi
1084 1691 1283 1731 propositum
1300 1691 1470 1722 extitisset.
1509 1689 1642 1731 Suscipe
1663 1690 1784 1731 itaque,
1802 1690 1945 1731 piissime

289 1743 472 1782 imperator,
504 1741 693 1782 Dionysium
723 1751 765 1772 ex
794 1741 932 1772 Graecia
962 1743 1077 1773 iterato
1107 1743 1234 1773 volatu³
1257 1743 1440 1773 venientem
1472 1744 1505 1772 et
1529 1742 1584 1782 qui
1615 1741 1738 1781 gaudes
1763 1750 1801 1772 eo
1825 1742 1942 1772 Latino

290 1794 417 1834 eloquio
446 1793 558 1824 habito
570 1794 590 1830 θ,
621 1792 727 1834 gaude
759 1796 791 1823 et
821 1792 880 1823 abf
906 1793 1028 1823 thivo
1059 1803 1207 1824 sermone
1240 1792 1368 1824 donato.
1416 1792 1500 1823 Sane
1531 1794 1606 1834 quia
1635 1792 1777 1824 nonnulli
1810 1792 1946 1823 beatum

395 1956 434 1981 17.
462 1955 485 1989 ἃ)
504 1965 552 1981 om.
566 1957 597 1982 B.
719 1955 745 1988 b)
763 1957 870 1988 uerique
897 1957 938 1982 dei
965 1957 1001 1986 P‚·
1027 1956 1082 1982 veri
1106 1965 1172 1982 corr.
1186 1954 1208 1988 (i
1235 1957 1261 1981 in
1279 1956 1345 1988 ras.)
1363 1956 1400 1985 B;
1435 1965 1494 1982 vere
1514 1956 1540 1981 V.
1673 1957 1696 1988 0)
1715 1957 1809 1982 Karolo
1835 1956 1898 1982 add.
1916 1955 1949 1980 B.

291 1999 315 2031 d)
334 2000 525 2025 bibliotecarius
543 2000 574 2031 P,
588 1999 620 2025 B.
692 1999 716 2032 e)
735 2008 783 2025 om.
796 1999 826 2024 P.
896 1998 916 2031 f)
936 1998 1088 2031 rimalmaris
1106 1999 1140 2025 D.
1218 2002 1243 2031 S)
1262 2000 1299 2024 nil
1318 1999 1350 2024 R.
1421 1997 1446 2032 l¹)
1466 2008 1543 2025 manu
1562 2000 1683 2025 nimirum
1701 1999 1732 2025 P.
1804 1998 1822 2031 i)
1842 2000 1950 2025 dextera

292 2043 321 2074 P,
335 2044 367 2073 B,
382 2042 411 2067 V.
505 2041 530 2074 k)
549 2043 615 2068 sicut
633 2043 663 2067 P.
764 2042 785 2075 1)
804 2051 853 2068 om.
869 2042 896 2067 V.
995 2042 1026 2074 m)
1046 2043 1164 2075 Dyonisii
1181 2043 1227 2074 (sic
1246 2042 1356 2074 semper)
1376 2042 1407 2072 P,
1422 2042 1454 2067 B.
1551 2043 1577 2073 ὓ)
1596 2043 1659 2068 dum
1678 2042 1711 2068 B.
1810 2040 1834 2075 ⁰)
1854 2051 1902 2068 om.
1916 2042 1947 2068 R.

290 2087 315 2118 P)
334 2089 458 2119 repertam
477 2094 544 2111 corr.
557 2094 587 2110 ecc
606 2090 751 2118 reppertam
770 2086 809 2115 R,·
827 2090 952 2119 repertam
972 2085 1002 2116 P,
1015 2086 1046 2117 B,
1063 2085 1092 2111 V.
1168 2085 1193 2117 q)
1213 2086 1388 2118 Ariopagitem
1403 2085 1440 2114 D:
1465 2086 1639 2119 Ariopagitam
1659 2085 1689 2117 P,
1703 2085 1742 2115 B,·
1765 2085 1949 2119 Areopagitem

290 2128 399 2160 (semper
418 2127 522 2160 Areop.)
543 2127 570 2153 V.
641 2127 662 2160 1“)
680 2137 757 2161 prope
774 2128 803 2153 V.
874 2129 895 2159 s)
915 2129 1040 2154 Perisium
1058 2128 1092 2153 Β.
1172 2128 1193 2158 t)
1211 2132 1236 2153 et
1255 2128 1286 2153 Β.
1362 2127 1388 2159 u)
1407 2129 1492 2160 §sitim
1511 2129 1542 2154 P.
1621 2129 1645 2160 v)
1661 2129 1816 2161 reperientes
1834 2137 1902 2154 corr.
1915 2136 1947 2154 ea:

291 2173 461 2204 repperientes
480 2171 516 2201 R,·
534 2172 687 2204 reperientes
706 2171 739 2203 B,
757 2171 787 2196 V.
870 2172 900 2203 W)
920 2172 981 2196 add.
994 2172 1022 2196 in
1039 2180 1120 2204 marg).
1134 2171 1166 2195 B.
1271 2171 1297 2203 x)
1317 2172 1404 2196 martir
1423 2171 1452 2196 P.
1543 2170 1568 2204 y)
1588 2173 1675 2197 -zatio-
1693 2172 1757 2197 add.
1772 2172 1798 2197 in
1815 2179 1898 2204 man-9.
1912 2171 1947 2197 D.

291 2215 314 2245 z)
333 2215 449 2240 definivit
465 2214 495 2239 V.
584 2213 607 2246 fl)
626 2215 714 2240 reiecit
730 2214 759 2239 V.
848 2213 872 2245 b)
891 2215 954 2239 deus
972 2215 1132 2247 omnipotens
1149 2213 1180 2238 V.
1270 2213 1293 2245 θ)
1312 2215 1357 2246 qui
1375 2214 1407 2239 B.
1503 2213 1527 2246 (¹)
1547 2223 1605 2240 cum
1624 2223 1668 2239 cor
1687 2214 1748 2240 add.
1767 2215 1795 2239 in
1807 2223 1890 2247 τηαν-9.
1907 2215 1940 2239 D.

293 2256 315 2290 e)
335 2257 386 2282 Hic
398 2258 464 2290 expl.
480 2258 515 2289 P;
536 2258 597 2283 add.
610 2266 642 2283 m.
656 2266 714 2282 saec
726 2256 949 2289 XVJIJXVJIL:
970 2258 1112 2282 venientem
1131 2261 1156 2282 et
1174 2257 1219 2289 qui
1236 2257 1334 2289 gaudes
1353 2261 1400 2283 etc.
1490 2256 1508 2289 s)
1527 2266 1575 2283 om.
1588 2257 1621 2282 B.

396 2352 422 2383 1)
443 2351 484 2385 Cf.
496 2358 603 2383 eaquae
612 2350 643 2376 de
655 2350 706 2376 hac
721 2349 827 2376 Graeca
833 2350 958 2382 passione
973 2349 1021 2383 (ed.
1034 2350 1126 2384 Miync
1138 2350 1214 2377 Patr.
1226 2358 1321 2385 graeca
1335 2350 1385 2384 IV,
1398 2353 1450 2377 669
1456 2358 1512 2384 sqq.
1511 2352 1534 2384 )‚
1552 2359 1633 2384 quam
1646 2359 1663 2377 α
1676 2350 1811 2378 Methodio
1820 2351 1950 2384 scriptam

290 2402 341 2420 esse
359 2394 526 2420 Anastasius
542 2393 621 2426 infra
638 2393 711 2425 dicit,
729 2393 854 2419 disseruit
875 2392 907 2419 G.
921 2392 1008 2427 The'ry
1023 2393 1226 2420 ‘Gontribatton
1251 2394 1268 2419 ὰ
1286 2393 1412 2420 Z'hz'stoire
1431 2393 1462 2420 dc
1482 2394 1714 2428 l'Arcopaqitisme
1732 2402 1770 2420 aa
1787 2393 1843 2420 IX.
1862 2393 1948 2420 siecle'

291 2437 321 2461 in
337 2436 388 2462 ‘Le
406 2436 567 2470 moyen-ay&
580 2436 621 2463 II.
634 2444 683 2463 ser.
694 2436 890 2467 XXV(1923)‚
907 2440 1015 2469 124sqq.
1053 2436 1255 2463 Demonstravit
1273 2437 1343 2463 hanc
1365 2437 1497 2464 Graecam
1515 2437 1658 2463 versionem
1681 2444 1714 2463 ex
1732 2436 1865 2462 Hilduini
1886 2444 1948 2470 pas-

290 2479 365 2505 sione
383 2479 488 2506 Latina
506 2480 555 2511 (ecl.
569 2480 661 2514 Miqne
681 2480 758 2506 Patr.
772 2479 817 2506 lat.
835 2479 908 2512 GVI,
921 2482 954 2506 23
961 2480 1027 2513 sqq)
1045 2479 1194 2506 derivatam
1218 2488 1280 2507 csse.
1387 2481 1413 2513 2)
1434 2479 1517 2506 Hanc
1536 2479 1681 2506 Anastasii
1705 2479 1847 2506 versionem
1873 2479 1950 2505 nobis

291 2525 473 2548 conservatam
489 2530 540 2548 esse
557 2523 608 2555 (ed.
622 2522 748 2549 Bolland.
761 2523 830 2549 Acta
848 2521 1027 2548 Sa¹nctoram³
1051 2527 1073 2549 9.
1092 2522 1146 2549 Oct.
1170 2523 1222 2556 IV,
1244 2527 1292 2550 792
1299 2531 1361 2557 sqq,
1384 2523 1457 2550 Bibl.
1476 2523 1536 2556 hay.
1549 2524 1596 2549 lat.
1617 2531 1644 2549 n.
1659 2523 1736 2556 2178)
1757 2522 1948 2549 demonstravit

296 2565 383 2598 Thtry
401 2565 417 2592 Z.
430 2566 446 2592 l.
552 2566 579 2599 3)
599 2565 639 2599 Cf.
651 2574 739 2599 snpra
752 2568 838 2599 p.397
855 2572 920 2591 ann.
933 2568 956 2591 3.
1061 2566 1087 2598 4)
1111 2565 1221 2592 Videtur
1243 2565 1399 2599 Greyortam
1422 2566 1589 2592 Zuronicum
1613 2565 1749 2599 respicere,
1769 2568 1806 2600 cf.
1822 2565 1948 2592 Historia

294 2607 466 2634 Francorum
479 2609 501 2641 1,
513 2611 554 2641 30,
566 2608 604 2634 ed.
619 2608 656 2635 M
657 2608 688 2635 G.
700 2608 745 2634 SS.
758 2616 808 2635 rer.
824 2609 924 2635 Meron.
941 2613 959 2640 1,
971 2613 1016 2642 4S;
1037 2617 1055 2635 υ.
1067 2610 1144 2636 etiam
1158 2610 1290 2636 Hildaini
1307 2610 1446 2644 epistolam
1458 2610 1595 2637 Ludovico
1607 2610 1765 2643 imperatori
1777 2610 1894 2641 missam,
1907 2609 1948 2636 ed.

294 2651 330 2676 M
331 2650 362 2677 G.
375 2651 463 2684 Epist.
478 2651 507 2684 V,
519 2654 578 2683 333;
614 2651 699 2686 Ttuiry
715 2652 732 2678 l.
745 2653 762 2678 l.
773 2660 802 2685 1²-
818 2656 861 2678 114
880 2660 945 2678 ann.
960 2656 983 2678 1.
1063 2653 1090 2686 5)
1112 2652 1153 2687 Cf.
1175 2661 1216 2681 ex.
1226 2661 1267 2687 qr.
1287 2653 1427 2686 epistolam
1447 2652 1579 2688 prrtani
1596 2653 1632 2679 ad
1650 2653 1824 2685 Iabaianam,
1845 2652 1949 2686 Corpus

294 2692 313 2717 V
314 2693 437 2721 indobon.
450 2694 511 2727 III,
527 2698 572 2721 778
578 2703 631 2728 sqq.
704 2695 730 2727 6)
750 2695 904 2722 Passionem
919 2695 1046 2729 Dionysii
1059 2696 1091 2721 ab
1106 2695 1240 2723 Htcdmssno
1253 2697 1424 2730 compositam
1438 2696 1488 2730 (ed.
1505 2697 1595 2730 Miyne
1608 2696 1683 2723 Patr.
1698 2696 1746 2723 lat.
1757 2695 1829 2729 01⁷1,
1841 2697 1874 2722 23
1881 2696 1948 2729 sqq.)

293 2737 421 2769 respicere
443 2737 555 2764 videtwr.

1979 672 2004 691 1⁰

1980 929 2003 948 15

1974 1187 2000 1206 2⁰

1977 1444 2002 1463 25

1977 1701 2004 1720 30

1978 2052 2003 2072 35

1976 2266 2001 2285 40

1977 2532 2002 2551 45

1977 2746 2002 2765 ⁵⁰
