2189 3042
659 89 835 116 IOHANNIS
854 89 928 115 VIII.
948 89 1066 115 PAPAE
1088 89 1288 116 EPISTOLAE
1313 90 1353 115 14.
1374 90 1414 115 15.
1823 93 1858 122 13

213 177 398 218 captivitate
423 176 624 217 deductama,
654 181 813 208 necessaria
836 189 938 216 rerum,
970 179 1004 207 ut
1028 187 1099 207 cum
1124 179 1232 207 sancto
1256 186 1341 217 papa
1366 176 1517 207 Grelasiol
1542 176 1729 208 decessoreb
1752 179 1860 207 nostro

214 228 360 259 dolentes
392 232 623 269 gementesque
654 228 826 268 fateamur,
857 232 1042 266 dispositione
1072 233 1291 267 constringimur
1321 234 1349 259 et
1379 233 1534 268 apostolice
1566 233 1638 259 sedis
1670 233 1860 259 moderamine

216 283 405 315 convenimur,
430 283 470 309 sic
493 291 631 309 canonum
655 285 838 317 paternorum
861 284 975 310 decreta
997 284 1100 310 librare
1125 285 1154 310 et
1176 285 1251 310 retro
1275 284 1418 320 presulum
1443 284 1675 318 decessorumque
1699 285 1861 311 nostrorum

215 337 351 370 precepta
378 335 484 366 metiri,
514 336 557 366 ut,
588 343 641 370 que
670 335 844 370 presentium
868 335 1021 361 necessitas
1045 337 1203 369 temporum
1233 344 1292 369 pro
1316 336 1516 362 instaurandis
1540 336 1683 362 ecclesiis⁰
1708 336 1861 362 relaxanda

184 393 195 411 5
215 386 351 419 deposcit,
376 386 504 412 adhibita
527 385 752 412 consideratione
768 386 907 420 diligenti,
931 388 1068 419 quantum
1084 388 1180 420 potest
1203 387 1270 417 fieri,
1295 388 1491 420 temperemus,
1528 382 1612 413 Eece
1638 383 1732 421 enim,
1756 394 1795 414 ne
1820 382 1859 413 de

213 433 341 463 civitate
372 432 414 463 ad
442 433 604 463 civitatem
629 433 771 473 episcopi
799 433 1040 474 transmigrent,
1069 433 1170 463 sancti
1201 443 1337 464 canones
1361 434 1493 474 provide
1522 434 1696 464 sanciunt2.
1743 433 1807 465 Sed
1836 435 1861 464 si

213 484 396 515 huiusmodi
413 485 592 515 sanctiones
616 485 682 514 sine
706 484 772 514 ulla
789 484 980 516 discretione
1004 484 1055 515 vel
1078 484 1314 525 dispensatione
1332 485 1476 515 ducimus
1493 485 1718 524 observandas,
1743 485 1861 516 nullam

214 536 468 576 compassionem
492 535 642 566 fratribus
666 535 865 575 exhibemus,
890 547 969 577 quos
993 536 1159 577 gentilium
1182 536 1306 577 gladios
1330 547 1441 577 passos
1465 547 1560 567 causa
1582 537 1658 568 fidei
1683 537 1862 577 Christiane

216 587 371 626 servande
387 587 533 617 videmus
550 590 690 628 egenteS,
709 590 905 628 angustatos,
929 587 1074 626 afflictos,
1096 587 1155 617 hac
1172 587 1308 628 illacque
1326 587 1490 628 palantesd
1508 588 1670 623 incedere:
1695 589 1862 629 presertim

174 651 198 670 ιο
218 648 290 669 cum
313 638 457 669 nonnulli
481 648 590 668 eorum
614 639 658 669 ita
686 638 747 669 sint
774 649 831 679 per
854 638 916 669 Dei
944 639 1079 680 gratiam
1105 639 1268 678 illustrati,
1300 642 1334 669 ut
1358 650 1418 669 non
1448 640 1550 670 solum
1576 640 1721 679 scientia,
1750 639 1805 670 sed
1831 642 1863 670 et

215 689 366 730 moribus,
391 700 454 720 non
477 689 579 720 solum
597 689 706 730 verbe,
728 690 785 721 sed
802 694 833 720 et
858 690 1007 731 exemplo
1024 690 1177 730 plurimos
1194 690 1321 720 valeant
1338 690 1473 722 erudire.
1513 690 1563 721 De
1581 701 1715 731 quorum
1731 701 1863 721 numero

216 741 292 782 quia
314 741 515 781 Frotharius,
547 740 795 782 Burdegalensis
826 741 945 772 dudum
974 742 1120 781 antistes,
1157 744 1191 771 ut
1223 744 1358 771 testatur
1388 744 1494 772 vestra
1531 742 1728 782 fraternitas,
1764 746 1862 782 extat,

217 792 398 823 necessario
423 792 572 823 duximus
596 792 734 823 eundem
758 794 859 824 virum
883 793 938 824 alii
962 793 1096 832 ecclesie
1120 792 1362 833 preponendum
1387 796 1419 823 et
1442 793 1715 833 incardinandum,
1745 794 1863 824 Bituri-

217 843 303 874 censi
320 843 478 883 videlicet,
503 853 563 885 que
589 847 620 875 et
642 854 759 875 vacans
783 854 853 875 esse
876 844 968 875 nobis
985 844 1170 875 denuntiata
1195 847 1252 883 est,
1277 847 1310 874 et
1333 845 1411 874 tanti
1435 845 1492 874 viri
1517 844 1612 885 digna
1635 845 1801 885 regimine,
1824 855 1862 875 ne

173 909 196 927 ιε
216 905 275 936 per
305 895 408 925 minus
438 895 589 926 idoneum
622 899 780 927 rectorem
811 896 937 926 salubre
968 896 1127 926 salvarum
1156 896 1333 926 animarum
1365 895 1448 925 desit
1476 897 1505 926 ei
1535 895 1708 936 presidium
1743 899 1775 926 ct
1808 907 1865 927 nos

217 950 348 977 econtra
376 947 514 987 ingentis
546 947 637 988 culpe
668 948 866 978 involvamur
897 958 1039 983 annexu,
1071 947 1095 976 si
1129 950 1216 977 tanto
1246 950 1402 987 urguente
1434 947 1615 977 discrimine
1646 951 1733 986 tante
1762 948 1864 978 minus

218 998 421 1028 consulamus
446 999 594 1038 ecclesie,
619 999 867 1040 propugnatorie
890 999 971 1029 hanc
994 998 1153 1039 probabili
1176 998 1306 1028 minime
1331 999 1576 1029 committentes.
1617 998 1781 1029 Prioribus
1804 999 1864 1029 ita-

219 1059 281 1090 que
305 1049 509 1080 manentibus
530 1051 648 1091 regulis
672 1050 873 1087 inconvulsis,
899 1060 971 1091 que,
995 1049 1049 1080 ubi
1072 1059 1131 1080 nec
1151 1060 1258 1080 rerum
1274 1059 1332 1079 nce
1350 1052 1530 1090 temporum
1546 1053 1662 1089 urguet
1682 1050 1864 1089 necessitas,

218 1101 287 1131 iure
313 1103 461 1132 convenit
484 1102 656 1141 observari,
687 1105 854 1132 vacantem
878 1101 954 1131 sede
978 1101 1181 1132 Frotharium
1205 1100 1336 1131 fratrem
1366 1104 1398 1131 et
1421 1102 1647 1141 coepiscopum
1671 1104 1811 1131 nostrum
1835 1102 1865 1131 in

175 1162 200 1181 20
220 1152 298 1183 sede
328 1153 519 1183 Bituricensi
554 1153 782 1194 preficiendum
814 1152 1043 1184 ordinavimuss
1071 1152 1286 1191 sacerdotem,
1319 1153 1363 1183 ita
1394 1156 1428 1183 ut
1460 1154 1491 1183 in
1522 1164 1560 1183 ea
1590 1153 1803 1183 incardinatus
1834 1156 1866 1183 et

220 1204 459 1245 quodammodo
484 1205 684 1236 auctoritatis
707 1205 882 1245 apostolice
905 1204 1072 1245 privilegio
1090 1204 1250 1234 radicatus
1275 1207 1382 1234 cetera
1398 1205 1643 1245 metropolitana
1660 1204 1866 1235 Bituricensis

220 1255 355 1295 ecclesie
384 1266 420 1286 ac
445 1256 609 1287 dioceseos
636 1256 705 1286 iura
734 1259 886 1296 tanquam
909 1255 980 1286 Deo
1010 1255 1247 1295 contemplante
1278 1255 1449 1293 obtineatss,
1481 1255 1643 1296 dispenset
1671 1260 1703 1286 et
1731 1256 1865 1293 ordinet,

221 1307 308 1337 omni
331 1307 485 1348 posthach
510 1308 707 1349 querimonia
730 1307 909 1337 invidorum
933 1318 1061 1347 prorsus
1085 1307 1202 1337 ablata.
1248 1306 1308 1337 Cui
1336 1318 1392 1337 vos
1421 1310 1571 1348 tanquam
1595 1308 1722 1348 proprio
1746 1310 1866 1338 metro-

220 1359 363 1399 politano
387 1360 534 1390 convenit
558 1358 688 1398 obedire
714 1361 746 1389 et
769 1362 1006 1399 competentem
1032 1357 1185 1388 exhibere
1207 1359 1379 1389 secundum
1398 1358 1564 1399 pristinum
1581 1369 1703 1389 morem
1720 1369 1866 1389 reveren-

175 1419 199 1438 25
220 1410 297 1441 tiam
332 1413 364 1441 et
394 1410 559 1441 honorem.
606 1409 689 1441 Sane
720 1410 821 1441 latere
851 1421 908 1440 vos
939 1410 1100 1449 nolumus,
1135 1410 1178 1440 sic
1211 1420 1267 1440 nos
1299 1410 1359 1440 ista
1389 1411 1621 1441 interveniente
1650 1422 1712 1441 non
1742 1410 1868 1441 modica

219 1461 387 1492 barbarica
410 1462 602 1492 necessitate
626 1472 708 1493 nunc
732 1461 919 1498 concedere,
944 1464 978 1492 ut
1003 1461 1057 1492 tali
1078 1462 1269 1492 necessitate
1287 1465 1420 1500 remota,
1445 1462 1721 1493 consuetudinarie
1738 1462 1869 1492 ulterius

218 1524 281 1544 non
313 1513 507 1554 requiratur,
543 1513 627 1554 quod
659 1517 862 1544 removeatur
893 1514 990 1544 etiam
1021 1513 1114 1553 illud,
1146 1512 1243 1554 quodi
1274 1514 1447 1544 necessitas
1477 1514 1659 1554 imperarat.
1714 1513 1869 1554 Optamus

218 1568 361 1595 sanctam
385 1564 619 1596 fraternitatem
644 1568 784 1596 vestram
808 1565 839 1595 in
863 1565 989 1596 Christo
1014 1576 1095 1595 nnnc
1120 1568 1151 1595 et
1175 1576 1302 1606 semper
1325 1565 1406 1596 bene
1430 1566 1547 1595 valere.

321 1627 415 1650 DATA
434 1624 505 1650 VILk
526 1625 729 1651 KALENDASk
748 1625 973 1657 NOVEMBfflSk‚
993 1627 1192 1651 INDICTIONE
1211 1628 1242 1650 X.

1022 1774 1068 1802 15.

175 1838 200 1856 30
326 1822 484 1853 Iohannes
517 1822 614 1853 VIII.
644 1832 730 1861 papa
769 1822 979 1854 Goe'silbcrtmn
1014 1823 1190 1862 episcopum
1228 1823 1448 1854 Carnoteusem
1476 1832 1537 1861 pro
1571 1822 1778 1861 DIadelqerio,
1813 1822 1869 1861 qui

222 1873 398 1905 Odelr‘icum
422 1874 583 1911 occiderat,
607 1874 662 1905 sed
677 1875 842 1913 poenitens
859 1874 972 1905 limina
996 1874 1204 1913 apostolorum
1227 1875 1360 1912 adierat,
1385 1875 1534 1905 convenit.
1586 1876 1628 1904 37
1631 1876 1649 1904 6
1672 1873 1780 1913 (Oc-tt).

332 1932 409 1959 Cod.:
437 1933 464 1959 R
483 1935 502 1967 f.
517 1937 532 1959 7
548 1938 626 1960 oz.15.

323 1976 410 2002 Ε(Ζᾱ,;
438 1976 535 2002 Editio
555 1977 681 2003 Romana
700 1978 787 2011 (1591)
808 1977 863 2009 111,
882 1980 930 2003 298
948 1986 974 2002 vi.
990 1981 1017 2003 15
1037 1989 1067 1998 =
1088 1976 1213 2002 Simnmzd
1233 1976 1312 2002 Cone.
1326 1979 1380 2002 anf.
1393 1976 1497 2002 Galliae
1515 1976 1572 2007 III,
1592 1980 1640 2001 451
1658 1985 1684 2001 oz.
1699 1980 1737 2001 14.
1775 1976 1870 2001 Mansi

221 2019 299 2045 Cone.
314 2019 369 2045 coll.
385 2019 481 2051 XVII,
502 2024 533 2046 14
551 2028 578 2045 η.
592 2024 630 2046 15.
666 2020 761 2053 Asiane
780 2020 857 2046 Patr,
872 2021 918 2046 lat.
936 2020 1019 2046 CXX
1030 2020 1074 2049 Vl,
1094 2023 1144 2046 093
1161 2029 1187 2046 ot.
1202 2024 1242 2046 40.
1261 2035 1293 2039 -—
1313 2020 1386 2051 Jasjk}
1405 2020 1469 2052 Rey.
1483 2022 1552 2045 3053
1570 2019 1668 2051 (2287).

175 2113 201 2132 35
388 2101 572 2134 (IOHANNES
596 2102 789 2135 EPISCOPUS)
798 2102 811 2116 ⁴⁴²
831 2104 1126 2128 REVERENTISSIMO
1150 2103 1366 2128 GISILIBERTO
1388 2102 1550 2126 EPISCOPO
1572 2102 1703 2137 SANCTIJ,

798 2146 1067 2171 CARNOTENSISa³
1086 2145 1295 2170 ECCLESIAE4.

329 2186 517 2218 Dilectionis
534 2190 637 2227 vestre
660 2188 874 2219 reverentiam
899 2188 1094 2229 spiritalibus
1116 2188 1238 2229 pollere
1256 2187 1423 2218 virtutibus
1440 2187 1549 2227 procul
1567 2186 1662 2217 dubio
1680 2187 1870 2217 arbitrantes

221 2239 270 2269 his
294 2238 493 2279 apostolatus
516 2240 615 2270 nostri
639 2239 752 2270 litteris
776 2240 945 2270 convenire
970 2250 1006 2270 ac
1030 2250 1087 2280 pro
1112 2242 1260 2280 presente
1285 2239 1351 2269 viro
1375 2238 1605 2279 Madelga1·io⁵‚
1636 2239 1688 2278 qui
1717 2238 1870 2269 suadente

323 2332 349 2365 ³²)
369 2332 429 2358 add.
449 2341 520 2358 nean.
538 2333 689 2359 correctoris
709 2333 744 2359 R.

176 2404 203 2422 40
329 2394 351 2425 a)
366 2395 481 2426 primum
500 2395 515 2419 d
534 2403 601 2419 corr.
619 2403 649 2419 ea·
668 2404 684 2419 n
703 2395 735 2420 R.
806 2394 831 2425 b)
851 2404 900 2420 -ce-
919 2404 984 2420 corr.
998 2404 1028 2420 ea·
1046 2396 1094 2420 -ci-
1114 2395 1145 2420 R.
1217 2394 1239 2424 c)
1259 2394 1294 2418 -is
1313 2394 1339 2418 in
1357 2402 1409 2417 ras.
1424 2393 1455 2418 B.
1526 2392 1549 2424 d)
1569 2402 1635 2417 corr.
1649 2401 1680 2417 ex
1697 2397 1818 2417 vacantes
1837 2391 1869 2416 R.

222 2435 244 2468 e)
264 2437 327 2461 -tori
346 2445 412 2462 corr.
431 2445 461 2461 ea·
482 2438 549 2462 -turi
568 2437 599 2462 R.
687 2436 707 2468 f)
727 2438 899 2463 ordinabimus
918 2438 949 2462 R.
1037 2438 1061 2470 8)
1082 2439 1097 2462 b
1116 2447 1183 2462 corr.
1197 2446 1227 2461 ex
1246 2446 1261 2469 p
1280 2436 1311 2460 R.
1399 2436 1424 2467 h)
1444 2445 1457 2460 0
1476 2445 1542 2461 corr.
1556 2444 1585 2460 ear
1603 2445 1619 2460 11
1638 2436 1670 2460 R.
1757 2434 1775 2466 i)
1795 2436 1824 2459 —d
1844 2436 1870 2458 ἱη

224 2487 288 2510 raa,
308 2488 322 2504 o
341 2479 368 2503 in
381 2481 436 2512 fine
455 2488 520 2504 eras.
534 2480 566 2505 R.
640 2479 666 2513 k)
685 2481 733 2504 VII
753 2476 821 2506 NGU
840 2481 876 2509 B:
895 2482 946 2505 iam
961 2482 1064 2513 priores
1081 2482 1188 2506 editores
1207 2481 1378 2505 coniecerunt:
1397 2481 1444 2504 VII
1462 2480 1597 2509 kal.Nov.,
1616 2478 1868 2509 E11·ald(.lE.3‹)55)

221 2522 305 2546 minus
323 2527 395 2554 apte:
414 2523 435 2546 V
454 2523 506 2547 kal.
521 2523 585 2547 Nov.

325 2565 365 2590 15.
394 2566 416 2596 ⁸⁴)
435 2572 579 2590 cARrENSIs
597 2565 629 2591 R.

183 2631 211 2649 45
334 2624 359 2657 1)
383 2623 463 2650 Decr.
487 2623 524 2649 ad
548 2624 678 2656 episcopos
701 2623 841 2650 Lucaniae
864 2629 924 2657 c.1,
951 2625 1079 2658 Dionysii
1100 2624 1160 2650 Con.
1182 2633 1241 2650 can.
1258 2624 1361 2650 Gelasiz'
1385 2631 1407 2649 c.
1424 2627 1436 2648 1
1461 2623 1510 2655 (ed.
1531 2623 1626 2655 Miywe
1650 2621 1706 2647 LX
1713 2621 1780 2652 I'II,
1800 2620 1868 2653 302),

225 2665 448 2693 Pseudo-Isidori
467 2666 546 2693 Dec‘r.
559 2666 610 2700 (ed.
626 2666 773 2692 Hinschius
787 2675 813 2699 p.
826 2671 874 2693 650
883 2671 939 2701 sq),
960 2668 1030 2699 <laste
1051 2667 1117 2701 Rey.
1133 2671 1181 2693 (536
1201 2670 1280 2699 (391).
1362 2666 1388 2699 ⁶2)
1412 2666 1452 2697 Cf.
1466 2673 1487 2691 e.
1499 2670 1528 2691 15
1547 2673 1617 2691 conc.
1632 2665 1741 2690 Niceten.
1761 2663 1870 2691 (Mami

223 2708 266 2740 II,
289 2709 359 2740 690).
447 2710 472 2742 3)
491 2707 642 2736 ‘Chare-es?
729 2710 755 2743 4)
775 2711 808 2736 A.
822 2714 937 2737 858-0,
950 2714 1008 2737 880,
1097 2711 1122 2742 5)
1142 2711 1182 2736 Dc
1201 2718 1252 2743 qno
1272 2718 1291 2735 ν.
1310 2717 1393 2742 supra
1411 2717 1437 2735 η.
1453 2712 1487 2734 12.
