2189 3042
122 728 147 748 10

123 985 146 1002 15

123 1244 149 1264 2⁰

124 1501 148 1521 25

122 1758 147 1777 ³0

123 2016 147 2035 ³5

419 167 610 194 ANASTASII
630 167 929 195 BIBLIOTHEOARII
948 166 1146 193 EPISTOLAE
1164 166 1245 192 SIVE
1266 166 1541 193 PRAEFATIONES
1561 167 1585 193 5.
1765 170 1826 199 405

176 255 216 286 de
234 265 296 296 quo
314 265 409 296 supra
426 255 561 286 relatum
585 258 642 291 est,
666 254 909 296 prohibentibus
926 255 1022 285 sacris
1038 253 1236 285 kanonibus1
1255 257 1287 285 et
1302 253 1491 285 venerandis
1508 253 1653 295 legibus²
1670 254 1831 284 neminem

175 318 214 338 ex
239 307 344 337 laicali
368 307 481 337 militia
506 306 610 337 subito
634 306 674 337 ad
699 306 912 337 sacerdotium
930 305 1121 347 promoveri.
1156 305 1301 346 Ignatius
1318 316 1403 345 ver0,
1429 305 1502 336 dum
1520 305 1703 346 pelleretur,
1729 305 1831 336 eccle-

174 359 253 389 siam
278 358 398 399 ligavit,
423 368 463 389 ne
488 358 656 399 quisquam
684 357 806 399 absque
835 368 869 389 se
893 358 923 387 in
948 368 987 388 ea
1011 367 1102 387 sacra
1118 356 1282 388 celebrare
1299 359 1472 397 temptaret
1489 355 1603 387 officia.
1636 356 1705 392 Quo
1722 356 1831 387 audito

174 409 297 440 Bardas
327 409 409 440 adeo
440 420 512 440 eum
538 410 569 439 in
594 409 726 444 insula³,
751 419 813 450 qua
843 412 912 440 erat
939 408 1145 449 religatusw,
1171 408 1302 438 diversis
1327 409 1492 438 tormentis
1515 407 1632 445 affecit,
1660 411 1695 438 ut
1719 407 1831 438 dentes

173 461 258 491 illius
283 460 416 501 fregerit
440 464 472 492 et
496 461 653 491 continuis
680 459 842 500 colaphisc
867 459 1025 496 lacerarit,
1053 469 1153 500 usque
1178 469 1239 500 quo
1264 469 1298 489 se
1322 459 1463 490 refutare
1487 459 1631 500 regimen
1654 469 1730 490 suae
1755 469 1828 499 pro-

173 510 336 543 fiteretur'³
362 511 529 551 ecclesiae,
554 516 638 552 qua⁹
661 511 813 542 videlicet
836 512 900 542 iam
925 510 1196 551 praeiudicialiter
1220 510 1325 541 fuerat
1348 511 1531 551 expoliatus
1556 515 1587 541 et
1612 514 1684 540 ante
1702 520 1830 541 omnem

175 563 402 594 discussionem
427 564 553 604 penitus
578 562 794 594 denudatus4.

286 615 346 646 His
371 626 446 656 ergo
468 616 641 655 compertis
658 617 833 655 coeperunt
848 614 989 645 nonnulli
1005 612 1242 654 metropolitani
1259 613 1417 643 antistites
1433 624 1470 644 ac
1486 614 1643 644 inferioris
1660 614 1831 645 sacerdotii

174 667 224 697 vel
250 666 368 697 ordinis
392 666 499 697 clerici
523 666 595 697 sens
613 665 702 696 laicif
715 665 873 706 pontificis
890 665 938 696 sui
954 665 1121 696 tormentis
1138 665 1371 705 compatientes
1388 664 1666 706 deiectionemque
1684 665 1829 696 dolentes

174 722 332 749 rectorem
361 717 420 748 sibi
449 718 612 758 proprium
641 717 733 748 reddi
760 726 957 758 magnopere
987 716 1159 747 clamitare.
1208 715 1300 751 Quod
1327 715 1459 747 Photius
1490 717 1630 747 sentiens
1657 719 1830 757 persuasog

174 769 368 810 imperatore
386 769 656 800 sumministrante
669 767 777 799 Barda
793 768 1001 809 congregavit
1013 767 1181 798 concilium
1195 767 1394 808 quorundam
1409 768 1632 809 episcoporum
1645 768 1830 799 adulatione

175 819 235 850 sibi
251 820 302 850 vel
323 821 438 850 timore
461 819 635 851 faventium
654 823 686 850 et
702 819 841 851 eundem
858 819 1017 860 Ignatium
1036 818 1185 859 deposuit
1204 822 1235 849 et
1251 818 1478 850 anathemateh
1495 819 1659 860 perculit5,
1676 820 1831 861 populum

175 871 214 902 ab
246 881 284 902 eo
314 882 373 912 per
403 871 464 902 hoc
494 875 646 912 tanquam
681 881 700 902 a
724 871 875 902 damnato
907 870 1052 901 scindere
1084 880 1225 911 sperans,
1256 870 1305 901 cui
1329 874 1436 901 tamen
1460 881 1561 911 usque
1586 870 1627 901 ad
1651 871 1711 901 hoc
1735 871 1834 902 veluti

174 923 362 964 presbytero
387 922 495 953 divina
518 923 677 954 sacrificia
701 921 891 953 conficiendi
914 921 1102 963 praestabat
1125 932 1299 952 assensum.
1332 921 1402 956 Quo
1427 925 1518 962 gesto
1542 922 1645 963 magis
1668 933 1705 952 ac
1729 922 1832 963 magis

174 975 277 1015 pietas
300 974 443 1005 fidelium
467 974 654 1005 accenditur
684 977 716 1005 et
733 984 770 1005 eo
788 974 983 1005 constantius
999 973 1039 1004 ab
1056 973 1210 1004 universis
1227 972 1339 1004 ovibus
1355 974 1501 1014 proprius
1518 976 1628 1013 pastor
1645 974 1832 1014 exquiritur,

175 1036 237 1067 quo
255 1026 413 1056 versutius
434 1025 500 1066 lupi
518 1026 690 1056 crudelitas
714 1025 810 1056 furiti.
838 1024 1016 1056 Praeterea
1031 1024 1166 1055 Photius
1183 1025 1213 1054 in
1230 1024 1290 1054 hac
1307 1024 1360 1055 sek
1378 1024 1488 1065 partek
1507 1024 1691 1055 frustratum
1709 1025 1834 1055 intuens

175 1076 215 1108 ad
234 1076 344 1107 sedem
362 1077 571 1117 apostolicam
588 1077 699 1117 mittit,
713 1077 763 1107 cui
779 1086 916 1117 magnus
932 1079 1006 1107 tunc
1023 1075 1175 1106 decessor
1191 1075 1310 1106 vester¹
1327 1075 1533 1116 praesidebat
1550 1086 1634 1116 papa
1650 1075 1834 1114 Nicolausfi,

175 1129 324 1170 quatinus
348 1128 413 1169 illa,
439 1129 519 1160 sicut
542 1129 611 1170 ipse
638 1128 799 1169 sperabat,
824 1127 1022 1169 approbante
1046 1128 1097 1158 vel
1122 1127 1314 1159 decernente
1340 1137 1415 1158 mox
1439 1128 1578 1158 omnium
1604 1138 1660 1159 ora
1682 1128 1833 1159 resisten-

176 1180 256 1210 tium
281 1179 443 1211 obstructa
469 1180 601 1211 silerent
625 1183 657 1210 et
681 1180 786 1211 aditus
810 1179 869 1210 sibi
893 1178 1121 1220 progrediendi
1144 1189 1207 1220 qua
1224 1179 1321 1210 vellet
1345 1189 1455 1210 omnes
1476 1180 1603 1210 omnino
1620 1182 1834 1220 patescerent,

175 1232 325 1273 ignorans
345 1231 490 1271 stolidus,
516 1231 602 1272 quod
626 1231 713 1272 apud
735 1231 864 1262 beatum
882 1230 940 1261 Iob
958 1230 997 1261 de
1015 1230 1086 1261 Deo
1103 1231 1230 1271 legitur,
1254 1230 1308 1271 qui
1325 1231 1349 1260 si
1366 1230 1530 1261 incluserit
1544 1231 1716 1270 hominem,
1739 1241 1834 1262 nemo

176 1286 224 1314 est
248 1283 301 1324 qui
325 1283 458 1323 aperiat.
500 1282 597 1313 Cuius
620 1283 818 1324 legationem
847 1282 1010 1323 praefatus
1034 1292 1175 1313 summus
1199 1282 1346 1323 pontifex
1370 1283 1545 1323 suscipiens
1569 1286 1600 1313 et
1623 1285 1833 1323 pertractans,

175 1334 251 1365 licet
273 1335 438 1375 hucusque
459 1335 669 1365 versutiarum
697 1335 765 1365 eius
790 1337 886 1375 atque
909 1337 1072 1375 gestorum
1099 1334 1227 1374 ignarus
1257 1344 1339 1374 pene
1372 1337 1495 1373 cuncta,
1521 1344 1604 1374 quae
1634 1333 1674 1364 ab
1699 1343 1737 1364 eo
1762 1336 1834 1365 aeta

176 1386 312 1425 fuerant,
337 1386 447 1427 sagaci
471 1385 686 1426 deprehendit
707 1386 852 1416 acumine
874 1388 906 1416 et
927 1395 990 1416 non
1007 1385 1179 1425 Ignatium,
1202 1388 1237 1415 ut
1253 1384 1388 1415 Photius
1404 1385 1631 1425 postulaverat,
1657 1385 1713 1415 sed
1729 1386 1835 1426 potius

175 1438 280 1478 ipsum
298 1437 450 1468 Photium
474 1437 624 1478 reppulit.
653 1436 772 1467 Verum
791 1437 951 1467 tramitem
969 1437 1109 1467 iustitiae
1126 1446 1263 1477 sequens
1279 1436 1364 1466 misit
1380 1436 1688 1477 Constantinopolim
1709 1437 1834 1488 missos,

175 1488 381 1520 Radoaldum
407 1489 527 1520 scilicet
543 1489 779 1520 Portuensem⁷
804 1491 836 1519 et
851 1488 1087 1519 Zacchariamm
1103 1488 1328 1529 Anagninum⁸
1353 1488 1532 1528 episcopos,
1557 1490 1654 1528 atque
1678 1489 1834 1529 litteras9,

175 1551 308 1582 quarum
333 1544 479 1571 tenorem
503 1541 557 1581 qui
582 1540 701 1581 legerit
726 1540 852 1570 facilius
874 1549 968 1570 nosse
985 1539 1112 1580 poterit,
1137 1540 1168 1569 in
1185 1538 1309 1580 quibus,
1334 1539 1407 1580 quia
1425 1542 1456 1569 et
1473 1539 1512 1569 de
1529 1539 1719 1570 venerandis
1735 1540 1835 1570 iconis

175 1592 353 1633 quaesition
371 1595 449 1631 erat,
473 1591 626 1622 nonnulla
647 1592 744 1622 etiam
774 1601 871 1632 super
894 1591 943 1621 his
960 1591 1139 1631 conscripta
1157 1591 1427 1631 repperiuntur10.
1459 1589 1726 1621 Pervenientibus
1738 1591 1836 1632 igitur

173 1644 277 1674 missis
300 1643 499 1684 apostolicae
528 1643 612 1674 sedis
641 1642 951 1684 Constantinopolim
967 1643 991 1660 ¹¹
1018 1646 1050 1673 et
1079 1642 1211 1673 concilio
1243 1644 1438 1683 congregato
1463 1641 1558 1673 Greci
1591 1643 1743 1684 epistolas
1769 1654 1835 1673 sus-

174 1694 338 1736 cipientes,
363 1694 514 1736 quicquid
546 1695 578 1725 in
605 1695 652 1725 eis
677 1705 734 1736 pro
759 1694 886 1735 lgnatio
911 1694 961 1725 vel
985 1697 1095 1725 contra
1118 1693 1271 1725 Photium
1294 1694 1493 1733 invenerunt,
1517 1693 1779 1725 subtraxerunt12
1804 1698 1836 1725 et

173 1747 205 1777 in
229 1746 397 1777 concilio¹³
420 1745 485 1787 legi
508 1746 639 1777 minime
667 1746 879 1787 pertulerunt,
903 1745 1007 1777 missis
1023 1745 1179 1776 Romanis
1196 1744 1271 1786 quid
1296 1745 1443 1786 legerent
1466 1745 1583 1787 quidve
1607 1756 1669 1776 non
1686 1745 1832 1786 legerent

174 1798 356 1829 nullatenus
384 1797 638 1838 intelligentibus
661 1797 713 1829 vel
744 1798 841 1828 etiam
873 1796 1130 1836 advertentibus,
1163 1797 1237 1837 quin
1266 1797 1373 1837 potius
1403 1807 1480 1837 prae
1505 1797 1535 1826 vi
1564 1806 1602 1827 ac
1625 1800 1747 1828 terrore
1771 1797 1835 1828 iam

174 1850 302 1891 iamque
327 1849 560 1880 deficientibus.
592 1849 677 1886 Quid
706 1849 818 1890 plura?
842 1849 985 1890 Ignatius
1008 1849 1040 1879 in
1063 1848 1204 1879 medium
1221 1848 1367 1888 trahitur,
1391 1858 1499 1879 coram
1516 1849 1619 1879 missis
1634 1848 1832 1889 apostolicae

175 1901 260 1932 sedis
284 1901 348 1932 iam
372 1901 481 1932 senio⁰
505 1901 607 1932 fessus
632 1901 780 1931 statuitur
805 1903 837 1931 et
861 1900 965 1931 denuo
983 1899 1179 1930 damnationi
1196 1899 1413 1939 summittitur,
1438 1900 1513 1940 quin
1530 1904 1562 1931 et
1578 1899 1832 1931 sacerdotalibus

175 1952 283 1982 infulis
307 1952 500 1993 expoliatur,
526 1953 617 1993 quasi
640 1951 775 1983 validior
797 1951 891 1982 fieret
917 1950 1086 1992 depositio,
1110 1950 1166 1981 ubi
1190 1950 1276 1981 sedis
1298 1950 1495 1991 apostolicae
1520 1961 1577 1992 per
1599 1951 1735 1982 vicarios
1759 1962 1833 1982 suos

176 2004 350 2035 auctoritas
374 2002 527 2042 affuisset,
559 2013 630 2034 eum
664 2003 695 2033 in
718 2002 768 2033 his
790 2013 849 2034 nee
872 2003 956 2033 illius
979 2002 1162 2034 interfuerit
1184 2002 1358 2033 auctoritas
1380 2012 1440 2033 nec
1464 2002 1551 2033 missi
1574 2002 1620 2033 illi
1643 2002 1833 2033 vicariorum

176 2065 277 2094 more,
302 2057 336 2085 ut
359 2054 516 2095 epistolae
542 2054 618 2084 dant
641 2054 797 2095 intellegi,
825 2054 961 2085 fuerintp
981 2053 1139 2085 destinati.
1176 2052 1269 2089 Quod
1293 2053 1387 2084 sedes
1410 2053 1589 2094 apostolica
1613 2053 1737 2085 discens
1760 2057 1830 2084 tan-

176 2110 262 2138 tamq
287 2106 473 2136 iniustitiam
497 2106 627 2147 impune
652 2105 760 2136 deseri
783 2106 915 2136 minime
941 2115 1036 2146 passa
1060 2108 1118 2144 est,
1143 2104 1199 2135 sed
1223 2104 1331 2136 scribit
1354 2115 1374 2136 a
1397 2105 1453 2136 tali
1476 2106 1737 2146 praesumptione
1761 2116 1830 2136 ces-

282 2286 306 2318 ¹)
324 2287 350 2311 in
370 2286 431 2311 add.
446 2285 500 2311 1⁷3.
572 2285 597 2317 b)
616 2295 682 2311 corr.
696 2287 723 2311 in
740 2286 870 2318 relegatus
890 2285 943 2312 1⁷3.
1015 2286 1037 2315 c)
1055 2295 1103 2312 om.
1120 2285 1174 2311 1⁷3.
1246 2284 1270 2317 d)
1288 2294 1355 2310 corr.
1369 2294 1400 2310 ex
1418 2287 1551 2318 profitetur
1569 2286 1596 2311 V.
1668 2286 1690 2318 θ)
1710 2296 1760 2319 quo
1778 2287 1832 2313 V2.

178 2328 196 2361 s)
217 2338 264 2354 om.
279 2328 333 2354 1⁷3.
423 2330 446 2360 Ε)
465 2337 574 2361 pernaso
593 2328 646 2354 1⁷2.
718 2327 744 2360 h)
764 2329 902 2354 anathema
921 2328 972 2354 1⁷2.
1059 2328 1078 2359 i)
1097 2337 1150 2354 ras.
1164 2337 1232 2354 corr.
1245 2337 1275 2353 ex
1293 2329 1371 2354 fuerit
1390 2328 1417 2357 V,·
1435 2330 1512 2354 fuerit
1530 2329 1581 2354 1⁷3.
1670 2329 1695 2361 k)
1715 2334 1786 2362 parte
1806 2338 1832 2355 se

178 2371 217 2403 (se
235 2371 374 2404 superscr.)
391 2371 415 2395 V
426 2373 449 2397 3.
536 2370 557 2404 1)
573 2380 699 2404 superarer.
719 2371 747 2397 V.
834 2373 866 2401 m)
892 2371 928 2396 sic
946 2371 975 2401 V;
999 2372 1149 2397 Zachariam
1170 2372 1220 2402 VJ,
1234 2373 1258 2396 2.
1346 2371 1371 2402 ¹¹)
1396 2373 1495 2404 questio
1517 2381 1583 2397 corr.
1601 2380 1631 2397 ea:
1652 2373 1760 2404 quesitio
1778 2372 1832 2399 V3.

178 2414 202 2445 ⁰)
222 2423 304 2440 sermo
324 2414 378 2439 1⁷2.
449 2413 473 2446 Ρ)
492 2416 596 2440 fuerunt
615 2414 667 2440 1⁷2.
740 2413 764 2447 q)
783 2418 846 2440 tant.
859 2416 883 2445 εἶ,
902 2415 967 2440 inter
986 2420 997 2440 t
1014 2420 1037 2440 et
1055 2424 1069 2439 a
1087 2423 1142 2439 una
1160 2415 1245 2440 littera
1263 2423 1348 2447 erasa,
1366 2414 1394 2440 V.

284 2517 310 2548 1)
325 2516 365 2550 Cf.
380 2515 457 2542 Cone.
469 2515 570 2544 Sardio.
583 2524 602 2542 c.
614 2519 650 2548 13,
670 2515 709 2542 ed.
721 2516 815 2548 Migme
827 2516 903 2543 Patr.
914 2517 958 2543 lat.
969 2517 1098 2550 LXVII,
1108 2520 1168 2544 180.
1268 2517 1294 2548 2)
1309 2517 1350 2549 Cf.
1366 2516 1466 2549 Corpus
1485 2517 1536 2543 iwr.
1551 2517 1597 2544 civ.
1608 2517 1674 2543 Nov.
1690 2520 1742 2550 123,
1753 2522 1773 2548 1,
1793 2517 1831 2543 ed.

179 2558 282 2585 Schoell
298 2561 322 2585 et
335 2558 416 2585 Kroll
429 2559 516 2592 (1912)
530 2567 560 2592 p.
573 2563 630 2585 594.
701 2559 727 2591 3)
740 2558 800 2585 Scil.
815 2558 976 2591 Τενεϋὶηιὴο,
995 2562 1031 2593 cf.
1046 2559 1108 2586 Vita
1119 2559 1236 2594 Iynatii‚
1249 2560 1286 2587 ed.
1301 2560 1395 2593 Miyne
1411 2560 1427 2586 l.
1438 2560 1453 2585 l.
1466 2560 1488 2586 C
1493 2560 1522 2592 V,
1535 2564 1591 2587 513.
1661 2561 1688 2593 4)
1704 2560 1744 2592 Cf.
1758 2561 1831 2594 epist.

180 2601 286 2628 Nicolai
298 2601 322 2628 Ι.
337 2601 402 2636 Req.
413 2601 486 2634 Jaffae
504 2605 574 2634 2813,
590 2605 661 2635 2819,
685 2602 724 2629 ed.
739 2602 774 2629 M
778 2601 812 2628 G.
825 2602 913 2636 Epist.
930 2602 976 2635 VI,
990 2606 1039 2629 491
1058 2603 1074 2630 I.
1087 2607 1107 2636 7,
1127 2607 1176 2630 513
1191 2604 1209 2630 l.
1223 2607 1255 2630 36
1272 2606 1296 2629 et
1316 2603 1406 2629 Perels
1422 2603 1518 2636 ‘Paqost
1532 2603 1667 2630 Nikotaus
1684 2603 1744 2630 und
1754 2605 1832 2630 Ana-

127 2651 152 2670 45
179 2646 278 2671 stacius
298 2645 528 2671 Bibliotlaecarius’
546 2653 575 2678 p.
588 2648 643 2672 263.
715 2646 742 2678 5)
761 2646 795 2672 Α.
809 2648 865 2672 858.
935 2645 962 2678 6)
980 2645 1012 2678 L,
1032 2649 1119 2672 858-
1130 2649 1186 2673 867.
1266 2647 1292 2680 7)
1311 2655 1336 2673 α.
1349 2649 1504 2673 853—864.
1580 2647 1606 2679 8)
1624 2655 1664 2673 ca.
1679 2649 1832 2680 860-863,

180 2688 214 2720 cf.
229 2687 316 2714 Perels
334 2688 350 2715 l.
364 2688 380 2715 Ζ.
390 2696 419 2722 p.
433 2692 465 2714 42
483 2696 548 2715 ann.
562 2692 586 2715 2.
657 2688 684 2721 9)
703 2687 768 2722 Rey.
780 2689 805 2716 J
804 2688 857 2720 affe'
869 2692 942 2721 2682,
955 2691 1029 2721 2683,
1049 2689 1087 2716 ed.
1099 2689 1168 2716 ΜΘ.
1181 2689 1271 2723 Epist.
1287 2689 1331 2722 VI,
1345 2692 1404 2721 433,
1417 2692 1475 2716 439.
1547 2690 1589 2722 10)
1610 2689 1648 2721 Of.
1659 2689 1694 2715 M
1697 2689 1729 2715 G.
1742 2689 1831 2722 Epist.

185 2730 333 2764 V1‚4363q.
398 2731 439 2763 11)
460 2731 500 2762 Cf.
515 2731 588 2765 epist.
602 2731 710 2757 Nicolai
724 2731 748 2758 Ι.
762 2730 829 2765 Rey.
843 2731 919 2763 Jafte
937 2734 1011 2764 2813,
1029 2731 1065 2758 ed.
1079 2731 1150 2759 MG.
1161 2732 1250 2766 Epist.
1267 2732 1312 2764 VJ,
1326 2736 1376 2758 491
1394 2740 1452 2758 cum
1471 2740 1535 2757 wrm.
1550 2735 1573 2758 9.
1644 2731 1686 2765 12)
1702 2732 1742 2766 Cf.
1755 2732 1831 2765 epist.

180 2773 292 2800 Nicolai
305 2774 328 2800 Ι.
342 2773 405 2807 Rey.
419 2774 491 2805 Jaffz
509 2777 581 2807 2692,
599 2773 638 2801 ed.
652 2774 688 2800 M
691 2773 723 2800 G.
739 2773 829 2807 Epist.
845 2773 891 2806 VJ,
905 2777 961 2800 446.
1034 2774 1076 2807 13)
1095 2774 1188 2801 Mense
1206 2775 1285 2801 Maio
1303 2784 1328 2802 a.
1342 2778 1390 2801 861
1410 2774 1645 2808 Constantinopoli
1663 2778 1831 2809 conyreyato.

1850 1242 1877 1263 es.
1889 1242 1926 1263 Iob
1941 1243 1974 1267 12,
1981 1244 2015 1264 14.
