2189 3042
144 872 168 890 10

144 1122 167 1139 15

144 1416 168 1435 20

146 1934 170 1951 30

146 2194 171 2212 35

151 2508 177 2525 40

152 2767 177 2785 45

631 133 809 161 IOHANNIS
828 133 902 159 VIII.
922 132 1041 158 PAPAE
1062 130 1261 158 EPISTOLAE
1284 131 1326 158 33.
1344 131 1386 157 34.
1790 134 1828 163 33

182 222 313 254 rediret.
367 222 584 263 Quapropter,
615 221 784 252 karissima
810 220 891 261 filia,
926 230 984 260 per
1010 219 1117 250 Deum
1145 228 1201 249 vos
1228 217 1426 258 adiuramus,
1462 220 1618 259 oportune
1648 219 1830 259 importune
1844 226 2023 251 cf.2.Tim.4,2.

184 275 330 315 insistite,
353 278 399 314 ut,
423 277 593 314 antequam
618 273 649 303 in
673 274 743 314 ipsa
766 272 845 303 urbe
869 271 1030 303 Romulea
1052 270 1138 301 aliud
1163 270 1351 310 periculum,
1377 269 1462 310 quod
1485 269 1574 301 Deus
1597 272 1731 310 avertat,
1756 281 1830 311 pro-

183 327 308 365 veniat,
336 336 464 357 manum
490 335 545 365 sue
571 324 765 355 defensionis
790 323 944 354 exhibeat
967 326 1000 353 et
1022 323 1104 353 hanc
1128 325 1258 360 terram,
1282 332 1343 362 que
1368 322 1416 352 sui
1439 322 1565 362 imperii
1588 325 1684 362 caput
1707 325 1765 362 est,
1789 321 1830 353 ad

184 377 367 409 libertatem
396 376 557 415 reducata,
591 386 630 406 ne
656 375 782 417 quando
812 375 918 406 dicant
945 374 1091 416 gentesb:
1116 373 1178 405 Ubi
1209 376 1258 404 est
1280 374 1456 414 imperator
1478 373 1602 404 illius?1
1649 373 1831 409 Quatenusc

185 432 218 460 et
240 429 332 460 nobis
361 439 435 470 spes
459 427 617 459 evadendi
641 427 832 468 vivendique
863 430 1039 466 remaneat,
1073 429 1114 466 et,
1145 426 1329 466 priusquam
1359 425 1485 466 hiemps
1515 425 1566 456 vel
1597 436 1653 456 ver
1679 428 1831 466 transeat,

184 484 294 512 contra
330 481 461 511 eosdem
496 490 640 521 paganos
671 479 774 519 Rome
807 479 869 509 sint
903 478 987 508 illius
1021 477 1181 508 exercitus
1211 480 1383 518 preparata
1414 476 1570 513 subsidia;
1606 477 1746 518 alioquin
1778 480 1833 508 aut

184 533 312 563 omnino
336 531 524 573 peribimuS,
549 534 605 561 aut
628 531 740 570 coacti,
764 534 798 560 ut
822 530 923 561 solam
947 530 1044 560 vitam
1069 528 1226 560 redimere
1250 528 1430 568 valeamus,
1455 529 1510 567 cis,
1535 529 1588 569 qui
1613 528 1704 559 nobis
1729 528 1831 559 domi-

184 587 308 624 nantur,
334 582 634 625 quomodocumque
658 581 860 613 subiciemur.

288 645 381 669 DATA
400 632 458 669 1s11.
484 644 560 668 [DUS
583 644 778 672 FEBRUARII,
802 642 1002 667 INDICTIONE
1020 642 1052 666 X.

964 802 1013 831 34.

294 861 451 893 Iohannes
474 860 571 892 VIII.
592 871 680 901 papa
703 861 802 892 Aioni
825 860 965 899 episcopo
988 859 1209 890 Benevmtano
1230 858 1354 897 gratias
1382 858 1447 897 ‹tyz't
1471 858 1507 889 de
1530 857 1643 889 litteris
1665 859 1835 891 devotionis

185 914 246 945 siba·
276 914 401 945 directis
410 923 420 950 ,·
452 915 568 950 monet,
598 915 633 942 ut
656 912 788 949 fratrem
812 911 1030 951 (Adalyisium
1057 910 1249 950 principem)
1278 909 1321 940 ad
1346 912 1471 948 partem
1500 909 1644 941 ecclesiae
1671 910 1834 943 Romanae

185 967 351 997 convertat.
1541 962 1604 992 877
1628 961 1700 993 Feb.
1718 963 1748 993 1.

299 1020 373 1046 Cod.:
403 1019 430 1045 R
449 1020 469 1052 f.
483 1023 512 1044 17
529 1027 556 1045 n.
570 1022 611 1045 34.

290 1071 376 1097 Edd:
406 1071 503 1097 Editio
524 1070 649 1097 Romana
670 1071 752 1103 (1591)
772 1070 829 1100 III,
850 1073 897 1096 ‚316
914 1078 940 1095 71.
954 1072 995 1095 33.
1033 1068 1128 1094 Mausi
1148 1068 1225 1094 Cone.
1240 1068 1294 1093 coll.
1311 1066 1408 1099 XVII,
1427 1071 1457 1093 31
1476 1076 1502 1094 u..
1516 1071 1556 1094 3:2³,
1595 1068 1684 1102 Miyng
1705 1069 1776 1095 Patr,
1791 1070 1836 1095 lat,

188 1114 326 1145 CXXVI,
348 1118 394 1140 710
411 1123 438 1139 n.
452 1118 489 1141 57.
510 1129 541 1132 —
561 1114 637 1145 Jaffc?
656 1114 718 1146 Rey.
732 1116 796 1139 3076
814 1113 908 1146 (2305).

411 1197 707 1222 REVERENTISSIMO
730 1197 774 1220 ET
797 1195 1018 1220 SANCTISSIMO
1038 1195 1133 1219 AIONI
1157 1194 1318 1218 EPISCOPO
1342 1194 1618 1219 BENEVENTAN02.

294 1253 457 1294 Susceptis
481 1257 577 1294 atque
606 1252 735 1283 relectis
763 1251 876 1282 litteris
904 1251 1080 1281 sanctitatis
1109 1253 1162 1290 tue
1192 1250 1313 1291 gratias
1341 1250 1551 1290 omnipotenti
1576 1250 1646 1282 Deo
1672 1252 1838 1282 retulimus

186 1310 218 1336 et
242 1316 299 1346 pro
324 1308 376 1345 tue
395 1304 573 1336 devotionis
598 1304 715 1334 affeetu
739 1313 861 1344 proque
885 1302 1107 1340 sollicitudine,
1132 1312 1228 1343 quam
1251 1301 1440 1342 inquirendo
1465 1302 1505 1333 de
1529 1303 1645 1333 nostris
1671 1304 1838 1335 eventibus

187 1357 338 1395 habuisti,
361 1356 496 1387 multum
520 1357 552 1387 'm
567 1356 706 1386 Domino
730 1354 881 1396 gratulati
904 1365 1021 1384 sumus„
1060 1353 1165 1384 Decet
1182 1354 1267 1384 enim
1292 1356 1324 1384 et
1348 1354 1475 1384 omnino
1493 1364 1599 1384 coram
1617 1355 1716 1385 oculis
1733 1355 1837 1396 divine

188 1408 364 1439 maiestatis
393 1411 482 1439 extat
510 1407 714 1447 conveniens,
748 1409 783 1437 ut
813 1406 858 1445 hi,
891 1416 970 1446 quos
1001 1405 1163 1435 fideliores
1196 1414 1274 1446 erga
1301 1409 1444 1436 sanctam
1476 1409 1610 1436 matrem
1642 1410 1837 1445 cunctorum,

188 1460 310 1491 scilicet
333 1459 512 1490 Romanam
537 1459 716 1497 ecclesiam,
742 1468 811 1489 esse
836 1458 1060 1498 conspicimus,
1092 1457 1207 1487 nostris
1236 1456 1420 1488 affectibus.
1451 1458 1508 1487 etsi
1540 1468 1601 1488 non
1633 1468 1691 1498 per
1715 1469 1838 1499 eorpus,

188 1522 246 1552 per
262 1512 406 1552 spiritum
430 1510 665 1551 amplectantur
688 1514 720 1541 et
744 1509 884 1540 fraterna
901 1509 1072 1540 dilectione
1097 1509 1186 1539 iuxta
1210 1508 1324 1538 merita
1347 1508 1543 1549 singulorum
1569 1512 1752 1540 tractentur.
1788 1510 1838 1541 De

188 1564 248 1594 hoc
277 1565 398 1601 autem⁷
428 1562 515 1603 quod
538 1562 654 1592 asseris
686 1565 717 1592 te
743 1561 782 1592 de
807 1564 913 1592 nostra
937 1562 1073 1591 sanitate
1098 1560 1204 1600 letari,
1236 1561 1317 1590 sicut
1340 1570 1357 1590 e
1382 1562 1540 1591 contrario
1566 1561 1606 1591 de
1631 1563 1838 1602 oppressione

189 1614 422 1645 Saracenorum
451 1614 583 1651 tristari,
615 1614 735 1654 optime
767 1613 910 1654 quidem,
941 1616 976 1642 nt
1005 1613 1050 1643 ita
1073 1611 1225 1651 dixerim,
1256 1615 1410 1652 quantum
1440 1612 1516 1642 foris
1541 1616 1602 1651 est,
1633 1614 1751 1654 tangis,
1783 1614 1840 1645 sed

145 1676 156 1693 2
190 1668 341 1707 quantum
366 1666 448 1696 intus
473 1668 535 1705 est,
559 1665 648 1696 iuxta
672 1665 925 1705 tribulationem,
950 1675 1046 1705 quam
1070 1664 1218 1704 patimur,
1244 1674 1306 1693 non
1330 1663 1485 1696 advertis:
1511 1666 1662 1705 precipue
1687 1676 1758 1696 cum
1782 1676 1839 1706 pro

188 1717 298 1758 populi
321 1716 413 1747 nobis
435 1717 593 1747 commissi
611 1717 788 1747 vastatione
813 1716 914 1747 solum
938 1716 1029 1747 nobis
1053 1716 1191 1756 supersit
1207 1715 1409 1755 sepulchrum
1435 1718 1466 1745 et
1491 1726 1547 1756 pro
1572 1716 1629 1751 his,
1654 1717 1707 1757 qui
1731 1717 1838 1747 nobis-

188 1780 260 1800 cum
284 1772 407 1800 certare
429 1768 618 1809 debuerant,
643 1767 757 1810 [cum]a
775 1779 838 1799 non
854 1768 955 1799 solum
973 1769 1108 1798 inimicis
1125 1767 1242 1799 Christi
1259 1767 1398 1807 faveant,
1423 1767 1479 1798 sed
1497 1768 1594 1798 etiam
1612 1771 1719 1799 nostro
1738 1769 1838 1799 labori

188 1820 374 1862 impediant,
399 1821 562 1851 immensis
578 1821 732 1861 angustiis
750 1824 921 1851 estuemus.
962 1820 1025 1850 Sed
1051 1821 1080 1850 in
1105 1820 1153 1850 his
1176 1830 1238 1849 non
1263 1819 1363 1849 solum
1389 1819 1480 1850 nobis
1497 1820 1692 1850 orationibus
1716 1831 1735 1851 a
1751 1821 1840 1851 vobis

189 1872 349 1903 subveniri
373 1882 552 1913 precamur,
576 1882 686 1903 verum
715 1873 826 1911 etiam,
852 1883 930 1913 quos
954 1882 972 1902 a
996 1872 1156 1902 communi
1180 1874 1287 1901 nostro
1312 1872 1485 1901 certamine
1510 1871 1640 1902 deviare
1664 1873 1838 1912 cognoscis,

191 1928 223 1955 et
253 1924 403 1965 exemplo
433 1925 540 1965 operis
572 1928 604 1955 et
627 1924 725 1955 verbo
750 1923 979 1964 predicationis
1002 1933 1148 1962 revoces,
1178 1922 1394 1953 exhortamur.
1442 1922 1605 1962 Ceterum,
1635 1923 1710 1954 lieet
1733 1926 1841 1954 nostro

189 1977 295 2007 itineri
310 1976 481 2018 Neapolim
491 1976 512 2015 3,
536 1976 627 2007 nobis
647 1986 705 2017 pro
720 1976 861 2006 maxima
885 1978 991 2016 nostre
1016 1975 1150 2015 ecclesie
1169 1974 1359 2005 necessitate
1384 1984 1486 2015 nuper
1501 1974 1754 2014 advenientibus,
1779 1986 1841 2005 non

190 2028 365 2068 adheseris,
389 2031 507 2067 tamen,
533 2027 619 2068 quod
642 2038 701 2068 per
724 2028 937 2068 presentiamb
961 2038 1023 2057 non
1048 2027 1151 2067 egisti,
1176 2036 1234 2066 per
1257 2026 1447 2063 absentiam,
1475 2026 1501 2056 si
1524 2026 1578 2056 ille
1603 2026 1689 2057 calor
1712 2026 1787 2057 fidei
1810 2027 1842 2056 in

190 2083 221 2111 te
245 2080 343 2120 viget,
368 2089 464 2121 quem
488 2079 657 2113 credimus.
682 2090 779 2120 agere
803 2090 932 2120 prorsus
956 2079 1088 2110 valebis.
1134 2078 1223 2109 Bene
1248 2079 1332 2108 enim
1356 2081 1410 2108 tuo
1434 2079 1610 2108 ministerio
1635 2078 1736 2112 cedis.
1760 2079 1784 2107 si
1810 2082 1842 2108 et

190 2131 335 2162 laborem
365 2134 522 2171 nostrum,
556 2141 651 2172 quem
680 2131 773 2162 valde
805 2131 928 2162 debiles
957 2140 1092 2171 corpore
1124 2140 1180 2171 pro
1205 2129 1394 2160 liberatione
1426 2129 1597 2160 Christiani
1626 2130 1736 2170 populi
1767 2134 1840 2160 tunc

191 2184 434 2224 assumpsimus,
459 2187 613 2224 oportune
638 2182 792 2222 advertis,
823 2186 855 2213 et
884 2182 1110 2221 tribulationis,
1141 2192 1236 2222 quam
1260 2180 1356 2211 modo
1387 2181 1535 2222 patimur,
1564 2191 1687 2211 memor
1713 2191 1841 2221 semper

192 2235 311 2266 existis.
350 2234 433 2266 Nam
457 2240 638 2276 nunquamc
654 2235 821 2266 consilium
846 2234 950 2264 fratris
975 2234 1041 2264 tui4
1064 2244 1122 2274 per
1145 2233 1269 2274 aliquos
1293 2235 1416 2263 tantum
1440 2232 1580 2263 subverti
1604 2233 1718 2273 potuit,
1743 2243 1841 2273 quan-

191 2291 259 2317 tum
290 2297 347 2327 per
375 2292 427 2327 tue
458 2287 635 2317 sanctitatis
666 2286 841 2317 sollertiam
872 2285 1115 2316 immutationed
1144 2284 1276 2324 dextere
1308 2283 1438 2314 Excelsi
1468 2294 1530 2314 non
1561 2284 1661 2324 possit
1690 2285 1841 2314 converti.

192 2338 252 2369 Eia
281 2339 390 2379 igitur,
422 2338 521 2369 frater
549 2338 732 2377 karissime,
763 2338 895 2378 accinge
926 2336 1152 2378 episcopaliter
1175 2336 1300 2366 lumbos
1330 2339 1401 2366 tuos
1432 2338 1465 2365 et
1494 2335 1678 2366 medullitus
1710 2335 1841 2366 fratrum

192 2392 385 2429 nostrorum,
416 2400 473 2430 pro
498 2389 611 2431 quibus
636 2388 780 2420 Christus
808 2399 899 2420 suum
927 2389 1113 2429 sanguinem
1145 2387 1240 2425 fudit,
1271 2392 1383 2418 necese
1407 2389 1504 2427 atque
1535 2386 1621 2417 dictu
1649 2386 1840 2417 horrendam

301 2502 323 2532 a)
343 2511 410 2527 corr.
429 2511 459 2526 ex
483 2502 607 2527 reducant
625 2501 656 2525 B.
746 2500 771 2531 b)
793 2510 858 2526 corr.
872 2509 903 2525 ez*
921 2509 984 2533 gens
1003 2500 1035 2525 B.
1124 2499 1147 2531 c)
1162 2500 1276 2531 primum
1298 2507 1315 2522 u
1336 2506 1415 2529 supra
1436 2498 1529 2521 lineam
1548 2497 1609 2521 add.
1630 2497 1660 2522 R.

297 2562 337 2587 34.
366 2563 389 2593 ²³)
409 2571 456 2587 om.
476 2563 507 2587 R.
604 2561 630 2593 b)
649 2563 779 2594 presentia
799 2562 829 2586 R.
925 2561 946 2591 Β)
966 2570 1034 2585 nuu—
1054 2569 1121 2585 corr.
1141 2568 1170 2584 ez:
1194 2568 1269 2584 num-
1289 2559 1320 2583 R.
1415 2557 1439 2589 d)
1459 2566 1525 2582 corr.
1545 2566 1574 2582 ex
1599 2558 1740 2581 immutatio
1760 2565 1791 2581 ne
1810 2557 1840 2581 lt.

195 2606 217 2635 θ)
236 2615 287 2631 ras.
307 2606 334 2630 in
346 2607 401 2638 fine
420 2606 452 2631 B.

298 2674 324 2705 D
345 2673 386 2705 Cf.
402 2673 447 2699 Ps.
459 2676 512 2703 113,
526 2677 556 2699 2.·
576 2673 617 2699 Ne
631 2672 742 2705 quando
756 2671 850 2698 dicant
863 2673 973 2705 gentes:
987 2670 1041 2696 Ubi
1056 2672 1097 2696 est
1110 2670 1182 2696 Deus
1195 2669 1308 2695 eorum?
1379 2669 1405 2698 2)
1420 2668 1494 2693 Filio
1508 2666 1650 2693 Radelehis
1665 2667 1688 2692 Ι.
1703 2666 1840 2699 principis,

194 2717 278 2747 fratri
291 2716 428 2750 Arlalyz'sii
445 2719 468 2742 et
489 2715 633 2741 Radelchis
647 2715 685 2741 II.
704 2715 870 2748 prinoipzmz,
891 2714 937 2747 (Ιιιιῖ
955 2713 1020 2739 sedit
1039 2722 1064 2738 a.
1082 2721 1102 2738 o.
1114 2716 1238 2739 ero-85.
1331 2712 1357 2743 3)
1375 2711 1419 2737 Dc
1438 2711 1486 2736 hoc
1504 2710 1596 2735 ttinere
1614 2710 1644 2740 cf
1669 2718 1694 2735 n.
1709 2714 1751 2741 42,
1764 2717 1792 2741 p.
1807 2712 1841 2734 40

197 2762 290 2786 annot.
302 2764 324 2785 4.
412 2760 439 2792 4)
459 2758 594 2791 Adalqisii
608 2758 749 2791 principis,
769 2758 800 2783 (le
819 2765 871 2790 quo
885 2765 961 2790 papa
981 2756 1034 2781 ι’(ιηι
1053 2764 1135 2789 supra
1157 2764 1181 2781 n.
1195 2758 1234 2787 29,
1251 2758 1326 2787 11.-27
1343 2754 1358 2780 l.
1372 2757 1402 2779 3]
1422 2753 1548 2786 queritur.

300 2811 447 2837 prsromr:
464 2810 524 2836 VII.
1620 2804 1635 2827 5

1857 2296 1884 2316 cf.
1900 2295 1935 2315 Ps.
1945 2297 2019 2320 76,11.

1857 2338 1883 2358 cf.
1898 2338 1935 2357 Iob
1945 2339 1977 2362 38,
1988 2339 2011 2361 3;

1908 2366 1940 2386 40.
1951 2366 1969 2383 2.
