2189 3042
258 181 320 210 25ss
688 171 866 200 IOHANNIS
886 171 960 198 VIII.
979 171 1098 198 PAPAE
1120 171 1320 198 EPISTOLAE
1343 171 1401 198 293.
1420 171 1479 198 294.

259 281 411 305 OMNIBUS
437 277 741 304 REVERENTISSIMIS
765 277 809 301 ET
831 276 1063 301 SANCTISSIMIS
1085 276 1363 301 ARCHIEI’ISCOPIS
1389 276 1433 300 ET
1456 276 1627 301 EP1SCOPIS
1652 276 1757 301 HUIUS
1783 276 1911 301 ITALICI

431 322 547 352 [REGNI
571 319 644 352 ET]=²
662 320 813 344 OMNIBUS
832 319 1009 343 GLORIOSIS
1028 319 1212 343 COMITIBUS
1234 319 1317 343 FILII
1339 319 1462 344 NOSTRI
1484 318 1741 344 IMPERATORIS¹.

366 372 398 403 Si
420 382 468 411 ea,
486 371 570 413 queb
586 371 682 402 saluti
709 373 741 401 et
763 370 894 401 utilitati
917 369 1137 410 proximorum
1158 369 1342 400 necessaria
1365 371 1446 409 sunt,
1471 369 1646 401 secundum
1663 369 1910 400 sollicitudinem

259 428 290 455 et
319 435 426 455 curam
457 423 564 464 gregis
588 422 746 453 Dominici
772 421 864 452 nobis
888 421 929 452 ad
953 421 1035 452 bene
1063 421 1240 462 regendum
1265 421 1443 451 commissic
1468 421 1572 462 divine
1596 421 1726 462 pietatis
1750 430 1910 452 memores

258 485 356 516 agere
381 474 560 514 studemus,
586 474 839 514 omnipotentem
863 472 1037 503 Dominum
1061 473 1092 502 in
1117 472 1179 513 his,
1204 472 1318 513 quibus
1347 474 1379 503 et
1405 473 1466 514 ipsi
1494 483 1536 503 ex
1558 472 1698 503 humana
1725 472 1909 503 infirmitate
1941 482 1954 501 5

259 527 375 558 cotidie
410 526 605 567 indigemus,
641 525 831 556 habebimus
867 525 994 555 omnino
1034 524 1206 565 propitium
1242 526 1274 555 et
1309 525 1340 554 in
1368 524 1459 554 bonis
1489 522 1636 554 omnibus
1666 523 1777 564 procul
1812 523 1910 554 dubio

258 578 447 609 adiutorem.
494 577 596 619 Igitur
625 577 828 608 sanctitatem
853 578 992 606 vestram
1023 575 1138 606 nossed
1163 575 1322 616 volumus,
1350 576 1500 616 quoniam
1524 575 1628 606 missis
1656 578 1689 606 et
1712 574 1911 616 apostolatus

258 631 355 661 nostri
379 629 514 660 litteris2
532 628 640 659 dilecti
664 638 700 658 ac
724 627 897 668 spiritualis
920 627 976 657 filii
1000 627 1099 658 nostri
1115 626 1229 657 Karoli
1245 626 1464 668 gloriosissimi
1488 627 1690 667 imperatoris
1707 627 1912 658 clementiam

259 682 375 712 obnixe
400 691 564 722 rogamus,
592 684 626 711 ut
649 678 912 721 Angelbergam³
935 678 1034 709 filiam
1058 682 1213 719 nostram,
1238 689 1334 720 quam
1358 678 1429 719 dive
1453 679 1607 719 memorie
1631 678 1830 710 Hludovicus
1854 689 1912 709 rex

259 737 351 774 pater
378 732 603 774 imperatoris4
627 734 659 762 et
682 730 883 761 Hludovicus
911 731 1096 771 imperator,
1121 730 1168 760 vir
1192 731 1289 771 eius⁵‚
1318 729 1409 760 nobis
1430 730 1582 770 Verone⁶
1606 730 1914 761 commendaverunt
1933 739 1957 757 ιο

262 796 298 816 ac
322 784 528 825 postmodnm
553 785 622 824 ipsa
646 794 679 814 se
710 785 819 813 sancto
844 782 942 812 Petro
971 781 1103 812 tradidit
1131 784 1164 812 et
1191 781 1230 812 de
1263 782 1361 822 ipsius
1389 782 1499 812 altaris
1529 782 1729 813 confessione
1758 781 1913 813 tuendam

260 836 450 877 recepimus,
476 835 614 874 deloco,
638 835 669 864 in
687 844 749 875 quo
774 844 856 864 nunc
881 844 950 864 esse
974 834 1130 873 constat7,
1155 844 1211 874 pro
1237 838 1364 864 amoree
1381 833 1456 864 Iesu
1473 833 1590 865 Christi
1614 834 1733 865 domini
1756 834 1856 864 nostri
1881 837 1913 864 et

260 899 317 929 pro
354 890 534 918 sanctorum
571 886 791 927 apostolorum
826 885 915 916 Petri
950 896 987 916 ac
1017 885 1111 916 Pauli
1145 886 1327 916 reverentia
1361 887 1534 926 nostraque
1569 888 1704 926 paterna
1740 885 1912 917 dilectione

261 939 487 980 presentaliter
510 937 619 969 reduci
644 941 675 968 et
698 937 740 968 ad
768 948 825 967 nos
850 947 921 967 eam
950 937 1089 977 dirigere
1117 937 1236 967 iubeat.
1284 936 1376 967 Unde
1405 947 1461 968 vos
1486 937 1600 968 fratres
1625 940 1656 968 et
1679 937 1912 968 comministros

262 995 386 1022 nostros
411 991 463 1031 pio
484 990 600 1020 mentis
624 989 829 1020 convenimus
853 992 950 1030 atque
967 988 1133 1019 hortamur
1156 988 1284 1027 affectu,
1309 992 1467 1029 quatenus
1491 989 1522 1019 in
1546 988 1639 1019 huius
1662 988 1780 1029 femine
1804 999 1912 1020 rever·
1933 996 1957 1015 15

262 1044 350 1074 sione
376 1042 426 1073 vel
450 1042 552 1072 salute
581 1040 745 1072 nobiscum
773 1041 941 1081 cooperari
970 1040 1155 1081 pariterque
1186 1039 1345 1070 desudare
1377 1039 1548 1080 studeatis,
1578 1043 1612 1070 ut
1643 1043 1749 1070 vestro
1780 1040 1912 1071 consilio

263 1097 433 1134 vestroque
467 1092 612 1123 instantis
638 1092 769 1122 hortatu
797 1092 865 1132 ipse
894 1095 1069 1132 augustus&
1097 1095 1203 1132 nostre
1232 1091 1396 1133 petitionis
1425 1091 1575 1122 affectum
1603 1101 1693 1122 more
1723 1091 1913 1132 parentumh

264 1156 391 1176 suorum
420 1144 533 1175 libenti
564 1143 719 1185 perficiati
750 1143 924 1174 voluntate.
976 1143 1060 1174 Nam
1090 1144 1171 1174 sicut
1198 1143 1276 1174 illud
1307 1153 1442 1184 regnum
1454 1143 1475 1183 Β,
1510 1143 1541 1173 in
1573 1153 1635 1184 quo
1663 1153 1746 1174 nunc
1772 1142 1828 1173 illa
1856 1142 1914 1173 sub

264 1197 409 1228 custodia
433 1198 551 1235 manet,
576 1196 643 1226 eius
667 1198 724 1232 est,
750 1196 793 1225 ita
819 1198 851 1225 et
874 1195 988 1235 istud9,
1013 1199 1046 1226 et
1069 1195 1149 1225 sicut
1172 1194 1217 1225 ibi
1241 1194 1428 1235 custoditur,
1456 1205 1495 1225 ne
1519 1193 1650 1235 aliquod
1679 1193 1833 1225 solacium
1862 1194 1915 1224 vel

264 1248 432 1280 consilium
449 1248 525 1278 darc
543 1248 715 1288 facereque
733 1248 833 1288 possit
848 1247 1017 1287 Bosoni10,
1041 1248 1085 1277 ita
1103 1250 1134 1277 et
1150 1257 1208 1277 nos
1225 1246 1317 1277 eamk
1333 1247 1363 1277 in
1382 1246 1438 1277 tali
1458 1246 1529 1277 loco
1546 1245 1694 1277 habitare
1711 1246 1914 1286 facielnus11,
1934 1254 1958 1273 2⁰

264 1311 327 1342 quo
356 1299 452 1331 nichil
483 1299 608 1330 adversi
637 1298 755 1329 moliril
783 1299 944 1339 nichilque
973 1298 1080 1329 valeat
1107 1298 1290 1329 machinare
1320 1298 1513 1328 contrarium
1544 1297 1585 1328 ad
1614 1297 1708 1328 huius
1737 1298 1829 1338 regni
1857 1300 1916 1328 etm

263 1351 392 1392 imperii
427 1350 711 1391 perturbationem.
769 1350 811 1381 Et
845 1351 870 1380 si
904 1353 1014 1381 contra
1045 1350 1112 1380 eius
1143 1360 1180 1380 ac
1210 1353 1351 1380 nostram
1383 1349 1582 1380 voluntatem
1611 1349 1814 1390 aliquatenus
1843 1359 1915 1380 eam

264 1413 361 1444 agere
386 1405 442 1432 aut
464 1402 548 1432 velle
573 1402 827 1442 cognoverimuS,
856 1401 963 1432 illicon
987 1401 1028 1432 ad
1052 1401 1253 1442 imperialem
1278 1401 1479 1432 remittemus
1503 1401 1698 1441 presentiam
1724 1411 1783 1432 nec
1806 1404 1915 1432 nostro

265 1455 325 1485 erit
349 1453 485 1494 amplius
509 1453 619 1484 adiuta
643 1453 784 1484 consilio.
833 1453 926 1488 Quod
949 1454 1099 1483 nimirum
1129 1456 1163 1483 ut
1191 1452 1283 1483 nobis
1313 1453 1380 1483 sine
1411 1453 1496 1483 omni
1526 1452 1726 1483 dubitatione
1757 1452 1915 1491 credatur,

264 1516 362 1537 unum
387 1516 427 1536 ex
451 1505 500 1535 his
522 1505 637 1545 legatis
660 1506 775 1536 nostris
792 1504 1029 1535 venerabilibus
1054 1505 1214 1545 episcopis
1224 1504 1261 1544 1²,
1287 1515 1366 1545 quos
1390 1514 1446 1544 pro
1472 1514 1510 1535 ea
1527 1505 1713 1545 imperatori
1730 1504 1914 1544 direximus,
1935 1512 1960 1531 25

265 1556 492 1588 satisfaciendo
523 1557 747 1597 repromittere
778 1557 925 1586 iussimus
957 1557 1002 1586 ita
1034 1566 1091 1586 nos
1124 1566 1194 1587 esse
1224 1556 1463 1586 incunctanter⁰
1494 1555 1650 1595 facturos,
1685 1565 1790 1596 neque
1821 1556 1916 1595 enim,

266 1610 347 1639 sicut
371 1619 442 1639 cum
467 1608 666 1648 coepiscopis
691 1610 723 1638 et
746 1607 935 1648 primatibus
960 1608 1028 1638 eins
1051 1608 1241 1648 promissum
1273 1610 1336 1646 est,
1365 1607 1486 1638 nullum
1514 1607 1693 1647 temporale
1722 1607 1916 1637 adiutorium

266 1659 359 1702 [vel]p
377 1660 543 1690 consilium
568 1659 700 1690 iamfato
725 1670 758 1690 se
783 1659 851 1690 fore
876 1659 1092 1700 prebituramq
1109 1659 1240 1698 Bosoni,
1266 1669 1303 1689 eo
1322 1658 1418 1699 quod,
1443 1660 1523 1689 sicut
1547 1658 1755 1699 prediximus,
1780 1658 1915 1699 diligen-

266 1712 387 1742 tissime
412 1711 572 1741 custodita
599 1721 661 1741 non
684 1711 802 1752 poterit
831 1711 871 1741 de
899 1711 947 1741 his
977 1710 1122 1741 omnibus
1153 1710 1323 1751 quicquam
1353 1721 1459 1751 agere.
1506 1710 1630 1741 Idcirco
1659 1720 1718 1751 per
1740 1710 1916 1741 Dominum

266 1774 322 1794 vos
346 1763 539 1797 adim-amus,
564 1765 599 1792 ut
623 1765 689 1793 toto
715 1763 880 1793 conamine
906 1763 936 1792 in
960 1763 1021 1793 hoc
1045 1773 1143 1803 opere
1168 1762 1333 1792 nobiscum
1358 1773 1414 1802 pro
1439 1772 1548 1793 amore
1565 1761 1627 1792 Dei
1645 1761 1803 1792 desudare
1821 1762 1914 1802 eique
1936 1769 1960 1789 ³0

267 1825 396 1845 manum
419 1814 585 1855 porrigere
609 1814 803 1854 procuretis,
832 1817 866 1844 ut
898 1818 930 1845 et
953 1824 1010 1844 nos
1034 1815 1066 1844 in
1090 1814 1202 1844 vestris
1226 1813 1376 1854 proficuis
1400 1813 1591 1844 utilitatibus
1616 1816 1648 1844 et
1670 1812 1916 1844 necessitatibus

232 1860 233 1863 ¹
268 1876 337 1897 esse
352 1866 491 1906 prompti
508 1866 665 1906 possimus
683 1869 723 1905 et,
742 1866 791 1896 cui
808 1876 936 1896 manum
954 1865 1118 1906 porrigere
1136 1865 1309 1903 volueritis,
1326 1865 1490 1895 vobiscum
1508 1864 1699 1895 omnimodis
1716 1864 1917 1905 porrigamus

268 1918 445 1958 dignasque
481 1920 585 1956 vestre
616 1916 686 1947 Deo
723 1917 839 1948 dilecte
875 1917 1053 1948 sanctitatir
1085 1927 1141 1957 pro
1177 1919 1282 1947 vestro
1316 1917 1427 1947 labore
1463 1920 1559 1957 atque
1592 1915 1764 1947 devotione
1797 1916 1917 1956 gratias

266 1969 387 2000 habere
411 1968 584 1999 valeamus.

1057 2086 1129 2114 294.

376 2146 535 2177 Iohannes
558 2144 650 2176 VIII.
671 2154 759 2184 papa
783 2143 955 2175 Willz'berto
978 2144 1210 2182 archispiscopo
1230 2143 1406 2174 Coloniensi
1428 2143 1585 2182 quendam
1605 2142 1823 2182 presbyterum
1846 2144 1919 2172 ante
1937 2152 1962 2171 35

268 2197 413 2228 undecim
443 2206 555 2233 (motos,
584 2196 662 2235 quia
690 2205 759 2226 cum
782 2194 972 2234 Inyiltr'zcde,
1005 2195 1141 2226 Bosom's
1163 2195 1321 2234 quondam
1344 2195 1466 2225 comitis
1488 2194 1757 2225 excommunicata
1780 2194 1918 2233 coniuge,

269 2248 562 2284 commzmz‘caverat,
587 2247 902 2282 excommmzicatum‚
927 2246 1104 2277 absolutum
1126 2246 1270 2283 remittit,
1295 2255 1424 2276 eausam
1450 2245 1606 2276 Gecleom‘s
1628 2248 1656 2276 ct
1679 2245 1790 2276 uxoris
1813 2245 1918 2284 inqui-

269 2300 399 2331 rendam
423 2299 594 2329 committit.
1652 2297 1832 2337 (881—82)

374 2389 432 2414 293.
461 2390 484 2421 ²)
508 2399 555 2413 om.
576 2390 607 2414 R.
713 2388 737 2420 b)
761 2397 816 2420 eaq;
836 2388 867 2412 R.
974 2390 997 2419 c)
1022 2390 1135 2413 commisi
1159 2389 1190 2414 11³.
1297 2388 1321 2419 d)
1340 2397 1369 2413 -e
1393 2390 1418 2413 iit
1442 2397 1495 2413 ras.
1514 2388 1544 2413 R.
1651 2387 1674 2419 θ)
1697 2396 1750 2412 ras.
1768 2388 1795 2411 in
1812 2388 1867 2419 fine
1887 2387 1917 2412 R.

269 2432 289 2464 f)
309 2434 343 2457 -ti
361 2433 422 2457 adcl-
442 2441 523 2464 supra
542 2433 635 2457 lineam
655 2433 690 2457 al.
703 2441 772 2457 man.
791 2432 823 2456 R.
899 2432 923 2463 g)
942 2436 1068 2464 angustus
1087 2431 1119 2456 B.
1194 2431 1219 2462 h)
1238 2433 1265 2456 in
1283 2440 1336 2457 ras.
1350 2433 1386 2457 al.
1399 2441 1468 2457 man.
1487 2431 1519 2456 It.
1594 2430 1612 2462 i)
1630 2435 1655 2455 —t
1673 2430 1734 2455 add.
1748 2430 1784 2456 al.
1799 2439 1867 2454 man.
1887 2430 1919 2454 R.
1938 2435 1965 2453 40

270 2475 296 2506 k)
316 2484 347 2501 ea
365 2475 396 2499 R.
501 2474 519 2506 ι)
539 2476 576 2499 -ri
594 2475 622 2499 in
640 2484 693 2500 ras.
712 2475 744 2499 R.
849 2475 880 2506 m)
900 2476 931 2499 de
950 2479 1009 2506 post
1027 2479 1052 2499 et
1070 2475 1119 2500 del.
1140 2475 1171 2499 R.
1277 2474 1301 2507 n)
1321 2483 1388 2500 corr.
1402 2483 1432 2499 ew
1450 2475 1509 2499 ilico
1528 2474 1560 2498 R.
1666 2472 1689 2505 o)
1710 2474 1869 2498 incunctater
1887 2472 1918 2497 B.

270 2518 295 2549 ν)
315 2527 362 2543 om,
380 2518 412 2543 R.
501 2517 525 2549 (1)
544 2519 703 2550 prebiturum
724 2518 754 2543 It.
841 2517 862 2547 r)
881 2519 991 2542 s—eitatati
1011 2518 1041 2542 R.

377 2574 402 2603 1)
423 2573 506 2598 Hanc
523 2572 657 2605 epistolam
670 2575 764 2598 contra
783 2572 870 2597 seo-iem
889 2572 996 2605 registri
1012 2580 1094 2605 prope
1113 2572 1248 2605 epistolam
1267 2581 1294 2598 oz.
1306 2576 1353 2598 268
1365 2571 1478 2597 eiusdem
1492 2570 1641 2605 argyumenti
1653 2569 1835 2596 collocandam.
1850 2572 1920 2596 recte

272 2617 430 2642 censuerunt
449 2623 537 2640 omnes
551 2618 661 2647 praeter
679 2615 745 2641 Levi
764 2615 779 2641 I.
793 2615 809 2640 l.
826 2623 852 2647 p.
868 2619 922 2641 184.
1010 2616 1037 2647 2)
1058 2615 1133 2648 Quae
1152 2623 1206 2641 non
1224 2617 1337 2641 exstant.
1429 2615 1456 2647 3)
1475 2614 1685 2646 Imperatricem,
1703 2612 1811 2639 viduam
1830 2611 1920 2638 Ludo-

271 2659 323 2685 rici
341 2658 384 2685 II.
472 2658 498 2689 4)
521 2657 602 2691 Ooqn.
620 2657 794 2683 Germanicus
813 2657 841 2690 (†
853 2659 919 2690 876).
1015 2658 1042 2691 5)
1062 2658 1102 2683 II.
1122 2658 1151 2691 (†
1163 2658 1233 2691 875).
1330 2658 1356 2690 6)
1375 2658 1410 2683 A.
1423 2660 1473 2683 874
1493 2656 1575 2688 Mai„
1599 2656 1633 2687 cf.
1651 2655 1823 2682 Mmilbacher
1842 2654 1920 2688 Re9.²
1937 2658 1964 2676 45

274 2704 335 2727 1263
348 2700 465 2733 (1226911,
486 2704 547 2727 1504
561 2701 650 2734 (1462)
659 2701 680 2726 b.
752 2701 776 2733 7)
798 2700 861 2726 Seii.
881 2700 910 2725 de
927 2700 1006 2726 exilio
1019 2701 1209 2733 Alamannico,
1229 2700 1264 2732 cf.
1278 2709 1305 2726 n.
1318 2703 1377 2731 268,
1394 2708 1420 2733 p.
1433 2702 1483 2725 236
1500 2701 1591 2724 annot.
1607 2702 1628 2724 7.
1702 2698 1729 2730 8)
1749 2697 1810 2723 Scit.
1830 2697 1920 2723 Teuto-

272 2744 371 2769 nicum.
453 2744 479 2771 9)
499 2743 559 2769 Sca.
574 2743 704 2769 Italicum.
784 2744 826 2775 10)
849 2743 889 2776 Cf.
909 2752 934 2769 iz.
949 2746 1005 2775 268,
1021 2752 1047 2775 p.
1062 2746 1111 2769 :236
1129 2746 1221 2769 annot.
1236 2748 1260 2769 8.
1344 2744 1386 2771 11)
1406 2742 1511 2768 Eadem
1529 2742 1607 2767 ctiam
1625 2741 1656 2766 in
1674 2749 1701 2766 n.
1715 2743 1763 2767 268
1777 2739 1919 2773 promittit.

273 2787 316 2819 12)
337 2786 454 2819 Quinam
473 2786 584 2819 suerint,
605 2786 740 2812 nescimus.
