2189 3042
198 339 226 359 ef.
241 338 296 359 Dan.
307 340 339 358 12.
351 340 368 359 3.

212 442 240 461 cs.
256 440 296 461 lac.
309 443 327 465 5,
339 442 369 460 *zu

179 1224 374 1250 cs.Num-24‚3215

265 1795 296 1816 Io.
308 1798 339 1819 10,
352 1797 370 1815 8.

209 1847 239 1867 cf.
255 1846 296 1867 Ier.
307 1849 339 1871 29,
351 1849 370 1867 9.

386 195 426 223 (55
831 186 1008 214 IOHANNIS
1028 186 1102 212 VIII.
1123 185 1240 212 PAPAE
1263 184 1462 212 EPISTOLAE
1485 185 1526 212 70.
1545 186 1586 212 71.

386 277 426 308 de
454 277 556 307 salute
585 275 724 306 omnium
756 276 897 304 vestrum
924 274 992 314 ipse
1016 272 1203 304 mercedum
1226 272 1350 313 premia
1373 273 1594 314 consequaris;
1628 283 1691 304 non
1721 273 1806 304 enim
1830 273 1939 314 placet
1961 273 2032 306 Deo

385 328 456 369 plus
480 327 556 364 his&
582 326 635 367 qui
659 325 698 356 ab
716 335 823 356 errore
841 324 983 355 converti
1006 324 1128 355 faciunt
1148 324 1295 355 homines
1310 324 1362 355 vel
1378 324 1432 365 qui
1455 323 1496 355 ad
1519 325 1672 355 iustitiam
1697 324 1845 356 erudiunt
1868 325 2032 365 plurimos.

384 379 426 410 Et
450 378 521 409 ideo
546 388 603 418 pro
621 380 685 408 tam
710 379 819 407 sancto
835 375 946 406 labore
964 375 1060 406 beato
1076 375 1176 406 Petro
1200 375 1362 416 clavigero
1386 376 1477 416 regni
1501 375 1629 416 celestis
1651 375 1871 407 intercedente
1895 377 2032 418 operieS,

387 431 467 460 sicut
490 430 641 470 scriptum
667 431 724 468 est,
749 426 987 458 multitudinem
1003 429 1209 468 peecatorum
1227 429 1260 458 et
1275 426 1447 457 stabilieris
1464 427 1554 468 quasi
1578 427 1637 467 celi
1653 427 1891 458 firmamentum
1914 430 1947 458 et
1964 427 2033 458 dies

385 481 571 522 eternitatis,
595 479 652 510 sed
677 482 709 510 et
731 489 788 509 nos
812 479 938 509 interim
964 482 994 510 te
1018 479 1050 509 in
1067 478 1256 509 devotorum
1280 488 1413 509 numero
1430 478 1568 510 filiorum
1588 478 1779 510 habebimus
1802 481 1835 510 et
1857 478 2032 510 confessio·
2064 494 2075 511 ε,

384 532 496 563 nibusb
521 531 740 573 apostolorum
764 531 943 571 principum
967 530 1158 561 memoriam
1182 530 1228 560 tui
1251 530 1368 570 iugiter
1391 530 1617 561 commendare
1634 530 1814 562 nullatenus
1837 530 2031 562 omittemus.

487 589 579 613 DATA
598 588 712 612 MENSE
730 588 857 616 APRILI,
877 587 1078 611 INDICTIONE
1097 586 1141 611 XI.

1185 741 1234 770 71.

491 801 650 833 Iohannes
678 800 775 831 ῙἸΙΙ.
800 810 891 839 papa
917 800 1054 831 Graecos
1077 799 1234 840 episcopos
1260 798 1456 839 Bulyaricae
1483 799 1630 831 dioecesis
1658 801 1818 831 invasores
1846 800 1903 831 sub
1928 810 2033 839 poena

383 852 713 885 excommunicationis
741 851 830 889 *infra
855 850 987 889 triqinta
1010 850 1134 881 dierum
1156 850 1297 889 spatium
1319 860 1357 881 esc
1380 852 1446 881 tota
1467 850 1645 891 Bulyariea
1667 852 1789 891 regione
1812 851 1916 882 cedere
1938 851 2030 883 iubet.

499 946 573 973 Cod.:
603 946 629 972 R
648 948 668 979 f.
681 948 712 971 35
729 954 755 971 η.
769 949 806 971 70.
1710 904 1774 934 878
1797 903 1876 942 ΑΡΥ.
1895 904 1944 934 16·
2053 915 2077 934 ¹⁰

488 997 571 1024 md..-
598 997 694 1024 Editio
715 997 838 1023 Romana
858 997 940 1029 (1591)
962 996 1020 1029 ΙΙΙ,
1039 998 1085 1022 355
1103 1004 1129 1022 Ν.
1146 999 1184 1023 79.
1220 995 1317 1022 Mansz'
1337 995 1413 1022 Cone.
1426 995 1481 1023 coll.
1497 996 1597 1030 XVII,
1618 1000 1651 1024 68
1668 1006 1695 1023 u.
1708 1000 1743 1023 ¹79.
1783 996 1878 1030 Mi'yne
1897 996 1972 1023 Patr.
1987 997 2033 1022 lat.

387 1041 525 1074 CXXVI,
548 1045 593 1068 764
611 1045 704 1067 ἠ.11·.),
724 1056 756 1058 -
775 1039 847 1071 Jafl'e
866 1039 932 1073 Περ.
948 1042 1017 1065 3134
1036 1039 1131 1072 (2361).

414 1121 566 1145 OMNIBUS
589 1120 757 1144 EpiscoPls
780 1119 823 1142 ET
842 1118 983 1142 CETERIS
1002 1118 1154 1142 CLERICIS
1173 1118 1293 1142 GRECIS
1311 1118 1532 1143 UULGARICAE
1555 1119 1760 1144 DIOECESEOS
1783 1119 2007 1143 INVASORIBUS

929 1161 973 1185 AC
994 1161 1061 1184 PER
1082 1160 1151 1185 HOC
1174 1160 1489 1186 EXCOMMUNICATIS.
2052 1169 2075 1187 15

379 1241 382 1245 .
493 1215 646 1246 Miramur
669 1224 724 1244 vos
754 1215 787 1243 et
810 1211 1020 1242 vehementer
1044 1211 1299 1252 obstupescimus
1329 1214 1512 1242 sanctorum
1540 1214 1667 1252 patrum
1696 1213 1854 1244 canones1
1878 1212 2034 1243 obturatis

385 1266 484 1297 oculis
514 1265 667 1306 relegisse
705 1267 737 1295 et
768 1263 890 1294 calcata
914 1263 1109 1294 conscientia
1132 1263 1285 1294 terminos
1309 1265 1436 1303 eternus
1466 1274 1485 1294 a
1513 1263 1657 1304 patribus
1685 1264 1807 1304 positos
1836 1264 2034 1295 transtulisse

385 1322 418 1349 et
440 1319 471 1348 in
495 1317 633 1348 alienam
657 1326 793 1347 messem
818 1315 925 1346 iudicii
943 1315 1059 1345 falcem
1082 1314 1217 1355 misisse,
1242 1314 1273 1345 in
1288 1313 1413 1345 Yllirici
1436 1316 1624 1356 provincias,
1650 1326 1728 1356 quas
1752 1326 1833 1346 nune
1855 1314 2034 1357 Uulgarum

385 1370 471 1401 natio
496 1368 645 1408 retinet2‚
668 1367 885 1409 ingredientes
910 1369 942 1397 et
966 1365 1183 1397 ordinationes
1207 1365 1334 1396 illicitas
1357 1370 1595 1407 perpetrantes,
1626 1377 1697 1398 eum
1722 1370 1754 1398 et
1780 1377 1871 1398 sacra
1900 1367 2035 1398 concilia

385 1421 443 1452 sub
467 1421 544 1452 sede
561 1421 649 1451 beati
664 1420 754 1451 Petri
778 1418 997 1460 apostolorum
1022 1418 1174 1458 principis
1197 1417 1255 1448 has
1278 1417 1353 1448 olim
1377 1418 1556 1458 provincias
1573 1418 1723 1460 deguisse
1740 1421 1888 1460 patenter
1903 1419 2036 1449 innuant
2054 1428 2079 1447 20

386 1476 419 1504 et
448 1483 554 1504 rerum
582 1475 744 1513 gestarum
776 1482 794 1501 a
822 1473 931 1501 saneto
960 1469 1102 1500 Damaso
1134 1479 1220 1510 papa
1243 1470 1424 1510 conscripta
1450 1469 1620 1501 manifeste
1646 1470 1853 1502 denuntient3
1886 1472 1918 1500 et
1951 1472 2037 1501 statu

386 1535 554 1555 causarum
571 1523 641 1554 Deo
667 1523 841 1553 auxiliante
866 1523 896 1552 in
921 1522 1036 1552 melius
1058 1522 1122 1552 iam
1144 1520 1268 1562 pridem
1286 1531 1439 1552 converso
1463 1521 1556 1552 sedes
1580 1523 1758 1562 apostolica
1780 1523 1821 1552 sit
1844 1521 1884 1552 ab
1902 1522 1958 1561 eis,
1983 1522 2036 1562 qui

385 1576 467 1607 hane
496 1576 643 1607 habitant
673 1575 853 1615 regionem,
884 1574 1066 1614 recognita,
1097 1573 1250 1614 requisita
1280 1577 1312 1604 et
1342 1572 1449 1603 multis
1476 1573 1624 1613 precibus
1651 1574 1784 1605 invitata
1813 1583 1936 1614 nosque
1960 1572 2034 1603 illue

386 1629 554 1669 episcopos
583 1630 616 1658 et
643 1626 801 1658 inferioris
825 1625 944 1656 ordinis
968 1624 1154 1656 sacerdotes
1185 1635 1257 1655 cum
1280 1625 1440 1665 preceptis
1471 1624 1556 1655 sedis
1586 1625 1762 1666 apostolice
1792 1625 1972 1656 miserimus
2003 1627 2035 1655 et

385 1679 503 1710 multos
526 1679 653 1710 labores
676 1689 733 1719 pro
753 1678 981 1708 instructionea
997 1677 1082 1707 illius
1106 1676 1245 1717 regionis
1269 1676 1507 1717 arripuerimus.
1542 1676 1625 1707 Nam
1650 1679 1682 1707 et
1705 1676 1730 1706 si
1747 1676 1877 1717 quidam
1893 1679 2035 1707 vestrum
2053 1685 2078 1704 25

386 1731 584 1762 clandestina
600 1730 674 1760 illuc
691 1732 776 1760 sorte
793 1729 979 1768 venerunt&
1004 1731 1079 1769 apte
1104 1728 1144 1758 de
1168 1728 1231 1758 illis
1248 1727 1354 1758 dicere
1370 1738 1538 1768 possumus
1561 1727 1639 1758 illud
1656 1727 1785 1758 Domini
1802 1727 1922 1758 dictum
1946 1737 2033 1758 asse-

386 1786 547 1813 verantes:
571 1782 712 1820 ‘Omnes5
731 1782 782 1822 qui
807 1784 880 1811 ante
904 1790 956 1810 me
973 1783 1137 1818 venerunt,
1161 1780 1248 1810 fures
1262 1779 1390 1810 fuerunt
1414 1783 1446 1810 et
1468 1779 1634 1816 latrones⁷3
1658 1780 1726 1820 ipse
1743 1779 1863 1820 quippe
1878 1779 2035 1810 Dominus

385 1844 443 1875 per
466 1833 658 1875 prophetam
683 1832 771 1863 dicit:
796 1831 979 1862 Veniebant
1003 1834 1035 1862 et
1058 1841 1119 1872 ego
1143 1841 1206 1861 non
1230 1830 1419 1861 mittebamb
1444 1841 1508 1861 eos.
1553 1830 1637 1861 Nam
1661 1830 1791 1871 quidam
1813 1833 1953 1861 vestrum
1977 1840 2034 1870 pro

386 1885 569 1916 criminibus
593 1886 657 1915 suis
681 1884 856 1925 fugientes,
889 1882 1019 1923 quidam
1047 1886 1155 1913 autem
1180 1882 1318 1913 ambitus
1346 1886 1378 1913 et
1406 1883 1537 1922 avaritie
1562 1892 1658 1912 causa
1681 1882 1756 1912 illue
1780 1882 1938 1913 accessuri
1960 1892 2034 1922 pro-

386 1938 462 1968 fecti
486 1940 572 1975 sunt,
602 1947 662 1967 non
693 1939 801 1966 autem
825 1935 928 1965 vocati
960 1945 1019 1965 nec
1043 1934 1194 1973 invocati,
1226 1934 1302 1965 licet
1330 1944 1387 1965 nec
1417 1935 1462 1965 sie
1492 1935 1523 1964 in
1550 1938 1710 1964 nostramc
1738 1944 1793 1964 vos
1818 1933 1970 1964 diocesim
1994 1932 2035 1964 ad
2055 1942 2079 1961 :io

387 1989 528 2029 aliquam
561 1987 801 2028 dispositionem
836 1986 1018 2017 faciendam
1050 1986 1180 2016 introire
1213 1986 1407 2016 convenerit.
1462 1985 1544 2020 Quia
1574 1985 1670 2026 igitur
1702 1988 1812 2015 eontra
1843 1995 1949 2015 sacras
1979 1995 2035 2015 vos

387 2039 604 2080 multipliciter
629 2039 732 2079 egisse
756 2038 884 2079 regulas
907 2037 1188 2078 deprehendimus,
1213 2038 1558 2068 excommunicavimus
1581 2047 1637 2067 vos
1661 2039 1693 2067 et
1717 2036 1793 2067 estis
1817 2036 2034 2066 excommuni-

387 2092 459 2122 cati.
506 2091 656 2131 Quisquis
686 2094 793 2120 autem
826 2092 867 2120 ex'
891 2089 981 2119 vobis
1008 2090 1091 2120 intra
1120 2090 1250 2129 triginta
1274 2088 1397 2120 dierum
1426 2089 1564 2129 spatium
1589 2088 1715 2129 cognite
1739 2087 1833 2118 huius
1860 2087 2035 2128 apostolice

387 2143 557 2173 sanctionis
586 2143 671 2173 omni
701 2141 872 2182 Uulgarice
905 2141 1026 2181 regioni
1057 2151 1118 2171 nou
1150 2141 1268 2171 cedens
1301 2141 1333 2170 in
1363 2150 1402 2171 ea
1433 2139 1610 2181 quamlibet
1634 2139 1868 2170 ordinationem
1883 2138 1943 2169 ‘vel
1972 2137 2036 2168 dis-

387 2195 580 2235 positionem
603 2196 732 2234 patrare
756 2193 839 2223 ultra
863 2192 1043 2233 predictum
1068 2193 1206 2233 spatium
1231 2192 1390 2222 obstinate
1418 2191 1662 2232 presumpserit7
1695 2193 1877 2221 sanctorum
1906 2191 2034 2230 patrum
2053 2200 2077 2218 35

387 2246 578 2276 auctoritate
612 2245 774 2285 nostrique
804 2243 912 2274 iudicii
943 2244 1102 2274 sententia
1125 2244 1256 2285 proprio
1281 2246 1390 2274 eareat
1413 2243 1533 2283 officio7
1559 2243 1683 2273 nonnisi
1706 2242 1895 2283 resipiscens
1919 2251 2036 2282 penam

388 2296 560 2328 evasurusd
589 2299 644 2326 aut
666 2296 793 2326 veniam
826 2295 933 2336 aliquo
964 2295 1060 2326 modo
1092 2298 1285 2336 speraturus,
1339 2294 1372 2325 Si
1397 2295 1466 2335 quis
1497 2298 1606 2325 autem
1634 2296 1775 2325 vestrum
1805 2293 1969 2324 humiliter
1999 2302 2035 2323 ae

388 2348 577 2379 obedienter
595 2348 644 2378 his
661 2346 840 2378 salubribus
857 2347 985 2377 monitis
1006 2347 1120 2377 nostris
1136 2357 1253 2387 parens
1269 2345 1441 2387 Uulgarice
1457 2345 1563 2376 locum
1582 2345 1723 2377 dederite
1740 2345 1891 2384 dioecesi,
1912 2345 2036 2375 noverit

491 2442 513 2473 ὃ)
532 2450 599 2466 corr.
617 2441 645 2465 in
663 2441 684 2465 is
703 2440 734 2465 R.
823 2438 846 2472 b)
866 2442 882 2466 b
902 2450 968 2466 corr.
981 2449 1011 2466 ea:
1030 2450 1045 2473 p
1066 2440 1097 2465 11¹.

492 2496 532 2522 TO.
559 2497 582 2528 a)
602 2506 667 2521 corr.
681 2505 711 2521 ex
729 2497 908 2521 instructiones
927 2496 959 2521 12⁵.
1047 2495 1070 2526 b)
1090 2505 1156 2520 corr.
1176 2505 1206 2520 ea:
1225 2496 1344 2520 mitebam
1363 2496 1394 2520 Iz’.
1492 2497 1513 2527 c)
1534 2498 1605 2521 uffim
1625 2496 1656 2521 R.
1741 2495 1766 2527 d)
1785 2504 1851 2520 corr.
1865 2503 1895 2520 ea*
1913 2502 2035 2519 evasuros
2054 2505 2079 2522 40

388 2541 422 2564 al.
438 2549 507 2565 mnan.
527 2540 558 2565 It.
647 2540 669 2571 θ)
689 2549 755 2565 corr.
769 2548 799 2564 ex
817 2540 897 2570 ederit
917 2540 952 2564 al.
967 2547 1035 2563 man.
1050 2539 1081 2564 R.

491 2591 517 2623 1)
539 2590 566 2617 C.
582 2594 597 2616 ‘2
615 2598 686 2616 eone.
701 2590 868 2616 Constantia.
882 2598 907 2616 α.
921 2592 970 2615 381
989 2589 1096 2620 (Manet
1110 2589 1164 2614 III
1173 2589 1250 2621 566),·
1268 2590 1302 2622 cf.
1320 2596 1378 2615 cart.
1392 2591 1476 2622 apost.
1494 2589 1642 2621 XXXV(
1644 2588 1800 2623 XXXIV),
1817 2596 1837 2616 c.
1852 2591 1889 2620 13,
1909 2590 1940 2614 22
1959 2595 2034 2614 eone.

388 2634 509 2660 Antioeh.
529 2643 553 2659 α.
566 2637 622 2666 341,
642 2642 663 2660 e.
676 2638 692 2659 3
710 2641 781 2659 eone.
801 2632 879 2659 sard.
898 2642 923 2658 a.
938 2636 990 2659 344
1009 2635 1054 2658 ete.
1142 2631 1168 2664 2)
1188 2631 1240 2657 Sed
1258 2634 1293 2665 cf.
1314 2640 1382 2665 quae
1401 2632 1538 2658 Du'mmler
1557 2632 1621 2658 ‘Die
1636 2631 1822 2665 pazmonische
1839 2630 1962 2665 Leqende
1979 2638 2036 2656 rom

387 2677 413 2703 Ιι.
426 2676 596 2709 Methodius',
613 2677 643 2702 in
657 2676 763 2702 ‘Archiv
781 2676 801 2708 f.
815 2678 903 2702 (isterr.
921 2675 1022 2702 Geseh!
1034 2674 1126 2706 XIII,
1139 2677 1186 2700 185
1196 2682 1241 2707 sq„
1260 2674 1291 2700 de
1305 2675 1422 2708 antiqua
1436 2675 1551 2709 Illyrica
1569 2675 1666 2701 diocesi
1683 2674 1730 2700 sub
1742 2673 1883 2700 Sirmiensi
1901 2673 2036 2706 metropoli

387 2720 532 2746 constituta
549 2722 573 2746 et
589 2720 688 2746 recenti
707 2719 870 2745 Pamzom'ea
888 2718 982 2744 diocesi
1001 2720 1070 2744 recte
1087 2717 1216 2750 emposuit.
1287 2718 1312 2751 3)
1333 2717 1377 2751 Cf.
1394 2726 1422 2745 π.
1435 2722 1475 2751 68,
1489 2722 1558 2751 1262
1575 2720 1667 2744 annot.
1680 2722 1702 2744 5.
1772 2717 1799 2750 4)
1819 2717 1899 2742 Missi
1916 2724 1937 2743 e.
1950 2725 1975 2743 a.
1985 2719 2036 2742 870
2054 2727 2078 2745 45

388 2763 422 2788 ab
441 2763 548 2796 Iynatio
562 2762 727 2796 patriarcha,
746 2762 894 2796 instigante
907 2761 1011 2787 Basilio
1032 2760 1198 2793 imperatore,
1217 2761 1251 2794 cf.
1262 2760 1380 2793 Lapcitre
1400 2761 1415 2787 l.
1429 2761 1445 2788 Z.
1459 2770 1488 2794 p.
1499 2764 1532 2787 58
1541 2769 1591 2794 sq.;
1608 2760 1701 2793 quibus
1720 2759 1868 2786 mnorendis
1885 2759 1941 2785 iam
1959 2759 2037 2785 initio

388 2805 561 2838 pontificatus
578 2806 621 2832 sui
637 2805 772 2832 Iohannes
791 2805 868 2831 VIII.
884 2806 988 2838 frustra
1004 2810 1086 2838 penes
1099 2802 1257 2829 Miclzaelem
1270 2811 1352 2836 reyem
1367 2803 1518 2836 studuerat,
1536 2804 1571 2836 ef.
1584 2803 1658 2835 Jaffe
1676 2803 1740 2837 Rey.
1750 2806 1821 2836 2962,
1839 2801 1963 2836 Append.
1976 2810 2004 2828 rt.
2016 2805 2036 2828 7¹.
