2189 3042
115 1011 139 1029 10

116 1298 139 1316 15

114 1813 139 1832 25

115 2075 141 2094 30

114 2332 141 2352 35

607 202 784 229 IOHANNIS
805 202 877 229 VIII.
898 202 1016 229 PAPAE
1040 202 1237 229 EPISTOLAE
1260 202 1301 229 37.
1321 203 1361 229 38.
1769 206 1808 235 37

159 290 254 330 enim,
278 290 364 332 quod
381 293 435 321 tua
459 289 588 320 dilectio
606 289 805 321 constituerit
829 293 860 320 et
877 289 1033 320 immobili
1057 289 1174 330 placito
1191 289 1307 329 fixerit,
1331 289 1508 330 adimplere
1532 292 1628 331 atque
1653 290 1808 331 perficere

159 342 414 382 procurabimuS,
438 341 534 371 nichil
558 343 592 371 ut
615 342 646 371 in
669 340 729 372 hoc
754 341 870 381 hesitet
893 340 1021 371 dilectio
1048 344 1110 379 tua,
1135 351 1330 382 magnopere
1356 344 1604 372 commonentes.
1651 341 1809 382 Predictis

158 397 266 424 autem
297 393 400 424 missis
427 392 542 423 nostris
571 393 684 423 missos
712 396 782 423 tuos
810 392 1029 423 indii-Ferenter
1060 396 1092 423 et
1121 393 1243 434 absque
1271 403 1360 423 mora
1388 393 1537 423 Kaietam
1567 392 1704 434 dirigere
1736 404 1808 434 pro-

159 447 278 484 curato,
303 445 357 486 qui
381 444 420 474 de
444 443 492 474 his
509 443 655 474 omnibus
679 454 750 474 cum
775 445 820 475 eis
837 443 1007 475 salubriter
1029 447 1165 475 tractare
1182 444 1310 475 valeant
1334 447 1374 483 et,
1395 455 1455 484 que
1480 448 1552 474 sunt
1575 445 1711 485 agenda,
1736 456 1809 486 per-

159 496 264 527 ficere.
311 495 468 536 Optamus
492 498 524 526 et
547 498 664 526 cetera.

263 562 355 585 DATA
374 561 486 584 IDIBUS
509 561 644 590 MARTH,
665 561 862 585 INDICTIONE
882 561 912 584 X.

960 771 1009 800 35.

266 831 424 862 Iohannes
456 830 553 862 VIII.
589 841 676 869 papa
707 830 915 861 Frotharizcm
952 829 989 860 de
1019 828 1249 868 Burdiffllensi
1284 829 1327 859 ad
1353 829 1585 860 Bitur‘e'emzsmn.
1616 830 1807 868 metropolim

159 882 324 924 transfert.
1509 882 1587 919 (876
1595 883 1702 921 -77.)
1713 883 1723 900 ¹

274 950 349 977 Cod.:
380 951 406 977 R
424 954 444 984 f.
456 952 499 976 19¹
518 959 544 976 oz.
558 954 599 977 38.

264 1002 350 1028 Edax
377 1002 470 1028 Editio
486 1002 612 1028 Romana
631 1003 718 1035 (1591)
738 1002 795 1033 111,
815 1005 867 1027 320
885 1009 912 1027 οι,
927 1004 960 1027 37
978 1013 1009 1022 =
1029 1000 1154 1027 *sn-mona
1175 1001 1253 1027 Cone.
1267 1003 1324 1026 avit.
1339 1000 1445 1025 Galliae
1464 1000 1519 1031 III,
1539 1005 1591 1026 449
1609 1009 1635 1026 u.
1648 1005 1682 1026 11.
1718 1002 1812 1027 Mmtsi

159 1045 233 1072 Cone.
247 1045 304 1071 coll.
320 1045 421 1077 XVII,
442 1048 474 1071 35
493 1054 520 1071 n.
535 1049 574 1071 37.
614 1045 707 1078 Miyne
728 1045 805 1070 Patr.
821 1045 867 1070 lat.
883 1044 968 1069 CXX
976 1044 1020 1076 VI,
1041 1048 1085 1070 718
1103 1053 1129 1069 η.
1145 1047 1184 1069 64.
1203 1059 1237 1062 -
1255 1043 1327 1075 Jaffe'
1347 1043 1413 1077 Req.
1427 1046 1492 1069 :3083
1511 1044 1604 1075 (2312).

230 1137 526 1161 REVERENTISSIMO
550 1137 593 1160 ET
618 1137 840 1161 SANCTlSSlMO
861 1136 1053 1161 CONFRATRI
1078 1135 1209 1159 NOSTRO
1232 1135 1437 1164 FROTHARIO,
1462 1135 1585 1159 DUDUM
1609 1135 1743 1164 QUIDEM

452 1180 727 1210 BURDEGALENSI,
751 1180 842 1203 NUNC
866 1179 986 1203 AUTEM
1010 1178 1223 1202 BITURICENSI
1248 1178 1523 1201 ARCHIEPlscol’O.

267 1235 317 1265 Ad
349 1235 409 1265 hoc
444 1246 501 1265 nos
532 1234 637 1265 divina
665 1234 804 1275 provisio
834 1244 1035 1274 supernaque
1066 1232 1246 1264 moderatio
1278 1232 1423 1263 ecclesiis
1456 1233 1520 1262 suis
1550 1232 1650 1262 voluit
1684 1242 1812 1272 preesse

160 1290 315 1323 rectores,
345 1289 379 1317 ut
407 1286 551 1327 dispersa
575 1296 771 1326 congregare
797 1288 829 1316 et
857 1295 985 1316 servare
1010 1288 1207 1326 congregata
1230 1295 1353 1315 summo
1378 1284 1482 1315 studio
1507 1294 1713 1325 procuremus
1738 1282 1813 1324 [etj³¹

159 1349 222 1369 non
238 1339 340 1369 solum
358 1337 532 1369 earundem
551 1337 757 1368 ecclesiarum
783 1336 1039 1375 sollicitudinem,
1065 1335 1121 1367 sed
1146 1336 1198 1366 etb
1215 1336 1356 1377 ipsorum
1374 1346 1501 1377 quoqne
1519 1338 1677 1366 rectorum
1694 1334 1814 1365 habea—

158 1400 228 1420 mus
252 1389 437 1420 industriam
467 1394 499 1420 et
523 1399 731 1420 exerceamus
760 1388 950 1428 sollertiam,
979 1389 1144 1429 quatinus,
1173 1389 1254 1418 sicut
1286 1387 1461 1418 rectoribus
1485 1387 1645 1418 destitutis
1673 1387 1816 1417 ecclesiis

159 1442 238 1472 alios
266 1441 478 1482 subrogantes
507 1440 727 1479 oonsulinius⁶‚
759 1440 804 1470 ita
831 1440 1008 1471 rectoribus
1032 1439 1219 1470 vacantibus
1247 1439 1398 1470 ecclesias
1422 1438 1551 1469 Domini
1580 1439 1815 1469 committentes

159 1492 324 1533 providam
349 1503 456 1523 curam
480 1502 537 1522 nos
561 1491 735 1522 earundem
754 1491 960 1522 ecclesiarum
984 1501 1098 1532 gerere
1119 1490 1384 1529 demonstremus,
1408 1491 1548 1521 maxime
1573 1490 1630 1530 his,
1656 1491 1719 1531 qui,
1744 1500 1813 1520 cum

116 1555 127 1572 ε’
160 1545 280 1575 robusti
309 1544 499 1585 preliatores
526 1543 656 1574 Domini
684 1543 760 1582 sint,
792 1543 874 1572 intra
903 1542 1072 1572 otiositatis
1100 1543 1279 1583 angustiam
1308 1543 1406 1573 arceri
1438 1545 1574 1573 renuunt
1605 1545 1637 1572 et
1668 1552 1724 1582 per
1755 1542 1814 1571 hoc

159 1596 342 1637 expeditius
366 1598 475 1626 contra
496 1595 574 1626 vitia
597 1595 807 1626 certaminum
832 1595 986 1625 exercitia
1010 1597 1155 1634 querunt.
1195 1594 1277 1630 Quia
1301 1595 1397 1635 igitur
1413 1593 1687 1634 Burdegulensem
1712 1593 1813 1624 eccle-

158 1648 236 1678 siam
267 1651 432 1688 totamque
463 1657 544 1688 pene
582 1647 638 1677 sub
668 1647 735 1677 eius
770 1645 913 1677 habitam
941 1646 1096 1687 regimine
1130 1646 1271 1676 diocesin
1307 1647 1352 1677 ita
1385 1656 1582 1686 paganorum
1619 1644 1814 1686 frequentis*l

158 1699 256 1740 gladii
288 1699 471 1740 predequess
502 1700 650 1739 continue
683 1699 878 1739 consumpsit
911 1697 1070 1738 irruptiof,
1105 1702 1140 1727 ut
1172 1708 1253 1738 pene
1288 1708 1381 1728 omne
1414 1697 1478 1727 illic
1510 1697 1693 1737 episcopale
1724 1700 1816 1727 vacet

159 1751 315 1786 officium,
351 1751 532 1781 necessario
565 1750 760 1791 previdimus
790 1749 852 1780 Dei
888 1749 1115 1790 omnipotentis
1147 1750 1339 1780 auctoritate
1371 1748 1625 1789 beatorumque&
1655 1748 1743 1779 Petri
1779 1759 1814 1778 ac

159 1803 253 1834 Pauli
276 1803 494 1843 apostolorum
518 1803 696 1843 principum
720 1801 954 1832 fraternitatem
980 1804 1078 1841 tuam,
1103 1801 1192 1831 cuius
1208 1801 1333 1831 vacatio
1355 1800 1499 1831 defectus
1523 1805 1571 1831 est
1594 1800 1668 1831 fidoi
1693 1804 1725 1831 et
1749 1800 1814 1839 fere

159 1855 311 1885 virtutum
329 1855 469 1884 omnium
486 1854 688 1891 detrimenta,
713 1854 744 1884 in
762 1853 898 1885 ecclesia
914 1853 1116 1892 Bituricensi,
1138 1863 1197 1893 que
1216 1852 1352 1882 vacareh
1370 1852 1523 1892 pastorali
1540 1862 1615 1882 cura
1632 1852 1814 1890 dinoscitur,

160 1907 201 1938 ab
225 1906 285 1937 hac
309 1906 450 1947 presenti
476 1906 612 1937 decimai
637 1905 809 1936 indictione
836 1905 977 1946 preferre
1002 1904 1095 1935 simul
1119 1907 1151 1935 et
1178 1904 1409 1934 incardinatam
1433 1903 1602 1944 preficere,
1631 1903 1760 1934 habitok
1785 1904 1815 1933 in

160 1959 274 1990 eadem
304 1958 496 1989 Bituricensi
520 1958 657 1989 ecclesia
686 1958 783 1988 totius
813 1958 880 1988 iure
904 1956 1121 1997 mctropoleos
1153 1966 1189 1986 ac
1214 1955 1400 1986 dioeceseos
1430 1955 1540 1996 priscis
1570 1955 1766 1995 temporibus
1796 1965 1813 1984 a

160 2011 257 2042 sacris
282 2009 456 2041 canonibus
478 2010 648 2050 prestituto
673 2008 718 2040 et¹
741 2009 772 2039 in
802 2008 857 2039 illa
882 2008 1018 2039 ecclesia
1042 2011 1174 2038 eatenus
1199 2011 1398 2047 conservato,
1423 2007 1466 2037 ita
1490 2010 1525 2037 ut
1547 2010 1656 2047 pastor
1673 2006 1816 2037 eiusdem

160 2065 268 2102 sancte
289 2062 498 2092 Bituricensis
522 2061 668 2101 ecclesie,
693 2064 798 2091 rector
822 2065 854 2091 et
877 2061 1010 2090 antistes
1034 2070 1075 2090 ex
1099 2059 1159 2090 hoc
1184 2069 1296 2090 revera
1320 2058 1445 2098 dicaris,
1469 2058 1618 2089 habearis
1642 2062 1674 2088 et
1690 2058 1815 2089 Christo

160 2114 298 2154 propitio
316 2113 500 2154 percolaris,
526 2123 574 2152 ea,
600 2123 660 2153 que
677 2112 739 2143 Dei
764 2116 846 2151 sunt,
870 2112 988 2153 iugiter
1004 2121 1103 2152 agens
1128 2114 1159 2142 et
1182 2111 1313 2141 utilitati
1329 2111 1546 2151 proximorum
1571 2121 1698 2150 semper
1714 2111 1814 2141 inten—

161 2165 249 2196 dens.
302 2165 364 2201 Qui
396 2175 472 2195 vero
504 2167 615 2201 contra
645 2164 738 2194 huius
768 2164 962 2204 apostolicim
993 2163 1153 2204 privilegii
1182 2162 1281 2193 nostri
1309 2165 1476 2199 statutum,
1510 2162 1595 2202 quod
1626 2162 1815 2192 necessitate

161 2216 329 2248 barbarica
354 2220 387 2247 et
411 2216 648 2257 dispensatione
667 2218 802 2256 cogente
821 2215 882 2245 loci
907 2218 939 2245 et
962 2215 1125 2255 temporis,
1150 2214 1299 2255 exemplo
1324 2213 1421 2244 etiam
1444 2213 1601 2244 maiorum
1618 2213 1815 2253 protulimus,

160 2279 258 2310 agere
287 2268 370 2299 forte
401 2268 623 2309 temptaverit,
655 2267 769 2298 divinis
791 2267 941 2298 misteriis
965 2266 1074 2297 tandiu
1102 2267 1258 2306 privetur,
1288 2265 1438 2307 quamdiu
1470 2265 1599 2295 minime
1629 2264 1816 2305 resipiscens

162 2319 339 2361 apostolico
364 2322 518 2361 precepto
544 2330 602 2360 per
625 2319 741 2350 frustra
764 2319 917 2350 manserit
940 2318 1138 2358 inobediens.

263 2386 377 2410 DATAn
396 2386 441 2410 UT
462 2386 600 2410 SUPRAn.

265 2570 306 2596 38,
335 2571 358 2603 ³)
377 2580 425 2596 om.
444 2571 476 2596 R.
569 2570 592 2603 b)
612 2580 691 2603 supra
711 2571 806 2596 lineam
824 2570 886 2595 add.
907 2569 937 2594 R.
1032 2569 1054 2600 c)
1074 2569 1224 2593 consulibus
1244 2568 1275 2594 H,
1373 2565 1398 2599 (¹)
1418 2568 1572 2597 frequentes,
1591 2571 1644 2590 -tes
1663 2566 1688 2589 in
1707 2574 1758 2589 ras.
1779 2565 1814 2588 al.

161 2622 229 2639 man.
243 2614 274 2638 R.
329 2614 351 2645 θ)
371 2623 436 2646 -que
454 2615 481 2639 in
499 2623 552 2639 ras.
566 2615 601 2639 al.
614 2623 683 2639 man.
703 2614 734 2639 R.
815 2612 834 2644 f)
854 2614 904 2638 -tio
924 2622 990 2637 corr.
1004 2621 1034 2636 ea:
1052 2616 1092 2636 -to
1111 2612 1146 2636 al.
1160 2620 1229 2636 man.
1248 2610 1280 2634 R.
1361 2610 1385 2640 Η)
1404 2618 1471 2642 -que
1490 2609 1552 2633 add.
1571 2617 1650 2639 supra
1670 2608 1762 2632 lineum
1784 2608 1812 2630 lt,

162 2656 186 2687 ¹¹)
205 2666 272 2682 corr.
295 2666 325 2681 ea:
348 2658 433 2683 vicare
456 2658 490 2682 al.
510 2666 580 2682 man.
599 2657 631 2682 R.
724 2655 742 2688 i)
761 2657 857 2682 decime
880 2657 912 2681 R.
1004 2654 1029 2686 ιζ)
1049 2664 1077 2680 -o
1105 2663 1171 2679 corr.
1191 2663 1221 2679 en:
1246 2662 1277 2678 -a
1296 2653 1326 2678 R.
1421 2652 1439 2683 l)
1460 2657 1488 2677 ut
1510 2652 1539 2677 R.
1640 2652 1670 2681 ιιι)
1693 2659 1759 2675 corr.
1784 2658 1814 2673 ω·

118 2707 145 2726 40
164 2701 294 2733 apostalici
314 2700 344 2724 B.
432 2699 457 2732 ¹³)
476 2701 542 2725 Data
560 2704 606 2725 etc.
625 2701 676 2725 iud.
691 2701 720 2725 X.
740 2700 873 2724 Editiones
890 2704 994 2731 praeter
1013 2698 1167 2723 Romanam.

267 2781 291 2814 1)
312 2781 418 2807 Certum
436 2784 540 2814 tempus
563 2781 625 2806 huic
645 2781 786 2813 privileyio
805 2779 942 2813 assimzurz'
961 2778 1064 2811 aequin
1088 2781 1136 2803 aut
1156 2777 1225 2803 euim
1247 2785 1303 2802 mm
1328 2785 1386 2802 cunr
1405 2776 1467 2800 aliis
1489 2774 1524 2799 ml
1541 2774 1648 2799 candem
1673 2782 1725 2799 rem
1743 2781 1813 2805 sprc-

163 2824 282 2850 mutibus
300 2824 415 2857 epistolis
433 2832 460 2850 η.
471 2828 493 2855 9,
507 2827 543 2855 13,
559 2828 597 2855 14,
616 2827 665 2849 aztt
685 2823 843 2856 quibusdam
862 2822 993 2848 mensibus
1009 2823 1078 2853 post,
1098 2821 1120 2846 si
1140 2820 1231 2846 seriem
1249 2819 1355 2853 reyistri
1373 2819 1401 2843 iu
1422 2818 1469 2843 hoe
1488 2817 1559 2850 sequi
1577 2817 1641 2848 licat,
1660 2815 1769 2849 prodiit,
