2189 3042
161 908 185 927 10

157 1183 182 1201 15

157 1448 182 1467 20

157 1705 181 1725 25

157 1963 182 1982 30

157 2221 181 2241 35

711 149 894 178 STEPHANI
907 151 939 179 V.
959 151 1077 178 PAPAE
1096 152 1295 180 EPISTOLAE
1308 152 1331 180 3.
1345 154 1369 180 4.
1803 158 1866 188 363

214 246 278 266 non
308 236 410 267 minor
441 239 509 267 erat
540 236 724 268 lamentatio
750 237 789 268 de
820 241 863 270 te.
911 238 1115 280 Quapropter
1139 241 1355 272 necessarium
1386 251 1455 272 esse
1482 242 1639 277 duximus„
1672 245 1706 272 ut
1736 243 1868 273 remotis

215 288 535 328 tergiversationibus
559 290 702 320 veritatis
726 289 965 321 elucubratione
989 290 1217 323 adminiculum
1241 293 1298 323 tibi
1322 304 1340 323 a
1363 293 1454 323 nobis
1478 293 1682 334 impendatur
1703 297 1801 335 atque
1827 294 1867 325 ab

216 340 393 380 apostolica
417 340 494 371 sede
525 340 726 381 suffragetur,
756 351 795 372 ne
819 342 851 372 in
877 343 974 373 totius
999 342 1155 374 ecclesiae
1184 344 1459 384 perturbationem
1489 345 1570 376 haec
1600 345 1768 386 impudens
1791 356 1867 386 pro-

216 391 311 422 cedat
335 392 468 422 inteutio
493 394 526 422 et
549 403 598 431 ea,
623 403 705 433 quae
734 403 753 423 a
781 394 898 424 sanctis
928 393 1230 434 praedecessoribus
1259 396 1375 426 nostris
1400 396 1519 428 dudum
1543 396 1705 437 prohibita
1728 396 1865 436 fuerant,

217 442 321 474 denuo
361 444 560 474 reviviscant.
607 443 727 475 Abbati
762 455 837 475 vero
876 445 998 476 litteras
1032 446 1096 476 suis
1130 447 1361 487 respondentes
1395 449 1459 478 iam
1498 449 1678 479 remisimus
1716 449 1748 478 in
1787 448 1867 479 haec

214 494 334 526 verba²
351 519 357 526 .
376 519 382 526 .
401 519 407 525 .
427 521 432 526 .

1025 654 1054 683 4.

322 718 503 757 Stephanus
526 717 558 749 V.
583 727 673 758 papa
702 718 829 750 ecclesia
862 718 1039 750 Coloniensi
1069 730 1089 751 a
1118 720 1315 752 Normannis
1343 723 1469 753 vastata
1496 723 1641 761 precibus
1673 722 1867 753 Hei-iinanni

215 769 408 802 Coloniensis
419 769 643 810 archiepiscopi
657 769 965 810 adnuens-reliquias
980 774 1158 803 sanctornm
1173 772 1269 803 mittit
1284 775 1312 803 et
1321 773 1526 813 privileyimn
1541 784 1562 805 a
1577 774 1679 805 Leone
1689 784 1779 814 papa
1793 774 1863 805 III.

213 821 355 854 ecelesiae
381 821 557 853 Coloniensi
579 821 687 852 datum
709 821 881 862 confirmat.
1609 826 1671 856 891
1695 825 1779 858 Mai.

319 899 394 925 Cod..·
416 899 441 924 T
469 919 476 926 .
489 901 521 924 34
534 898 577 930 (69
591 917 598 924 .

315 950 401 977 13de
421 900 501 976 Fl'iss
521 950 536 976 l.
548 898 604 983 Li»
618 953 667 976 123
684 957 710 975 n.
725 952 765 976 26.
802 949 905 976 Ennen
926 950 986 976 und
1002 950 1113 977 Eekerte
1128 951 1248 984 ‘chellen
1265 959 1315 977 em·
1337 951 1493 979 Geschiehte
1511 953 1558 979 der
1576 952 1655 979 stadt
1675 952 1756 979 Ko'ln'
1776 953 1864 987 (1860)

212 995 235 1026 1,
248 998 296 1021 456
313 1002 340 1019 n.
356 997 376 1020 7.
396 1008 428 1012 —
451 993 528 1026 Rea:
546 992 621 1024 Jaffaei
637 996 712 1019 3469.

210 1090 411 1115 STEPHANUS
429 1090 611 1114 EPISCOPUS
630 1089 757 1114 SERVUS
776 1088 957 1114 SERVORUM
976 1090 1034 1114 Dni
1054 1091 1350 1116 REVERENTISSIMO
1368 1092 1412 1116 ΕΤ
1431 1092 1656 1117 SANCTISSIMO
1670 1092 1865 1117 CONFRATRI

210 1133 343 1159 NOSTRO
355 1132 561 1157 HERlMANNO
574 1132 729 1157 SANCTAE
747 1132 967 1158 COLONIENSIS
986 1133 1170 1158 ECCLESIAE
1183 1134 1468 1160 ARCHIEPISCOPOl
1482 1135 1526 1159 ΕΤ
1544 1136 1610 1159 PER
1628 1136 1673 1159 TE
1691 1135 1726 1160 IN
1740 1135 1861 1159 EADEM

704 1175 868 1201 ECCLESIA
886 1176 1094 1201 VENERABILI
1113 1177 1372 1203 IMPERPETUUM.

323 1231 442 1262 Divina
464 1241 522 1262 nos
545 1230 754 1261 saluberrima
776 1233 951 1272 praecepta
976 1233 1008 1262 et
1031 1235 1213 1263 sanctorum
1237 1242 1394 1263 canonum
1418 1243 1455 1263 ac
1479 1232 1711 1264 venerabilium
1735 1235 1863 1274 patrum

209 1284 370 1314 instruunt
394 1282 567 1314 efficaciter
583 1282 776 1313 documenta
797 1283 937 1313 omnium
955 1283 1162 1314 ecclesiarum
1179 1284 1240 1315 Dei
1258 1285 1310 1324 pio
1328 1284 1591 1315 considerationis
1615 1285 1739 1325 intuitu,
1763 1286 1861 1315 immo

210 1339 243 1366 et
273 1334 489 1375 apostolicae³
518 1333 747 1364 moderationis
778 1334 890 1364 annisu
917 1334 1063 1365 utilitatis
1093 1335 1356 1367 commoditatem
1384 1339 1480 1377 atque
1512 1336 1702 1367 infirmitatis
1730 1337 1862 1377 integri-

209 1390 311 1417 tatem
335 1385 488 1425 stabifire,
513 1389 670 1426 quatenus
692 1388 862 1425 procurata
886 1396 996 1416 earum
1020 1386 1194 1417 utilitatum
1218 1387 1370 1427 subsidia,
1394 1392 1429 1418 ut
1446 1387 1551 1418 divino
1576 1388 1675 1419 cultui
1692 1387 1861 1419 dedicatae

211 1439 361 1477 existunt,
386 1438 571 1468 inconcusse
600 1439 812 1477 permaneant
842 1439 938 1477 atque
968 1437 1000 1467 in
1022 1437 1085 1468 Dei
1115 1437 1263 1469 laudibus
1288 1438 1464 1470 diutissime
1489 1439 1709 1481 persolvendis
1732 1440 1862 1470 valeant

208 1489 396 1531 proficere¹³‚
421 1489 495 1530 quia
524 1488 668 1528 profecto
701 1488 871 1528 pastoralis
897 1489 979 1519 inter
1010 1492 1118 1519 cetera
1149 1500 1310 1530 congruae
1341 1492 1536 1531 operationis
1567 1492 1755 1531 certamina⁷
1780 1502 1862 1532 quae

207 1542 429 1573 indeficienter
451 1540 615 1570 studemus
642 1550 823 1580 procurare,
854 1539 915 1570 hoc
946 1540 1056 1581 procul
1081 1540 1177 1571 dubio
1209 1541 1379 1572 commissa
1409 1542 1588 1573 sollicitudo
1622 1554 1678 1573 nos
1708 1546 1863 1583 provocat

208 1593 262 1634 pia
285 1591 540 1624 consideratione
568 1591 721 1631 sananim,
749 1594 784 1622 ut
812 1591 932 1622 nullam
962 1591 1159 1632 indigentiae
1183 1593 1323 1634 inopiam
1355 1604 1577 1635 quaecumque
1608 1594 1755 1634 ecclesia,
1780 1604 1862 1635 quae

209 1645 267 1675 sub
293 1643 469 1685 episcopali
490 1643 647 1684 regimine
672 1643 842 1674 constituta
866 1645 923 1683 est,
948 1654 1076 1685 quoquo
1100 1644 1196 1675 modo
1222 1646 1347 1686 perpeti
1364 1645 1491 1676 debeat.
1528 1646 1569 1676 Et
1591 1645 1665 1677 ideo
1689 1646 1738 1676 fas
1763 1646 1865 1687 exigit

209 1696 443 1738 aequanimiter
465 1705 522 1726 nos
546 1695 792 1736 uniuscuiusque
817 1695 972 1726 ecclesiae
996 1696 1193 1737 privilegiato,
1218 1697 1286 1727 iura
1313 1697 1553 1738 parrochiarum
1578 1709 1615 1729 ac
1640 1698 1807 1729 dioceseos
1832 1702 1865 1729 et

207 1748 474 1779 monasteriorum
499 1745 693 1787 apostolicad
718 1757 852 1777 censura
881 1747 1086 1788 promulgare
1118 1748 1322 1789 possidenda,
1347 1752 1504 1790 quatenus
1535 1753 1567 1781 et
1595 1753 1779 1781 sanctorum
1810 1760 1862 1780 ca-

207 1810 326 1831 nonum
358 1800 502 1830 instituta
534 1798 677 1829 illibatae
705 1801 916 1839 permaneant
949 1802 981 1830 et
1012 1799 1104 1830 nobis
1136 1811 1264 1841 quoque
1295 1801 1375 1831 lucri
1404 1801 1604 1842 potissimum
1636 1802 1815 1842 praemium
1844 1812 1863 1832 a

208 1851 373 1882 conditore
398 1851 540 1881 omnium
563 1850 634 1881 Deo
658 1850 690 1880 in
713 1849 838 1881 sideriis
861 1849 1004 1881 arcibusf
1028 1851 1254 1891 proscribatur.
1301 1852 1403 1893 Igitur
1427 1854 1501 1893 quia
1531 1852 1702 1884 insidiante
1731 1853 1864 1884 humani

210 1903 337 1944 generis
369 1902 497 1932 inimico
530 1901 682 1932 basilicae
716 1906 748 1932 et
778 1912 888 1932 omnes
919 1902 1059 1933 fabricae
1084 1902 1250 1934 domorum
1277 1903 1515 1935 Ooloniensium
1540 1905 1677 1935 civitatis
1705 1916 1767 1935 una
1791 1915 1863 1936 cum

210 1954 342 1985 nomina
359 1953 544 1994 praedictae
569 1952 725 1983 ecclesiae
749 1953 822 1994 igne
848 1954 1033 1984 combustae
1054 1955 1217 1994 perierunt
1227 1955 1248 1996 ²,
1274 1957 1423 1987 convenit
1447 1956 1628 1987 fraternitas
1645 1959 1699 1987 tua
1722 1967 1780 1986 nos
1802 1957 1862 1987 im-

209 2007 364 2047 plorasse,
388 2008 423 2035 ut
446 2005 597 2046 reliquias
621 2008 750 2035 sanctae
773 2004 835 2035 Dei
858 2005 1020 2046 genitricis
1049 2016 1241 2048 semperque
1267 2008 1395 2049 virginis
1412 2008 1534 2038 Mariae
1560 2008 1709 2039 dominae
1734 2011 1862 2039 nostrae

211 2060 243 2088 et
268 2059 449 2087 sanctorum
474 2055 504 2087 ei
526 2056 652 2086 mittere
678 2055 879 2096 deberemus,
905 2060 1062 2097 quatenus
1085 2058 1170 2097 urbs,
1196 2069 1278 2099 quae
1310 2070 1368 2100 per
1393 2060 1511 2090 diaboli
1541 2060 1671 2091 insidias
1695 2060 1768 2101 igne
1793 2071 1862 2092 cre-

210 2112 299 2140 mata
324 2110 381 2148 est,
405 2107 582 2148 patrocinia
606 2110 787 2138 sanctorum
811 2111 973 2139 mereatur
1003 2110 1155 2151 consequi
1187 2114 1283 2152 atque
1313 2115 1348 2142 ut
1376 2112 1543 2152 praefatae
1575 2112 1731 2142 ecclesiae
1762 2112 1863 2143 sancti

208 2159 299 2190 Petri
331 2159 362 2189 in
394 2158 540 2200 praefato
572 2159 643 2189 loco
677 2159 866 2190 constitutae
899 2161 1094 2200 apostolicae
1134 2163 1333 2193 auctoritatis
1366 2163 1569 2204 privilegium
1601 2164 1797 2194 muniremus
1831 2167 1864 2194 et

210 2211 317 2242 omnia
340 2210 369 2241 ei
392 2211 474 2241 iuste
499 2210 690 2250 pertinentia
710 2211 844 2250 perenni
865 2211 934 2242 iure
958 2211 1078 2243 ibidem
1102 2213 1332 2245 inviolabiliter
1348 2215 1567 2255 permanenda
1591 2215 1862 2246 confirmaremus.

209 2262 405 2293 Petitionem
429 2272 505 2302 ergo
530 2261 708 2292 dilectionis
731 2265 805 2293 tuae
830 2262 904 2293 boni
929 2264 1034 2303 operis
1059 2264 1255 2296 desiderium
1279 2266 1457 2306 gaudentes
1482 2277 1623 2307 congrua
1646 2267 1861 2307 gratulatione

210 2314 410 2354 suscepimus
434 2316 531 2354 atque
554 2313 644 2344 iuxta
667 2313 875 2345 fraternitatis
898 2317 972 2345 tuae
998 2316 1186 2356 petitionem
1214 2321 1395 2348 sanctorum
1425 2318 1559 2359 pignora
1587 2318 1762 2349 secundum
1787 2328 1862 2349 con-

312 2461 336 2492 a)
356 2461 408 2485 Ηῐε
426 2462 527 2493 explicit
549 2461 577 2486 O.

313 2511 337 2537 4.
366 2513 389 2543 a)
408 2511 494 2545 apiica
511 2513 538 2538 T.
643 2512 668 2544 b)
687 2514 845 2545 proficiscere
863 2514 891 2539 T.
997 2515 1019 2546 ο)
1039 2516 1168 2548 priuilegii
1191 2516 1218 2542 T.
1325 2515 1349 2549 d)
1368 2518 1507 2550 apostolice
1533 2518 1560 2542 T.
1667 2516 1689 2547 Ε)
1710 2517 1810 2541 inlibita
1835 2516 1861 2541 T.

209 2553 229 2587 ¹)
248 2556 348 2581 artibus
368 2556 394 2581 T.

314 2632 339 2663 l)
363 2631 404 2665 Of.
423 2639 510 2665 supra
529 2639 557 2664 p.
578 2635 630 2658 358
654 2640 719 2659 ann.
740 2636 763 2659 3.
890 2634 915 2666 2)
936 2633 1074 2660 Diimmler
1091 2635 1259 2661 ‘Geseliiclite
1282 2635 1328 2661 des
1351 2636 1488 2670 Ostfrc'ink.
1503 2634 1640 2662 Reicltes’2'
1659 2634 1717 2667 III,
1737 2638 1788 2661 404
1812 2635 1861 2660 hoc

209 2674 263 2700 loco
284 2674 489 2700 devastationem
507 2675 583 2700 illam
598 2674 806 2706 famosissimam
818 2684 843 2702 a.
854 2676 933 2710 881s2
951 2685 968 2701 a
983 2676 1148 2704 Normannis
1163 2681 1300 2711 peractam
1319 2679 1414 2712 respici
1433 2681 1519 2705 censet
1525 2688 1534 2711 ;
1553 2686 1582 2704 co
1598 2678 1682 2710 melfis
1693 2677 1861 2703 animadver-

208 2716 322 2743 tendum
346 2719 383 2743 est
404 2725 504 2750 papam
529 2718 731 2744 translationem
753 2719 932 2752 reliquiasrmn
956 2722 1120 2753 sanctarum,
1144 2722 1265 2754 quamvis
1289 2722 1384 2747 iterum
1412 2722 1562 2754 ampetitam,
1586 2721 1664 2746 etiam
1685 2724 1736 2746 890
1759 2720 1816 2747 Okt.
1830 2723 1861 2746 31

208 2761 373 2793 recusavisse,
394 2760 428 2791 cf.
440 2768 526 2794 snpra
539 2769 568 2794 p.
583 2765 631 2788 359
650 2762 666 2788 l.
681 2765 754 2795 9sqq.

1608 2814 1658 2840 46²⁸
