2189 3042
587 167 813 194 FRAGMENTA
833 168 1001 195 REGISTRI
1025 168 1202 196 IOHANNIS
1223 169 1296 195 VIII.
1316 169 1435 196 PAPAE
1458 169 1575 197 30—32.
1842 173 1899 203 291

256 253 453 294 querimonis
477 254 570 286 huius
595 255 765 295 obiectum,
790 255 911 286 altera³
927 265 1014 295 vero,
1039 256 1113 297 quia
1136 255 1211 287 fidei
1235 258 1288 287 tue
1313 257 1464 297 paginam
1488 256 1591 287 minus
1616 267 1712 297 quam
1737 258 1904 298 oporteatb

256 306 419 336 continere
444 306 678 347 cognovimusc,
707 316 779 337 cum
802 306 954 337 videlicet
977 307 1096 338 nullam
1124 308 1155 338 in
1181 317 1220 338 ea
1242 311 1424 338 sanctarum
1447 308 1674 339 universalium
1699 309 1903 350 synodorum,

255 356 287 386 in
315 356 430 397 quibus
458 357 534 388 fidei
564 356 692 397 nostred
721 357 890 388 simbolum
921 359 1111 399 continetur,
1141 369 1200 390 1160
1231 359 1441 390 decretalium
1470 360 1654 400 pontificum
1684 359 1903 392 Romanorum

256 408 500 438 constItutorum
524 408 698 439 secundum
721 419 843 439 morem
868 408 982 440 feceris
1006 411 1215 449 mentionem,
1240 410 1296 441 sed
1320 420 1379 442 1160
1402 410 1491 441 illam
1515 411 1644 452 propria
1668 411 1904 453 subscripcione

222 469 233 487 5
254 458 444 489 muniverise
468 469 541 499 nec,
574 458 660 500 quod
689 458 846 500 aliquemf
868 459 949 490 hanc
977 460 1203 491 iureiurando&
1230 461 1440 492 firmandamh
1469 462 1616 502 miserisi,
1647 463 1793 503 penitusk
1821 464 1903 494 indi-

255 509 407 540 caverisk.

1056 607 1105 637 31.

361 654 521 685 Iohannes
541 654 634 686 VIII.
653 665 743 694 papa
760 654 918 687 Ludovieo
934 657 1012 697 (II.)
1031 657 1211 695 imperatori
1232 657 1341 688 scribit
1364 657 1401 688 de
1420 658 1608 697 quibusdam
1625 658 1789 690 Romame
1812 660 1902 691 eccle-

253 705 319 737 siae
336 706 596 745 possessionibus,
619 716 700 745 quas
716 706 887 738 Ravennas
902 707 1155 747 archiepiscopus
1178 708 1245 738 iuri
1267 718 1345 740 suae
1370 708 1513 740 eeclesiae
1535 720 1599 741 non
1622 713 1700 741 recte
1715 711 1902 743 vindicabat.

1768 758 1785 779 9

211 811 235 830 10
359 798 421 825 Coll.
435 806 509 825 cam:
538 798 565 824 Β
583 798 625 825 lib.
639 799 693 824 III
706 807 727 825 e.
744 802 791 826 143
809 801 880 833 (122)
900 800 950 833 (ecl.
964 800 1129 827 Martinucci
1146 809 1172 834 p.
1188 804 1251 833 297;
1276 800 1390 833 Wolfv.
1406 801 1527 828 Glam-elz
1540 811 1568 835 p.
1582 757 1652 835 ῗῖἰῗ
1674 757 1747 789 Ilm·
1764 759 1816 791 *9-

356 845 440 872 Echi..-
468 846 567 871 Baluze
580 846 751 872 Miseellanea
764 846 784 872 Ι
789 849 798 863 ²
811 847 898 880 (1706)
914 856 942 880 p.
955 851 1005 874 402
1021 855 1052 873 ex
1066 847 1092 873 Β
1111 847 1178 881 (cod.
1192 847 1281 874 Paris.
1295 848 1340 874 lat.
1355 852 1419 874 1458
1438 848 1514 881 [olim
1528 848 1636 876 Colbert.
1649 854 1680 876 25
1686 851 1739 884 76])
1759 863 1790 872 =
1811 852 1904 878 Mansi

255 888 334 915 Cone.
348 888 405 915 coll.
421 888 523 920 XVII,
538 892 587 914 244
607 900 639 910 =
659 888 752 922 Miyne
769 889 844 915 Patr.
859 890 902 915 lat.
918 889 1054 922 CXXVI,
1068 893 1114 916 653
1131 898 1157 916 n.
1170 893 1193 917 3.
1214 905 1245 908 —
1266 890 1344 923 Rev..-
1363 890 1436 921 Jaffc
1456 891 1518 925 Rey.
1529 895 1595 918 2989
1608 894 1703 926 (2245).
1734 894 1904 920 Mz'ehlbaeher

253 932 330 966 Reyst
343 935 406 958 1261
422 931 514 964 (1226)
523 930 548 958 d.
584 931 661 957 Kehr
679 932 761 957 Italia
777 933 918 965 pontificia
942 933 970 965 V,
985 936 1018 959 42
1036 941 1063 959 n.
1077 937 1131 959 115.

635 1001 807 1026 IOHANNES
830 1002 1012 1027 EPISCOPUS
1035 1002 1260 1027 HLUDOUUICO
1283 1003 1521 1028 IMPERATORF.

210 1068 233 1086 ιε,
360 1052 465 1083 Inter
493 1055 631 1092 cetera.
677 1051 761 1083 Nam
792 1053 1022 1084 monasterium
1050 1055 1158 1093 sancte
1186 1052 1287 1093 Mai-ie
1317 1053 1349 1083 in
1374 1053 1566 1084 Comacloffl
1595 1055 1680 1095 quod
1708 1056 1903 1097 Pomposia³

251 1104 367 1135 dicitur
397 1108 430 1135 et
458 1104 687 1135 monasterium
710 1105 810 1135 sancti
834 1104 1008 1135 Salvatoris
1029 1105 1061 1134 in
1083 1103 1193 1135 Monte
1217 1104 1367 1135 Feretri4
1391 1103 1541 1146 aliudque
1566 1107 1794 1137 monasterium
1818 1107 1903 1148 quod

251 1159 383 1187 vocatur
406 1158 515 1186 sancto
531 1155 660 1186 Probob
676 1158 774 1197 atque
798 1155 928 1186 colonos
948 1157 980 1186 in
999 1156 1159 1187 territorio
1175 1155 1381 1187 Ferrariense
1407 1159 1439 1187 et
1454 1156 1634 1188 Adriense⁵
1652 1161 1684 1189 et
1705 1158 1903 1189 Gallicataffi

252 1211 284 1238 et
306 1207 558 1238 Faventillam⁰⁷
582 1206 763 1238 Ravennati
791 1207 1054 1248 archiepiscoposs
1078 1218 1140 1238 non
1170 1207 1373 1247 abstulimus,
1404 1211 1454 1238 set
1482 1218 1521 1239 ea
1548 1209 1742 1240 monasteria
1772 1213 1805 1241 et
1833 1210 1904 1241 loca

251 1259 292 1290 ab
317 1258 572 1290 antecessoribus
595 1259 710 1289 nostris
733 1269 881 1299 possessa
904 1259 1103 1299 reperientes
1124 1258 1325 1299 possedimus
1342 1258 1561 1300 hactenusque
1585 1260 1652 1291 iure
1673 1261 1802 1301 proprio
1826 1262 1902 1292 reti—

207 1323 232 1342 20
251 1320 373 1342 nemus.
420 1310 495 1340 Alia
518 1320 646 1351 quoque
669 1310 740 1341 loca
764 1313 797 1341 et
816 1310 907 1341 villas
931 1313 963 1341 et
985 1310 1108 1351 predia,
1133 1310 1173 1341 de
1191 1304 1304 1350 quibus
1328 1310 1469 1351 aliquam
1493 1311 1689 1342 functionem
1712 1322 1770 1352 per
1785 1312 1815 1343 D
1838 1313 1902 1343 iam

251 1372 350 1393 annos
375 1361 511 1401 ecclesia
533 1361 704 1392 Ravennas
727 1362 865 1402 recepit,
889 1361 1051 1402 volumus,
1075 1365 1111 1392 ut
1133 1362 1299 1402 pristinam
1323 1361 1520 1393 functionem
1544 1366 1577 1394 et
1601 1363 1763 1394 dationem
1788 1363 1902 1394 eadem

252 1413 387 1454 ecclesia
412 1412 564 1453 deinceps
586 1413 731 1453 recipiat.
776 1413 818 1443 Et
841 1413 915 1454 quia
940 1412 1045 1444 eidem
1071 1413 1225 1453 ecclesiae
1250 1413 1315 1444 alia
1336 1413 1408 1444 loca
1431 1423 1490 1444 nec
1515 1414 1643 1445 tulimus
1666 1425 1725 1446 nec
1754 1416 1902 1456 occupari

251 1465 395 1504 fecimus,
418 1464 551 1505 habeat,
576 1475 637 1506 que
661 1464 816 1496 hactenus
839 1464 965 1504 habuit,
989 1464 1112 1506 absque
1136 1464 1288 1505 predictis
1311 1464 1404 1504 locis,
1428 1464 1460 1495 id
1485 1468 1534 1496 est
1557 1465 1717 1497 Gallicata
1742 1470 1773 1497 et
1796 1477 1902 1497 massa

250 1516 445 1557 Faventilla,
476 1518 509 1547 et
535 1516 657 1557 absque
681 1516 814 1557 prefatis
837 1517 1054 1556 monasteriis,
1079 1525 1244 1557 quousque
1268 1516 1300 1546 in
1323 1517 1486 1556 presentia
1510 1517 1638 1548 nostrad
1662 1521 1695 1549 et
1724 1518 1793 1558 ipsa
1821 1518 1902 1557 loca,

208 1580 232 1600 25
252 1579 313 1610 que
337 1578 393 1599 sua
408 1577 478 1599 esse
494 1569 596 1608 putat,
620 1570 726 1608 nostre
744 1568 850 1608 potius
866 1567 1000 1608 ecclesie
1018 1568 1091 1609 lege
1116 1571 1148 1599 et
1164 1568 1287 1598 ratione
1305 1568 1466 1608 pertinere
1484 1569 1674 1599 omnimodis
1691 1570 1901 1610 cognoscatis

353 1629 434 1653 DAT.
452 1629 510 1652 IIII.
524 1628 708 1653 KALENDAS
730 1629 925 1657 FEBRUARH,
945 1629 1145 1653 INDICTIONE
1164 1629 1220 1654 VII.

359 1790 518 1822 Iohannes
540 1789 635 1822 VIII.
653 1800 744 1829 papa
767 1790 926 1822 Ludovieo
949 1790 1171 1832 (Germanico)
1197 1791 1262 1831 reyi
1290 1791 1399 1822 scribit
1427 1791 1463 1823 (Ie
1494 1792 1682 1823 (auctoritate
1712 1792 1902 1824 decretorum

251 1837 438 1878 apostolicae
460 1837 552 1870 seclis.
1712 1839 1816 1879 (874.)

357 1888 420 1915 Coll.
434 1896 508 1915 can„-
536 1888 562 1914 A
580 1889 601 1922 f.
614 1891 661 1915 128
679 1895 717 1921 ep.
730 1891 770 1915 30.

208 1939 233 1959 80
355 1931 423 1958 Ed.:
451 1931 549 1957 Ewald
567 1931 630 1958 NA.
656 1932 684 1964 V,
700 1934 750 1958 307
767 1940 794 1958 u.
810 1934 843 1958 30
861 1939 893 1958 ex
911 1933 946 1958 A.
967 1946 996 1951 ·—
1017 1931 1207 1963 Jaffe-Ewalcl
1226 1932 1292 1966 Ray.
1307 1935 1384 1959 2990.

942 2009 1136 2043 LUDO[V1CO]
1156 2012 1235 2035 REGI
1244 2011 1262 2035 ⁹.

358 2055 486 2099 [manea
502 2055 679 2088 Grecorum
697 2057 872 2098 imperator
888 2057 1064 2097 apostolice
1081 2057 1166 2088 sedis
1183 2057 1320 2088 decretis
1338 2057 1553 2098 obtemperat,
1577 2057 1621 2087 ita
1645 2059 1679 2087 ut
1703 2059 1735 2087 et
1758 2056 1900 2098 ipsorum

251 2108 503 2149 patriarcharum
527 2107 593 2138 sive
617 2118 725 2139 casum
749 2109 815 2139 sive
840 2111 957 2139 statum
987 2108 1028 2139 ad
1051 2109 1150 2149 ipsius
1173 2109 1335 2140 sentencie
1364 2109 1550 2140 moderetur
1573 2108 1769 2138 intuitumw.
1815 2108 1900 2139 Ecce

251 2159 353 2190 omnis
368 2159 512 2190 fidelium
531 2159 652 2200 ubique
676 2162 764 2199 cetus
779 2159 931 2200 gaudent,
955 2159 981 2190 si
1003 2160 1034 2190 in
1052 2161 1274 2191 controversiis
1297 2160 1417 2201 ubique
1439 2170 1665 2201 nonnunquam
1682 2159 1901 2191 accidentibus

207 2222 232 2241 35
251 2211 320 2242 eius
343 2211 518 2241 meruerint
541 2210 675 2251 adipisci
698 2210 912 2242 decretumst.

356 2330 379 2362 ³)
398 2331 504 2356 alteram
523 2330 556 2356 A.
637 2330 661 2361 b)
680 2334 778 2362 oportet
798 2330 829 2356 G.
911 2331 934 2361 0)
953 2332 1092 2363 reperiuius
1111 2331 1157 2361 Αἱ,
1177 2331 1208 2363 B,
1229 2332 1260 2356 G.
1340 2331 1364 2363 d)
1384 2336 1470 2363 nostre
1489 2332 1547 2357 fidei
1566 2331 1598 2357 B.
1679 2332 1700 2363 e)
1720 2333 1847 2356 munieras
1869 2331 1900 2356 G.

250 2372 269 2405 ¹⁶)
291 2382 338 2399 nec
361 2374 473 2406 aliquem
496 2374 540 2405 qui
564 2373 595 2398 G.
701 2373 725 2405 S)
749 2374 804 2399 iure
827 2374 883 2398 iure
906 2374 1012 2399 iurando
1037 2374 1070 2398 A.
1178 2373 1203 2405 h)
1225 2375 1352 2400 firmanda
1371 2375 1407 2407 B,
1434 2376 1545 2400 firmaret
1565 2375 1595 2400 G.
1700 2373 1718 2405 i)
1743 2375 1847 2399 miseras
1869 2373 1899 2398 G.

250 2415 277 2449 k)
297 2425 345 2442 om.
365 2416 410 2448 ΑΙ,
429 2416 461 2447 Β,
482 2416 513 2441 G.

356 2458 397 2485 31.
425 2459 448 2490 a)
467 2459 594 2484 Comaeho
613 2459 638 2483 B
657 2458 732 2491 (Cod.
744 2459 820 2491 Vna).
909 2459 932 2491 b)
953 2460 1091 2492 presbitero
1105 2459 1139 2489 B;
1159 2461 1242 2485 Probo
1260 2460 1321 2485 Bac.
1410 2459 1433 2493 Θ)
1452 2461 1487 2485 sic
1507 2460 1531 2484 B
1549 2459 1623 2492 (Cocl.
1637 2460 1690 2484 Vat.
1711 2464 1733 2484 ee
1752 2458 1839 2491 Bal.);
1857 2459 1900 2484 sed

209 2508 234 2527 40
254 2502 387 2534 legendum
405 2510 456 2527 esse
474 2502 573 2527 videtur
591 2503 752 2534 Gallicatam,
771 2511 833 2527 ‘nam
851 2503 882 2527 cle
901 2503 1004 2534 integris
1023 2503 1084 2527 locis
1105 2503 1235 2527 Gallicam
1253 2508 1275 2527 et
1293 2502 1450 2535 Faventino,
1471 2512 1523 2528 ‘non
1543 2507 1639 2527 lantum
1659 2502 1689 2527 dc
1708 2503 1803 2527 colonis
1821 2502 1846 2526 in
1866 2501 1900 2526 eis

251 2545 395 2577 degentibus
413 2545 455 2576 aqi
472 2545 580 2576 videtur,
599 2546 633 2577 ef.
653 2545 670 2570 ἰ.
682 2544 763 2577 23124.
851 2544 876 2577 d)
896 2549 981 2570 vestra
1000 2545 1024 2569 B
1042 2543 1056 2577 (
1057 2545 1117 2570 0011.
1126 2545 1206 2576 Vat.);
1224 2550 1311 2571 nostra
1330 2546 1391 2570 Bal.

355 2591 395 2616 32.
424 2592 447 2623 a)
468 2592 553 2617 littera
572 2592 677 2616 initialis
696 2593 763 2617 deest
782 2593 815 2617 A,

355 2651 381 2682 1)
401 2650 444 2676 ΙΙ.
549 2650 576 2684 2)
593 2650 777 2677 “Οονηαο01ιτό.’
881 2651 907 2684 3)
929 2650 965 2677 ‘S.
986 2651 1080 2676 Maria
1101 2651 1130 2676 di
1154 2651 1308 2684 Pomposa',
1336 2654 1370 2684 cf.
1392 2651 1466 2677 Kehr
1489 2650 1574 2676 Italia
1592 2650 1734 2683 pontificia
1757 2649 1786 2681 V,
1807 2653 1853 2675 177
1862 2657 1897 2681 sq.

252 2694 279 2724 4)
301 2693 499 2724 ‘Monteseltre.’
584 2694 610 2726 5)
629 2693 742 2719 ‘Ado-ia?
829 2694 855 2726 6)
874 2693 1018 2719 ‘Galeataf
1106 2694 1132 2726 7)
1149 2693 1297 2719 ‘Fantella’
1313 2701 1395 2726 prope
1416 2693 1570 2725 Gccleatam,
1590 2693 1624 2724 cf.
1645 2692 1717 2718 Kebr
1735 2692 1751 2718 l.
1765 2692 1781 2717 l.
1797 2699 1824 2724 Ρ.
1841 2695 1897 2717 110.

208 2745 233 2764 45
252 2735 279 2768 8)
297 2735 416 2762 Iohanni
437 2735 472 2768 X,
492 2739 623 2762 850-78.
700 2736 725 2768 9)
750 2736 916 2762 Germanico.
994 2736 1034 2768 10)
1054 2735 1099 2761 Ad
1118 2735 1205 2761 Photiz·
1224 2739 1247 2762 et
1265 2736 1370 2769 Ifflzatii
1386 2736 1607 2769 patriarcharum
1626 2743 1735 2761 causam
1754 2734 1801 2767 (cf.
1814 2741 1898 2766 supra

252 2787 278 2806 n.
290 2783 348 2812 207,
358 2787 385 2812 p.
394 2782 440 2804 170
451 2781 542 2804 annot.
554 2779 582 2812 4)
596 2778 710 2805 allzulere
724 2779 830 2805 ridetur.
891 2779 933 2810 11)
950 2778 990 2810 Cf.
1002 2778 1134 2805 W.Sielcel
1147 2779 1175 2804 ι’νι
1186 2779 1363 2806 “Β.Ζει’ί5011ν,
1375 2779 1396 2810 f.
1407 2778 1634 2805 Gescliichtswiss?
1647 2777 1717 2809 XII,
1730 2780 1762 2803 16
1775 2779 1865 2802 annot.
1874 2779 1898 2802 2.

1643 2828 1692 2854 37⁴³
