2189 3042
194 519 205 537 5

184 773 208 791 10

183 1030 206 1048 15

182 1286 207 1304 20

184 1766 209 1785 25

184 2052 209 2071 30

184 2308 209 2327 35

181 2598 208 2617 4⁰

657 195 834 222 IOHANNIS
855 195 928 222 VIII.
949 195 1067 222 PAPAE
1090 195 1287 222 EPISTOLAE
1311 195 1368 222 303.
1387 194 1446 221 304.
1813 198 1874 228 263

700 300 886 324 OPTERAMO
905 300 1087 325 VIENNENSI
1106 300 1402 325 ARCHIEPISCOP01.

334 356 453 387 Relatu
476 355 583 386 veraci
607 354 774 385 didicimus
804 355 1046 386 sanctimoniam
1073 358 1210 386 vestram
1240 355 1270 385 in
1296 354 1496 386 Grenovensia
1524 355 1661 386 ecclesia
1685 356 1873 396 episcopum

227 417 440 447 consecrasse,
459 407 509 437 cui
529 417 586 436 nos
602 406 783 437 necessaria
799 408 980 446 temporum
997 406 1152 447 qualitate
1168 410 1339 447 perspecta
1355 407 1419 437 iam
1435 407 1572 448 primum
1589 407 1712 438 clericis
1730 407 1873 438 eiusdem

227 458 362 499 ecclesie
385 457 631 499 suggerentibus
655 458 845 488 auctoritate
869 458 1046 497 apostolica
1061 458 1300 498 prefeceramus
1324 458 1509 499 episcopum
1533 459 1660 489 nomine
1677 458 1872 499 Aptadum'2.

227 509 297 545 Quo
331 509 440 540 audito
477 508 645 539 audaciam
681 511 713 538 et
747 509 984 538 temeritatemb
1019 512 1158 539 vestram
1193 509 1325 539 nimium
1359 509 1554 541 admirantes
1591 510 1631 540 ob
1665 510 1697 540 id
1732 511 1872 541 maxime

225 560 344 591 turbati
368 570 486 599 sumus,
512 570 550 590 eo
575 559 661 600 quod
683 570 745 590 non
770 559 872 590 solum
897 570 992 600 super
1016 560 1250 591 ordinationem
1274 564 1413 591 nostram
1439 560 1546 591 obices
1570 571 1683 592 manus
1706 561 1872 601 habuistis,

225 612 283 642 sed
317 612 415 643 etiam
451 611 492 642 ad
528 613 745 651 contemptum
775 613 808 641 et
835 611 983 641 iniuriam
1014 611 1098 641 sedis
1130 611 1305 652 apostolice
1337 612 1496 653 prefatum
1524 613 1710 653 episcopum
1739 613 1875 654 turpiter

225 663 389 704 capientes
426 665 496 693 arta
531 662 676 693 custodia
710 663 882 693 retrusistis
917 665 949 693 et
981 662 1076 693 rebus
1111 663 1321 704 omnibusque
1356 663 1608 703 supellectilibus
1639 665 1707 695 eius
1742 664 1874 705 direptis

224 715 380 745 hactenus
404 717 561 744 retrusum
586 713 728 754 affligitis
752 716 784 744 et
808 717 917 744 contra
941 724 1034 745 omne
1058 715 1269 745 ministerium
1292 717 1442 755 vestrum,
1467 715 1550 755 quod
1574 715 1669 746 nullic
1694 715 1873 746 Christiano

226 766 310 805 licet,
335 765 537 796 sacerdotem
554 764 683 795 Domini
709 768 791 796 tetro
817 775 944 796 carcere
969 766 1149 804 maceratis,
1174 776 1236 796 non
1259 765 1416 796 habentes
1439 776 1495 806 pre
1520 766 1619 796 oculis
1635 766 1766 807 scilicet,
1789 767 1874 808 quod

225 817 412 848 sacerdotes
436 816 566 847 Domini
590 826 681 846 sacra
705 815 869 857 Scriptura
893 816 1064 857 aliquando
1090 816 1181 856 deos,
1212 816 1384 857 aliquando
1414 817 1547 858 angelos
1575 818 1731 858 nominet,
1761 822 1793 849 et
1821 818 1874 859 qui

227 879 282 900 eos
306 868 423 910 tangit,
454 870 567 909 tangat
590 867 746 908 pupillam
771 868 851 898 oculi
874 868 1013 898 Domini.
1061 868 1266 908 Quapropter
1290 869 1480 899 auctoritate
1504 868 1566 899 Dei
1591 870 1819 909 omnipotentis
1842 872 1874 900 et

224 920 405 962 principum
430 919 649 960 apostolorum
667 918 755 950 Petri
780 922 812 949 et
827 919 921 950 Pauli
945 919 1102 960 simulque
1127 922 1235 949 nostra
1258 919 1349 949 vobis
1372 920 1576 960 precipimus,
1599 923 1634 950 ut
1658 924 1791 961 accepta
1813 921 1873 951 hac

225 975 334 1003 nostra
358 971 496 1012 epistola
520 974 575 1001 aut
599 971 826 1012 quoquomodo
850 974 961 1001 tenore
986 970 1069 1001 illius
1094 970 1218 1010 audito,
1249 971 1274 1000 si
1302 971 1384 1001 intra
1409 974 1480 1001 octo
1508 971 1631 1001 dierum
1660 973 1764 1012 spatia
1793 972 1873 1002 iam-

227 1023 347 1054 dictum
383 1024 570 1064 episcopum
605 1022 734 1063 proprie
769 1022 837 1062 sedi
872 1023 1066 1063 proprioque
1102 1022 1214 1052 honori
1249 1025 1281 1052 et
1305 1021 1452 1063 dignitati
1476 1022 1612 1053 reddere
1640 1024 1873 1064 restituereque

226 1075 493 1116 contempseritis,
519 1085 537 1105 a
561 1084 694 1114 corpore
720 1076 752 1104 et
775 1075 929 1115 sanguine
954 1073 1074 1104 domini
1098 1074 1197 1104 nostri
1221 1073 1295 1104 Iesu
1319 1073 1437 1104 Christi
1461 1084 1531 1104 cum
1556 1074 1701 1104 omnibus
1725 1074 1814 1105 vobis
1843 1075 1874 1104 in

225 1126 286 1157 hoc
310 1126 417 1157 factod
441 1126 621 1157 faventibus
645 1126 711 1156 sitis
735 1135 864 1166 prorsus
888 1128 1043 1164 extorres,
1068 1134 1233 1165 quousque
1258 1125 1347 1155 iuxta
1371 1124 1451 1155 hanc
1476 1128 1617 1155 nostram
1634 1126 1875 1167 dispositionem

225 1178 381 1219 perficere
407 1178 616 1219 sategeritisv.
663 1177 704 1208 Et
728 1178 803 1218 quia
831 1177 894 1208 alia
918 1177 1018 1208 multa
1041 1177 1130 1207 vobis
1154 1187 1173 1207 a
1198 1177 1388 1218 quibusdam
1417 1177 1608 1218 obiciuntur,
1639 1188 1700 1218 que
1729 1177 1874 1219 synodali

226 1229 421 1260 discussione
446 1231 518 1260 sunt
542 1228 747 1270 corrigenda,
777 1228 993 1268 decernimus,
1018 1231 1052 1259 ut
1075 1229 1161 1259 omni
1186 1229 1392 1259 excusatione
1416 1231 1541 1259 remota
1565 1229 1696 1259 octavos
1719 1229 1875 1260 kalendas

227 1279 376 1311 Octobris
400 1279 504 1320 future
526 1281 628 1321 prime
652 1279 856 1310 indictionis3
872 1279 1010 1311 Romam
1035 1279 1076 1310 ad
1100 1280 1255 1320 synodum
1280 1290 1446 1311 occurrere
1470 1291 1533 1311 non
1557 1281 1718 1317 omittatis,
1743 1283 1777 1311 ut
1800 1283 1874 1311 tunc

226 1335 259 1363 et
294 1332 334 1363 de
363 1331 453 1362 vobis
484 1332 637 1362 obiectisg
665 1332 821 1362 rationem
851 1331 993 1362 reddatis
1028 1334 1074 1371 et,
1110 1332 1135 1361 si
1163 1331 1316 1362 adversus
1351 1331 1488 1362 eundem
1517 1333 1703 1373 episcopum
1737 1342 1755 1362 a
1784 1331 1874 1362 nobis

227 1387 449 1414 consecratum
485 1383 626 1424 aliquam
658 1383 888 1423 querimoniam
918 1382 1058 1421 habetis,
1089 1382 1246 1413 kanonico
1274 1382 1453 1422 valeamus,
1483 1383 1634 1424 quicquid
1664 1383 1742 1414 illud
1770 1382 1873 1419 fuerit,

225 1435 297 1466 Deo
334 1437 463 1466 iuvante
497 1435 666 1466 libramine
700 1434 851 1471 diffinire;
887 1434 948 1464 hoc
982 1437 1091 1465 autem
1125 1434 1276 1474 scientes,
1306 1434 1393 1475 quia,
1425 1435 1451 1464 si
1486 1435 1527 1465 ad
1555 1435 1690 1465 eandem
1718 1434 1874 1475 synodum

226 1488 352 1528 prefato
377 1490 522 1528 tempore
547 1486 654 1517 venire
679 1485 850 1525 distuleris,
874 1485 1031 1526 kanonice
1056 1486 1087 1516 in
1111 1496 1167 1516 vos
1191 1485 1379 1516 censuramh
1403 1487 1561 1526 sententie
1586 1486 1794 1527 proferemus.

1015 1684 1085 1714 304.

336 1748 496 1780 Iohannes
523 1747 621 1778 VIII.
649 1757 736 1786 papa
765 1747 902 1786 (Karoto
925 1747 995 1778 III.
1024 1747 1222 1787 imperatori)
1250 1748 1407 1786 queritur,
1440 1747 1524 1786 quod
1554 1746 1646 1793 [Victo
1669 1748 1718 1778 II.
1749 1750 1777 1778 et
1807 1748 1875 1780 ΙΙΙ.

226 1800 421 1832 marchiones
437 1799 650 1838 possessiones
671 1809 696 1829 s.
714 1798 804 1829 Petri
826 1799 861 1829 in
884 1798 1052 1838 Pentapoli
1073 1799 1154 1829 sitas
1175 1809 1238 1829 non
1261 1799 1467 1830 restituerint.
1549 1798 1627 1838 (882
1650 1799 1789 1838 Mai-ast

337 1867 412 1894 emt:
442 1867 468 1893 R
485 1869 507 1900 f.
521 1870 566 1893 118
583 1875 609 1892 n.
622 1869 678 1893 306.

330 1918 415 1945 Edd.:
443 1918 539 1944 Editio
552 1918 676 1944 Romana
689 1917 774 1951 (1591)
788 1918 844 1950 III,
857 1921 906 1944 504
924 1926 951 1944 n.
962 1920 1018 1943 ⁶293.
1049 1917 1144 1943 Mansi
1163 1916 1239 1943 Cone.
1251 1917 1308 1943 coll.
1324 1917 1421 1949 XVII,
1435 1920 1481 1943 214
1500 1920 1594 1943 21293.
1626 1917 1722 1950 Miqne
1738 1917 1815 1943 Patr.
1829 1917 1874 1943 lat.

228 1962 366 1994 CXXVI,
388 1964 437 1988 948
454 1969 481 1987 u.
496 1964 553 1987 354.
573 1976 606 1979 —
625 1960 698 1992 Jaffe}
716 1960 781 1995 Rey.
797 1963 864 1987 3377
880 1960 978 1994 (2601).

336 2039 417 2071 Cum
449 2042 481 2069 et
511 2041 607 2069 antea
630 2041 814 2079 susceptum
843 2039 1013 2079 imperium
1044 2041 1077 2069 et
1103 2040 1176 2079 post
1208 2038 1375 2079 augustale
1409 2041 1569 2078 sceptrum
1600 2047 1658 2078 per
1688 2037 1874 2068 humilitatis

225 2091 353 2131 nosti-eb
381 2091 592 2121 ministerium
626 2089 717 2120 vobis
746 2089 896 2120 divinitus
926 2089 1123 2120 adtributum
1153 2100 1211 2120 nos
1243 2089 1373 2130 quidem
1402 2089 1586 2120 multotiens
1618 2099 1674 2129 pro
1701 2089 1874 2119 innumeris

225 2141 471 2174 necessitatibus
495 2144 527 2172 et
550 2140 779 2181 multiplicibus
803 2140 1074 2181 obpressionibus,
1099 2151 1179 2182 quas
1202 2143 1312 2171 sancta
1335 2143 1439 2171 mater
1454 2143 1560 2170 vestra
1576 2139 1722 2171 Romana
1739 2140 1874 2170 ecclesia

227 2194 364 2234 cotidiec
388 2193 518 2234 patitur,
541 2192 665 2234 ingenti
687 2202 813 2223 merore
837 2192 947 2223 afflicti
970 2192 1245 2233 reclamassemus,
1262 2192 1383 2223 nullum
1399 2201 1500 2233 usque
1515 2191 1618 2222 adhuc
1637 2194 1746 2232 optate
1763 2201 1874 2221 conso-

228 2245 356 2277 lationis
379 2244 537 2276 valuimus
560 2244 738 2284 promereri
761 2244 915 2274 auxilium
938 2243 991 2275 vel
1015 2243 1209 2275 defensionis
1232 2244 1400 2284 solacium,
1430 2244 1504 2284 quia
1527 2243 1566 2274 de
1591 2243 1737 2274 omnibus
1759 2243 1873 2273 immo-

228 2296 366 2329 bilibusd
390 2296 487 2327 rebus
511 2295 663 2326 territorii
690 2296 791 2326 sancti
813 2295 917 2336 Petri,
948 2306 1027 2336 quas
1056 2295 1147 2326 nobis
1169 2295 1323 2336 Ravenne
1348 2294 1614 2326 consistentibus⁵
1637 2295 1669 2325 in
1696 2294 1874 2335 presentiae

227 2349 408 2380 serenitatis
423 2350 529 2388 vestre
546 2350 681 2388 uterque
697 2346 804 2378 Uuido
822 2347 963 2378 marciofl
978 2357 1036 2388 per
1052 2347 1323 2378 reinvestitionem
1341 2346 1491 2387 reddidit,
1507 2356 1566 2377 nec
1581 2356 1678 2376 unum
1695 2345 1874 2386 recepimus

329 2463 388 2489 303.
415 2464 438 2495 a)
459 2473 525 2489 corr.
538 2464 567 2488 in
585 2464 716 2488 Genuensi
735 2463 766 2488 R.
852 2462 877 2496 b)
896 2464 980 2488 -meri-
999 2464 1027 2488 in
1044 2472 1097 2488 ras.
1115 2463 1147 2488 R.
1234 2463 1257 2494 c)
1276 2472 1342 2488 corr.
1356 2471 1386 2488 εκ
1405 2463 1476 2487 nulla
1494 2462 1526 2487 R.
1615 2460 1639 2494 d)
1659 2462 1695 2486 bis
1713 2462 1834 2493 scriptum
1853 2465 1874 2486 et

226 2507 396 2532 cancellatum
414 2506 447 2531 R.
554 2505 577 2538 e)
597 2514 662 2530 corr.
677 2513 707 2530 ex
725 2506 869 2538 satageritis
888 2506 919 2531 R.
1025 2505 1044 2538 f)
1062 2506 1154 2531 octabo
1173 2506 1205 2531 R.
1310 2504 1336 2538 8)
1356 2505 1408 2530 -bis
1427 2514 1455 2529 o—
1473 2505 1500 2529 in
1518 2513 1572 2530 ras.
1591 2504 1622 2528 R.
1728 2502 1753 2534 1¹)
1771 2504 1798 2528 rin
1820 2512 1874 2527 ras,

226 2550 261 2575 al.
274 2558 343 2574 man.
362 2549 395 2574 R.

329 2591 388 2617 304.
417 2591 440 2623 8)
460 2600 526 2616 corr.
537 2599 567 2616 ex
581 2594 652 2616 tante
665 2591 696 2616 R.
768 2590 792 2623 b)
812 2592 859 2623 ffiQ
872 2591 904 2616 B.
976 2592 999 2623 0)
1018 2600 1058 2617 co·
1076 2592 1103 2617 in
1121 2601 1174 2616 ras.
1188 2592 1220 2616 R.
1291 2590 1316 2623 d)
1335 2591 1509 2615 immouilibus
1522 2590 1553 2614 R.
1625 2589 1647 2620 e)
1667 2590 1828 2621 impresentia
1841 2589 1872 2614 R.

330 2676 356 2708 1)
378 2675 418 2706 Os.
431 2682 479 2701 ηπ.
493 2679 546 2708 117,
566 2678 625 2708 292,
643 2679 698 2702 299.
769 2676 796 2708 2>
815 2675 858 2709 Cf.
875 2684 902 2702 w.
916 2679 972 2702 292.
1041 2676 1069 2708 3)
1088 2676 1113 2703 I.
1126 2684 1145 2702 e.
1159 2675 1185 2702 d.
1199 2679 1238 2701 24.
1251 2675 1410 2707 &pamm-is
1425 2677 1486 2700 882.
1557 2674 1584 2705 4)
1604 2673 1644 2699 Dc
1662 2675 1776 2705 tempore
1793 2671 1874 2696 huius

226 2718 349 2751 epistolae
370 2719 404 2752 cf.
424 2717 487 2744 NA.
509 2717 659 2751 XXXVI,
679 2721 725 2745 156
743 2720 838 2744 annot.
851 2721 874 2744 2.
967 2719 994 2751 5)
1016 2718 1049 2744 In
1072 2721 1202 2744 conventu
1223 2726 1256 2744 m.
1277 2717 1428 2743 Februario
1446 2719 1498 2742 882
1520 2715 1623 2747 habito,
1649 2717 1684 2748 cf.
1705 2713 1874 2740 Miilzlbaclwr

228 2760 307 2795 Re9.²
321 2764 385 2787 1624
398 2761 485 2794 (1584)
492 2760 515 2786 b.
602 2761 629 2794 6)
649 2761 712 2787 Scit.
732 2760 814 2787 Wido
832 2761 889 2788 ΙΙΙ.
907 2764 930 2787 et
948 2764 1069 2795 patruus
1087 2761 1144 2787 eius
1164 2760 1242 2787 Wido
1261 2760 1314 2792 11,
1333 2760 1368 2792 cf.
1387 2758 1548 2790 Hofmeister
1565 2758 1649 2783 ιΜιίῗ.
1662 2757 1686 2783 d.
1700 2757 1765 2782 lust.
1778 2757 1799 2789 f.
1813 2758 1873 2781 ocst.

229 2802 488 2836 Geschichtsfzrrsclt„
508 2803 609 2837 Erqbd.
629 2802 707 2836 VII',
727 2806 786 2830 366.

1888 796 1916 817 cf.
1932 796 1968 816 Ps.
1979 799 2011 820 81.
2023 800 2047 821 ὃς

1910 823 1940 843 Io.
1952 825 1984 847 10,
1995 825 2032 845 34:

1910 848 1963 870 Luc.
1976 851 2008 873 20,
2020 851 2054 870 36.

1889 879 1916 899 cf.
1931 878 1995 898 Zach.
2009 880 2028 903 2,
2040 881 2060 900 8.
