2189 3042
150 797 185 818 Ps.
196 799 228 821 53.
239 799 257 818 8.

111 823 147 843 ΡΞ.
159 825 257 848 118‚108.

273 153 333 181 204
702 145 878 172 IOHANNIS
898 146 971 172 VIII.
991 146 1109 172 PAPAE
1132 146 1331 173 EPISTOLAE
1353 147 1412 174 229.
1431 147 1491 174 230.

273 238 303 266 ct
327 235 412 265 nullo
437 233 603 265 sacerdote
621 232 876 264 benedictionem
895 232 1054 263 tribuente
1079 233 1139 264 hoc
1155 233 1312 264 violenter
1334 234 1520 275 susceperit.
1559 234 1651 270 Quod
1674 235 1750 267 licet
1772 236 1813 267 ad
1830 236 1922 268 huius

271 286 503 316 absolutionem
527 284 674 315 sufficere
698 294 792 325 posse
823 293 1003 324 speremus,
1032 284 1120 325 quia,
1150 285 1175 314 si
1203 284 1247 314 ita
1277 287 1338 325 est,
1367 285 1463 316 totius
1485 286 1636 326 violentie
1665 297 1701 317 ac
1723 288 1922 318 necessitatis

271 337 401 367 vinculis
425 336 570 367 absoluta
594 345 685 366 suum
708 335 841 366 licenter
865 338 896 366 et
919 335 1048 376 impune
1073 336 1163 376 sequi
1184 335 1282 367 debet
1305 336 1470 367 arbitrium
1495 340 1536 377 et,
1561 337 1647 378 quod
1670 348 1733 369 non
1757 338 1865 379 elegit,
1888 341 1923 369 ut

271 388 420 428 perferat,
444 398 506 418 non
527 390 575 417 cst
595 385 750 427 cogenda,
775 389 882 417 tamen
906 387 1066 417 sanctitati
1083 390 1185 428 vestre
1210 388 1448 428 committimus,
1471 392 1505 419 ut
1528 389 1559 419 in
1582 399 1679 419 unum
1696 390 1923 421 convenientes

270 440 368 479 ipsius
392 439 508 478 femini*¹
534 448 662 468 causam
686 437 860 468 seeundum
876 437 981 468 Deum
1006 438 1182 469 discutiatis
1207 442 1239 470 et
1263 449 1389 470 omnem
1414 450 1510 480 super
1534 440 1592 471 hae
1617 441 1816 482 querimonia
1841 441 1922 471 veri—
1953 453 1964 471 s

271 494 369 521 tatem
397 489 503 520 subtili
531 489 738 530 indagatione
768 489 988 530 repperientes
1017 489 1058 520 ad
1085 489 1242 530 liquidum
1270 491 1395 521 finiatis.
1441 491 1673 523 Verumtamen
1703 491 1832 532 dignum
1860 503 1923 522 non

271 552 339 572 esse
356 541 522 578 sancimus,
548 543 582 570 ut
597 540 717 581 iugum,
743 540 793 570 cui
816 551 879 571 non
902 551 959 571 suo
976 542 1140 581 proposito
1166 544 1262 581 mota,
1288 542 1344 573 sed
1361 542 1534 573 ambitione
1553 545 1585 573 et
1601 543 1753 574 violentia
1770 553 1923 584 oppressa

270 592 402 623 subacta
426 595 483 631 est,
508 595 636 632 portare
659 594 801 633 cogatur,
827 592 901 633 quia
925 596 957 623 et
980 596 1106 623 sanetus
1123 603 1209 634 papa
1226 592 1400 634 Gregorius
1424 594 1456 625 in
1473 594 1609 635 epistola
1632 594 1692 626 ada
1709 595 1923 626 Athanasium

271 644 493 685 presbyterum
510 644 651 683 Isaurie¹
670 644 751 674 inter
775 647 882 674 cetera
908 644 952 674 ita
975 643 1088 675 refert:
1115 648 1280 682 Quanquam
1305 658 1345 681 ea,
1370 659 1424 685 que
1442 650 1469 676 vi
1492 650 1661 684 inpulsionis
1678 651 1756 683 fiunt,
1780 651 1924 677 kanonum

270 700 384 726 minime
400 708 517 726 censura
534 699 654 733 recipiat
671 701 699 726 et
715 699 775 726 iure
787 699 947 726 habeantur
963 700 1081 732 infirma,
1095 700 1162 733 quia
1178 701 1238 734 ipse
1255 709 1288 727 ea
1300 701 1438 734 dissolvit,
1452 701 1500 734 qui
1516 701 1653 728 iniustum
1670 702 1754 729 fateri
1770 702 1923 736 compellit,
1944 709 1968 727 ιο

271 751 318 777 sed
342 751 431 785 magis
455 751 504 777 illa
528 752 571 777 est
594 751 772 785 suscipienda
796 753 825 777 et
848 751 1046 785 amplectenda
1069 752 1217 783 confessio,
1243 761 1297 788 que
1322 761 1355 779 ex
1380 748 1557 786 spontaneab
1578 755 1753 780 monstratur
1776 753 1924 780 voluntate

272 803 434 837 procedere,
460 801 492 829 et
515 808 621 828 rursus
645 798 796 838 seriptum
821 800 881 828 est:
906 797 1111 830 ‘Voluntarie
1136 799 1320 830 sacrificabo
1346 799 1429 839 tibi³,
1460 803 1492 830 et
1516 800 1609 830 alias:
1634 799 1838 831 ‘Voluntaria
1863 801 1926 830 oris

272 851 335 881 mci
359 849 562 890 beneplacita
586 849 650 889 fac,
683 848 845 880 Domine'.
891 849 992 880 Porro
1024 850 1175 881 iamfatoc
1199 850 1334 881 Iohanni
1362 851 1539 882 reverendo
1563 851 1769 892 Aprutiensi‘l
1793 852 1926 882 antistiti

272 902 386 932 etiam⁰
404 901 500 932 verbo
518 901 720 941 iniunximus,
744 903 779 931 ut
802 901 903 931 ascita
919 904 1026 932 vestra
1046 901 1246 932 fraternitate
1271 913 1364 933 omne
1382 902 1421 933 de
1438 902 1498 933 hae
1522 913 1555 933 re
1579 903 1744 943 negotium
1761 903 1925 934 vobiscum

272 953 392 994 pariter
415 952 547 983 ventilet
575 955 606 983 et
630 953 795 992 canonice,
824 952 905 983 sicut
929 952 1150 993 prediximusf,
1179 953 1314 985 diffinire
1339 957 1497 994 procuret.
1544 953 1648 995 Super
1672 965 1733 995 quo
1761 954 1787 984 si
1816 954 1924 995 aliqua
1944 965 1967 984 ιε

272 1004 466 1045 ambiguitas
490 1004 632 1035 fortassis
657 1004 835 1043 emerserit,
866 1007 939 1034 tunc
963 1004 1124 1044 iubemus,
1154 1008 1188 1035 ut
1212 1008 1267 1036 aut
1289 1016 1345 1036 vos
1369 1009 1424 1036 aut
1447 1007 1544 1037 vestri
1573 1006 1672 1047 legati
1696 1006 1781 1036 vices
1804 1009 1926 1037 vestras

273 1059 406 1097 agentes
431 1066 501 1086 eum
526 1055 640 1086 eadem
665 1055 784 1086 femina
806 1056 921 1086 nostris
945 1056 1168 1096 presentaliter
1192 1056 1354 1097 optutibus
1377 1060 1613 1098 presententur,
1644 1060 1680 1088 ut
1703 1067 1809 1088 coram
1834 1057 1926 1088 nobis

272 1108 336 1138 iam
361 1107 543 1148 diligentius
568 1107 669 1137 omnis
692 1107 739 1137 rei
762 1107 881 1137 veritas
904 1108 1081 1148 inquiratur
1105 1111 1136 1139 et
1161 1109 1311 1149 equitatis
1335 1108 1448 1150 regula
1472 1109 1668 1139 terminetur.
1706 1108 1876 1139 Postremo
1900 1109 1926 1138 si

272 1158 396 1200 prefate
427 1159 544 1198 femine
574 1158 703 1199 aliquod
733 1159 852 1189 crimen
884 1159 1040 1190 invidiose
1073 1159 1232 1190 obiectum
1263 1160 1510 1201 quoquomodoss
1540 1159 1649 1199 fuerit,
1684 1170 1740 1190 vos
1768 1159 1839 1191 Deo
1869 1170 1925 1201 pre

274 1210 372 1241 oculis
396 1210 504 1240 habito
529 1210 590 1240 hoc
614 1220 675 1240 non
700 1209 875 1240 admittatis
904 1213 949 1250 et,
980 1211 1005 1240 si
1029 1213 1196 1242 accusator
1218 1211 1302 1242 illius
1330 1212 1362 1242 in
1386 1222 1442 1242 sua
1466 1211 1679 1242 obstinatione
1703 1211 1925 1252 permanserit,
1945 1222 1971 1242 20

274 1265 338 1292 tam
363 1264 510 1292 accusata
529 1272 623 1302 quam
646 1264 813 1292 accusator
836 1261 886 1291 inh
905 1264 1044 1292 nostram
1069 1272 1140 1292 cum
1157 1263 1270 1293 vestris
1286 1263 1406 1303 pariter
1430 1263 1532 1294 missis
1556 1263 1736 1294 accelerent
1751 1271 1926 1303 properare

273 1313 476 1354 presentiam.
523 1312 754 1343 Verumtamen
778 1313 803 1342 si
827 1313 1005 1344 accusatori
1031 1313 1098 1344 eius
1122 1313 1273 1354 defuerit,
1301 1315 1364 1345 iam
1388 1314 1443 1345 illa
1466 1315 1596 1355 crimine
1625 1314 1679 1345 illo
1703 1324 1811 1345 coram
1834 1313 1927 1344 nobis

274 1365 405 1395 veniens
432 1374 495 1394 non
520 1363 679 1395 tenebitur
707 1364 880 1394 secundum
906 1364 1163 1406 Cartaginensisk
1188 1366 1312 1397 concilii
1336 1377 1454 1397 nonum
1478 1365 1638 1397 decimum
1661 1365 1857 1407 capitulum2
1880 1366 1926 1395 ita

275 1416 433 1456 inquiens:
458 1420 612 1446 Accusator
629 1420 696 1451 eiuS,
714 1419 736 1445 si
753 1429 897 1453 nunquam
914 1420 1011 1447 diebus
1028 1430 1111 1457 cause
1128 1422 1245 1457 dicende
1263 1422 1393 1454 defuerit,
1414 1431 1430 1448 a
1447 1422 1643 1449 communione
1659 1431 1716 1448 non
1732 1422 1923 1451 removeam:

274 1472 407 1498 restituto
431 1472 461 1497 in
484 1471 680 1498 communione
704 1473 866 1498 accusato
890 1472 950 1505 ipse
974 1475 1153 1499 removeatur
1176 1482 1192 1499 a
1216 1474 1410 1500 communione
1435 1476 1589 1500 accusator.
1945 1479 1970 1498 25

376 1529 470 1552 DATA
492 1528 543 1552 XV.
565 1528 747 1552 KALENDAS
771 1528 977 1557 DECEMBRIS,
997 1530 1196 1554 INDICTIONE
1216 1530 1283 1553 XIII.

1066 1640 1137 1670 230.

382 1689 542 1719 Iohannes
565 1689 661 1720 VIII.
686 1700 774 1729 palia
798 1689 1015 1720 Athanasium
1045 1691 1221 1729 episcopum
1245 1691 1501 1731 Neapolitanam,
1532 1691 1661 1722 Petrum
1689 1691 1866 1730 episcopum
1895 1692 1923 1721 et

277 1739 440 1771 Pulcarim
468 1740 721 1779 praefecturiwn
749 1741 972 1779 Amalfitanos,
1007 1742 1182 1780 episcopum
1215 1742 1402 1773 Caiotanum
1433 1745 1461 1773 ct
1494 1741 1664 1773 Docibz'lam
1692 1744 1721 1773 et
1749 1741 1923 1773 Iohannem

276 1791 407 1830 hypatos
434 1802 454 1821 a
474 1792 610 1830 paribus
633 1791 789 1829 hortatur,
818 1795 854 1823 ut
878 1793 1002 1824 tandem
1025 1793 1199 1832 aliquando
1217 1794 1334 1834 foedus
1356 1794 1453 1824 ictum
1476 1804 1546 1824 cam
1569 1793 1739 1825 Saracenis
1761 1803 1859 1832 usque
1881 1792 1924 1823 ad

277 1843 305 1872 d.
324 1844 352 1872 1.
369 1842 547 1873 Decembris
569 1843 632 1873 879
659 1843 848 1881 dissolvant;
883 1844 1046 1875 Pulcarim
1071 1847 1234 1883 praeterea
1264 1845 1303 1875 ab
1333 1845 1533 1883 infestatione
1557 1844 1749 1884 Pamlenulfi
1775 1844 1923 1883 Capuam
1941 1858 1966 1876 30

277 1894 392 1924 iudicis
414 1894 605 1925 dehortatur.
1636 1896 1714 1935 (879
1737 1895 1836 1934 Sept.)

389 1948 462 1974 Goth:
493 1948 520 1974 R
538 1951 558 1982 f.
574 1951 616 1975 91¹
636 1957 682 1975 πη.
696 1952 748 1975 231.
768 1952 824 1975 232.

378 1991 465 2017 Ε(Ῑ(Ῐ..’
494 1992 587 2018 Editio
602 1992 726 2018 Romcma
739 1992 821 2025 (1501)
836 1992 893 2023 ΙΙΙ,
907 1996 955 2018 457
972 2000 999 2019 η.
1010 1996 1064 2019 227.
1098 1994 1192 2019 Mansi
1211 1993 1288 2019 Cone.
1302 1993 1356 2019 coll.
1374 1993 1470 2025 XVII,
1486 1997 1534 2019 169
1552 2001 1579 2019 η.
1591 1996 1646 2018 227.
1677 1993 1771 2026 M1'9ne
1790 1993 1864 2018 Patr.
1878 1993 1923 2018 lat.

280 2030 415 2062 CXXVI,
435 2034 484 2056 892
501 2039 528 2056 n.
542 2034 602 2057 273.
622 2046 654 2049 —
673 2031 750 2062 Jaffe}
769 2031 832 2065 Rey.
848 2035 917 2057 3309
935 2032 1032 2064 (2520).

337 2101 535 2125 ATHANASIO
555 2101 717 2125 EPISCOPO
741 2102 984 2125 NEAPOLITANO
993 2102 1010 2132 ³,
1030 2102 1141 2126 PETRO
1164 2102 1324 2126 EPISCOPO
1348 2103 1410 2127 SEU
1434 2102 1582 2126 PULCARI
1604 2102 1856 2137 PRFJFECTORIO⁴
1944 2110 1969 2130 35

337 2140 577 2170 AMALFITANO,
597 2140 758 2164 EPISCOPO
782 2140 976 2164 KAIETANO⁵
996 2140 1057 2164 SEU
1080 2141 1229 2164 DECIBILI
1255 2141 1298 2164 ET
1322 2141 1467 2165 IOHANNI
1490 2141 1666 2166 GLORIOSIS
1690 2141 1857 2166 ΗΥΡΑΤΙΞθ

997 2180 1019 2202 A
1038 2179 1208 2203 I'ARIBUS7.

381 2215 503 2256 Pudet,
533 2220 567 2246 ut
590 2217 635 2247 ita
660 2216 810 2255 dixerim,
840 2215 1037 2256 pontificium
1061 2220 1202 2247 nostrum
1226 2227 1281 2247 vos
1305 2217 1368 2247 iam
1392 2227 1597 2249 commonere
1621 2227 1717 2258 super
1740 2217 1813 2258 hoc,
1839 2217 1926 2258 quod

278 2270 343 2297 tam
366 2266 550 2298 multotiens
574 2278 592 2298 a
615 2267 707 2297 nobis
732 2267 918 2298 commoniti
941 2267 1130 2307 resipiscere
1154 2267 1299 2298 noluistis
1323 2271 1354 2298 et
1378 2278 1449 2299 cum
1472 2267 1544 2299 Deo
1569 2268 1741 2299 odibilibus
1757 2268 1926 2299 Saracenis

378 2348 404 2380 ³⁸)
424 2348 463 2374 R.
483 2348 514 2372 in
532 2355 613 2380 mars).
627 2347 689 2373 add.
703 2356 775 2374 man.
789 2349 941 2375 correctoris
961 2349 992 2375 R.
1944 2361 1970 2380 40

378 2399 402 2432 Β)
421 2400 483 2424 add.
503 2408 583 2431 supra
603 2400 699 2424 liizeam
717 2401 753 2424 al.
771 2410 839 2424 man.
860 2401 891 2428 R,
990 2402 1013 2430 b)
1033 2406 1159 2434 pontanea
1179 2403 1211 2427 R.
1299 2403 1321 2434 c)
1340 2412 1405 2428 corr.
1426 2412 1456 2428 esc
1474 2404 1523 2428 iam
1543 2405 1611 2429 facto
1630 2404 1662 2428 R.
1751 2402 1776 2435 (1)
1796 2405 1844 2428 -ti-
1863 2404 1924 2429 add.

277 2451 357 2474 supra
376 2443 470 2467 lineam
489 2442 520 2466 R.
609 2443 633 2473 ⁹)
652 2444 700 2467 -ti-
719 2443 746 2467 in
765 2452 816 2467 ras.
835 2444 866 2468 11‘.
955 2444 973 2475 f)
993 2454 1046 2477 pre·
1066 2454 1132 2469 corr.
1152 2454 1182 2470 eat
1200 2450 1270 2478 patre
1290 2446 1320 2470 R.
1410 2446 1435 2477 8)
1454 2447 1573 2478 quodquo
1591 2447 1716 2478 quomodo
1735 2446 1767 2471 B.
1855 2446 1880 2478 h)
1900 2446 1926 2471 in

276 2494 329 2510 ras.
342 2485 373 2510 R.
461 2484 479 2515 i)
500 2490 614 2510 -eusator
632 2486 660 2510 in
677 2495 730 2510 φας.
745 2486 776 2511 B.
863 2486 889 2517 k)
908 2489 990 2512 -ensis
1010 2489 1035 2512 in
1054 2497 1106 2512 raS.
1125 2489 1152 2512 R.

380 2545 405 2576 1)
425 2544 491 2577 Ray.
510 2544 585 2577 Grey.
600 2544 621 2570 I.
641 2544 683 2570 lib.
702 2544 744 2570 VI
761 2553 799 2577 ep.
813 2549 846 2571 62
869 2546 920 2577 (cd.
935 2546 1002 2572 ΜΘ.
1015 2546 1084 2579 Epp.
1100 2547 1128 2578 I,
1150 2549 1221 2580 437),
1245 2547 1319 2579 Jaffe'
1339 2547 1401 2581 Πᾶς).
1416 2551 1480 2573 1446
1498 2548 1598 2579 (1078).
1617 2563 1650 2566 -
1670 2547 1815 2573 Contextus
1839 2549 1864 2572 et
1885 2546 1925 2572 hic

278 2595 336 2612 ozon
355 2587 440 2612 codice
458 2594 471 2612 r
486 2591 498 2612 1
523 2587 630 2620 registri
651 2587 777 2621 Greyoriz'
795 2591 931 2619 consonat,
951 2589 986 2620 cf.
1005 2597 1032 2614 oz.
1048 2594 1087 2621 119,
1103 2598 1131 2622 1).
1146 2594 1176 2615 92
1194 2593 1285 2616 anuo&
1301 2595 1321 2616 1.
1413 2591 1439 2622 2)
1458 2590 1585 2623 Dionysii
1606 2589 1668 2616 Cod.
1688 2597 1748 2616 can.
1762 2588 1862 2623 Quod.
1881 2596 1924 2621 ap.
1943 2596 1968 2615 45

280 2629 468 2663 Carthayinem
484 2630 571 2661 Afric.
585 2630 619 2662 ((1.
633 2638 655 2655 v.
669 2629 731 2656 Coa.
745 2638 804 2656 can.
818 2630 877 2656 eccl.
889 2631 1048 2665 Africanae)
1060 2640 1079 2658 c,
1092 2636 1127 2664 19,
1147 2632 1185 2658 ed.
1200 2633 1293 2666 illi-qne
1307 2633 1380 2659 Patr.
1395 2632 1440 2658 lat.
1450 2632 1574 2664 LXVII,
1589 2636 1645 2658 190.
1715 2632 1741 2664 3)
1764 2632 1801 2661 Cf.
1814 2639 1860 2656 rm.
1872 2634 1925 2663 167,

279 2676 331 2704 169,
351 2676 402 2698 172.
473 2673 499 2704 4)
520 2672 564 2705 Cf.
583 2681 630 2698 mi.
643 2677 680 2704 51,
698 2676 736 2704 52,
756 2677 811 2699 217.
887 2674 912 2706 5)
932 2674 974 2699 De
991 2675 1111 2708 episcopo
1129 2677 1193 2701 tunc
1211 2675 1339 2701 residente
1357 2675 1426 2701 nihil
1443 2675 1505 2701 certi
1524 2677 1632 2707 constat,
1652 2675 1686 2706 cf.
1701 2674 1821 2700 Fedcrici
1839 2673 1927 2706 ‘Deyli

279 2715 383 2741 antichi
401 2715 482 2741 cluchi
501 2723 536 2741 ec.
555 2715 584 2740 di
605 2715 689 2741 Gaetu
709 2715 757 2748 (In
778 2716 881 2749 Napoh'
901 2717 986 2750 1791)'
1002 2726 1030 2750 p.
1046 2722 1098 2743 115.
1198 2719 1225 2750 6)
1246 2717 1286 2749 Cf.
1305 2727 1331 2743 oz.
1347 2721 1388 2744 39.
1486 2719 1511 2750 7)
1530 2718 1570 2744 De
1593 2717 1743 2743 abbreviata
1766 2717 1815 2742 hac
1834 2716 1924 2748 forma

279 2758 462 2790 inscriptionis
482 2759 515 2789 cf.
537 2758 598 2784 NA.
621 2758 771 2790 XXXVI,
790 2762 840 2784 103
857 2762 950 2785 annot.
964 2764 979 2785 -1
997 2762 1019 2785 ct
1039 2760 1074 2786 K.
1088 2761 1207 2792 Zeamer,
1226 2760 1294 2786 ‘Par
1312 2759 1477 2792 Iitterarum’,
1502 2760 1564 2786 NA.
1586 2760 1680 2786 XXX
1687 2760 1715 2791 V,
1735 2763 1856 2786 232—45.
