2189 3042
134 723 158 742 10

133 982 156 1001 15

131 1240 155 1259 20

131 1498 155 1518 25

127 2012 152 2033 35

126 2365 152 2385 40

126 2623 151 2642 4⁵

432 164 624 191 ANASTASII
644 165 940 193 BlBLlOTHECARII
959 166 1158 193 EPISTOLAE
1178 167 1259 194 SIVE
1278 167 1555 195 PRAEFATIONES
1574 168 1598 196 5.
1778 173 1835 202 411

190 251 295 282 animo
319 250 397 282 mihi
421 251 462 282 ad
485 252 741 283 transferendum
765 253 796 283 in
812 253 962 284 Latinam
978 254 1109 284 tradidit
1126 254 1307 286 dictionem.
1337 255 1391 286 Ad
1407 255 1491 296 quod
1514 267 1593 297 opus
1610 266 1671 298 ego
1688 256 1839 288 idoneum

190 312 260 333 esse
286 313 337 333 me
362 303 530 344 denegavi,
556 303 631 334 licet
654 304 707 334 ina
729 304 977 345 interpretandis
1004 316 1046 336 ex
1061 306 1185 337 Achivo
1209 307 1241 337 in
1264 306 1447 338 Romanum
1471 318 1652 339 sermonem
1676 309 1839 349 scripturis

187 355 351 394 praesenti
375 357 520 395 tempore
545 355 708 396 quoddam
733 366 888 387 conamen
911 357 1053 398 arripere
1082 358 1165 388 nitar
1189 361 1220 389 et
1243 358 1395 389 nonnulla
1424 360 1488 390 iam
1516 359 1557 390 ad
1581 359 1839 391 aedificationem

187 405 395 446 plurimorum
421 409 454 437 et
470 407 643 448 praecipue
661 408 758 438 vestri
775 407 953 439 decessoris
972 409 1118 440 hortatul
1136 410 1364 450 interpretatus
1381 410 1519 442 edidisse
1537 411 1693 442 dinoscar.
1717 412 1839 443 Verum

186 457 262 487 vicit
288 457 384 489 iussio
413 459 493 489 tanti
521 458 688 499 pontificia
717 459 812 490 dumb
835 470 898 490 non
922 459 1013 490 deest
1037 460 1242 491 oboedientia
1265 462 1406 502 prompti
1429 463 1573 493 ministri.
1619 462 1839 503 Interpretans

186 508 284 549 igitur
299 509 381 540 hanc
398 513 541 541 sanctam
558 510 714 551 synodum
730 510 864 541 verbum
881 521 897 542 e
915 511 1023 549 verbo,
1041 514 1195 552 quantum
1211 512 1330 543 idioma
1342 513 1492 544 Latinum
1505 514 1658 554 permisit,
1677 514 1838 555 excerpsi;

186 570 414 602 nonnunquam
438 572 514 593 vero
545 565 694 593 manente
723 572 817 592 sensu
849 563 1115 594 constructionem
1142 563 1279 594 Grecam
1303 565 1334 594 in
1364 565 1514 596 Latinam
1545 566 1725 596 necessario
1750 575 1837 596 com-

186 612 337 642 mutavi2.
371 612 458 643 Rara
482 616 652 654 praeterea
675 614 842 654 interpreti
866 614 1018 645 doctiori0
1042 615 1241 646 enucleanda
1264 617 1400 647 servavi.
1433 616 1601 652 Quaedam
1626 617 1733 654 etiam,
1758 617 1839 647 sicut

186 663 266 694 mihi
288 666 364 695 nota
388 668 488 703 erant,
512 664 660 695 nimirum
685 666 738 706 qui
762 668 826 696 tam
850 665 975 696 Romae
1000 676 1095 707 quam
1119 666 1265 707 Byzantii
1288 668 1409 708 positus
1433 668 1463 698 in
1488 669 1607 699 cunctis
1630 669 1678 699 his
1702 668 1837 699 sollicite

185 715 340 755 laboravi,
365 715 493 747 scholiis
508 716 540 746 in
558 716 754 757 marginibus
770 716 887 747 codicis
911 717 1072 748 exaratis³
1097 719 1246 748 annotavi
1263 718 1314 749 vel
1336 719 1444 759 etiam,
1469 720 1549 750 sicut
1564 719 1641 750 mihi
1658 720 1760 751 visum
1779 723 1836 759 est,

187 766 367 807 explanavi.
415 766 498 798 Sane
528 770 560 798 et
583 767 644 798 hoc
668 768 853 808 notandum,
875 769 949 810 quia
973 769 1132 810 quaedam
1157 770 1395 810 scripturarum,
1421 781 1502 811 quae
1527 781 1622 812 super
1645 771 1694 801 his
1718 782 1736 801 a
1760 770 1836 802 sede

185 818 364 858 apostolica
388 817 698 859 Constantinopolim
728 819 843 850 missae
875 823 956 859 sunt,
987 820 1208 852 deficientibus
1238 821 1325 852 urbis
1355 821 1499 853 eiusdem
1522 822 1751 863 interpretibus
1774 833 1837 852 non

186 879 228 900 ex
250 872 318 900 toto
342 872 430 901 recte
462 869 616 901 translata
645 871 677 901 in
701 869 899 902 Grecitatem
930 872 1066 902 iuveni4.
1099 872 1242 908 Quorum
1266 873 1335 913 ipse
1360 865 1521 912 nonnulla,
1546 876 1578 904 et
1602 877 1755 915 quantum
1780 885 1836 905 an-

184 922 291 961 gustia
319 922 384 952 illic
414 921 560 953 morandi
590 921 757 962 permisitd
786 923 968 963 temporisss,
999 923 1178 963 emendavi,
1209 924 1324 965 partim
1354 934 1430 955 vero
1460 927 1495 955 ut
1524 926 1653 966 repperi
1681 925 1837 956 hactenus

184 973 362 1004 incorrecta
386 973 510 1014 reliqui.

292 1024 344 1055 Ad
376 1028 555 1056 extremum
585 1025 680 1066 plane
709 1025 904 1056 monendum
935 1028 984 1057 est
1013 1029 1046 1057 et
1075 1037 1132 1067 pro
1163 1026 1340 1058 futurorum
1370 1027 1497 1059 cautela
1527 1031 1708 1069 temporum
1738 1028 1837 1058 artius

184 1076 357 1106 memoriae
381 1076 682 1115 commendandum,
706 1086 745 1107 ne
771 1076 852 1108 forte
870 1077 1065 1118 procedente
1090 1081 1236 1119 tempore
1260 1079 1291 1109 in
1317 1078 1428 1110 Grecis
1451 1079 1613 1110 codicibus
1636 1080 1838 1120 repperiatur

183 1126 257 1157 huic
281 1130 409 1158 sanctae
434 1128 556 1168 synodo
581 1128 750 1169 quicquam
774 1138 793 1159 a
817 1128 1177 1170 Constantinopolitanis
1194 1131 1309 1161 suatim
1326 1130 1469 1161 additum
1486 1131 1539 1161 vel
1559 1133 1717 1162 mutatum
1726 1128 1744 1170 f,
1759 1130 1837 1161 nihil

183 1179 288 1209 minus
316 1179 367 1210 vel
398 1179 535 1220 amplius
563 1180 595 1210 in
627 1180 742 1211 eadem
771 1180 892 1220 synodo
924 1180 1116 1211 diffinitumg
1144 1181 1273 1221 fuisseh,
1297 1182 1368 1212 nisii
1393 1192 1476 1223 quae
1505 1183 1537 1213 in
1561 1181 1666 1213 Greco
1692 1182 1836 1214 eiusdem

185 1230 297 1271 synodi
321 1230 483 1261 actionum
507 1231 618 1262 codice
641 1232 673 1262 in
690 1232 836 1264 Romana
861 1233 997 1264 ecclesia
1020 1234 1138 1275 scripta
1161 1234 1387 1275 repperiuntur
1408 1238 1440 1265 et
1462 1235 1493 1265 in
1516 1235 1726 1266 Latinitatem
1748 1234 1836 1266 fideli

183 1282 260 1312 satis
289 1282 361 1313 stilo
386 1282 540 1313 translata
563 1284 595 1313 in
619 1284 747 1316 archivo
773 1284 917 1315 eiusdem
942 1285 1097 1316 ecclesiae
1122 1285 1288 1316 recondita
1312 1286 1569 1327 comprobantur,
1594 1296 1741 1328 quaeque
1767 1297 1835 1317 om-

182 1334 270 1365 nium
302 1334 565 1375 patriarchalium
598 1335 719 1366 sedium
753 1337 817 1367 loci
849 1339 1047 1368 servatorum
1080 1340 1112 1367 et
1144 1337 1285 1377 ipsorum
1319 1348 1446 1379 quoque
1476 1339 1707 1379 imperatorum
1737 1341 1834 1379 atque

183 1389 368 1416 cunctorum
399 1386 574 1416 antistitum
606 1387 889 1428 subscriptionibus
912 1388 1063 1419 roborata
1088 1391 1120 1419 et
1142 1399 1224 1419 nunc
1246 1399 1347 1430 usque
1372 1390 1496 1430 signata
1520 1389 1704 1420 consistunt.
1751 1389 1834 1421 Sane

183 1437 340 1477 epistolae
363 1441 427 1468 tam
452 1437 564 1478 synodi
588 1448 683 1479 quam
707 1439 906 1480 patriarchae
930 1443 963 1470 et
985 1440 1214 1480 imperatorum
1238 1440 1279 1470 ad
1302 1440 1484 1471 Romanum
1506 1441 1690 1481 pontificem
1707 1443 1834 1483 missae,

183 1488 289 1529 quaek
318 1489 371 1519 ink
396 1489 512 1520 codicis
542 1490 702 1520 actionum
732 1491 830 1530 ipsius
860 1491 973 1531 synodi
1002 1491 1089 1522 calce
1114 1491 1273 1522 habentur
1295 1492 1444 1531 insertae,
1469 1493 1629 1523 reverenti
1652 1497 1725 1524 sunt
1748 1494 1836 1525 cultu

182 1539 401 1580 recipiendae;
432 1551 506 1570 nam
530 1551 549 1571 a
572 1541 668 1571 totius
692 1541 804 1581 synodi
829 1552 994 1581 consensu,
1019 1542 1095 1573 dum
1118 1542 1224 1573 adhuc
1247 1545 1407 1583 ageretur,
1432 1542 1596 1574 decretae¹
1619 1548 1692 1575 sunt
1715 1549 1747 1576 et
1777 1556 1834 1576 ex-

181 1592 316 1633 positae.
356 1591 448 1622 Ourm
475 1594 583 1622 autem
606 1592 666 1622 ista
690 1593 921 1633 praemiserim,
945 1593 1087 1624 breviter
1115 1594 1285 1625 annotabo.
1318 1594 1484 1636 Siquidem
1515 1605 1586 1625 cum
1616 1599 1695 1626 rexfl
1712 1596 1834 1638 Vulga-

180 1654 251 1674 rum
262 1645 273 1662 ⁵
290 1654 363 1675 cum
379 1644 508 1684 propria
525 1646 621 1684 geute
639 1643 754 1675 Christi
770 1644 865 1676 fidei⁰
882 1645 1074 1686 suscepisset
1089 1656 1148 1686 per
1163 1645 1326 1677 hominem
1342 1646 1534 1686 Romanum,
1557 1647 1590 1678 id
1607 1650 1656 1678 est
1672 1648 1834 1688 quendam

181 1695 403 1736 presbyterum
427 1695 563 1726 Paulum
593 1696 731 1735 nomine,
763 1696 990 1727 documentum
1013 1700 1110 1738 atque
1134 1698 1331 1738 mysterium,
1356 1699 1555 1739 propositum
1579 1698 1692 1730 habuit
1715 1710 1734 1730 a
1757 1700 1834 1731 sede

180 1747 357 1788 apostolica
386 1758 450 1778 non
476 1747 573 1778 modo
601 1747 677 1778 fidei
700 1748 856 1788 regulam,
886 1748 943 1779 sed
967 1751 999 1780 et
1023 1752 1152 1779 sanctae
1177 1749 1258 1789 legis
1281 1759 1408 1780 sumere
1433 1749 1642 1790 disciplinam.
1684 1751 1778 1786 Quod
1803 1755 1836 1783 et

179 1798 256 1830 fecit
278 1809 342 1829 non
365 1799 467 1830 solum
492 1809 511 1830 a
534 1799 681 1840 praefato
705 1799 903 1840 presbytero,
927 1810 1039 1831 verum
1064 1801 1160 1831 etiam
1178 1811 1235 1841 per
1251 1800 1391 1831 divinam
1407 1801 1636 1832 revelationem
1654 1802 1833 1842 instructus,

180 1861 263 1892 quae
294 1851 338 1882 sic
367 1854 550 1891 temporum
581 1851 769 1892 qualitatem
793 1851 952 1891 discrevit,
982 1854 1017 1882 ut
1041 1854 1204 1892 postrema
1227 1853 1258 1882 in
1282 1853 1421 1893 priorem
1444 1853 1636 1883 reformaret
1659 1857 1777 1885 statum
1802 1858 1834 1886 et

180 1902 334 1934 ordinem.
362 1903 445 1934 Nam
468 1905 536 1934 tota
551 1902 715 1933 Dardania
739 1902 908 1934 Thessalia
924 1903 1026 1934 Dacia
1049 1907 1082 1934 et
1103 1906 1238 1944 utraque
1254 1903 1396 1944 Hepirus
1419 1908 1516 1944 atque
1536 1908 1663 1936 ceterae
1685 1907 1834 1947 regiones

179 1955 268 1985 iuxta
292 1954 437 1985 Histrum
465 1955 594 1985 fluvium
625 1955 704 1985 sitae
728 1954 925 1995 apostolicae
950 1954 1035 1985 sedis
1058 1957 1183 1985 vestrae
1208 1954 1428 1986 moderamine
1456 1957 1630 1997 antiquitus
1659 1958 1833 1998 praecipue

179 2005 376 2046 regebantur
392 2008 424 2036 et
439 2005 722 2046 disponebantul·⁰.
746 2007 810 2038 Sed
827 2010 997 2048 postquam
1014 2007 1226 2048 imperatores
1242 2007 1472 2047 Romanorum,
1491 2008 1543 2049 qui
1560 2018 1642 2039 nunc
1656 2009 1832 2040 Grecorum

180 2056 394 2098 appellantur,
417 2057 578 2088 variorum
606 2057 748 2089 fautores
772 2058 823 2089 vel
853 2050 1034 2089 incentores
1058 2058 1164 2090 effecti
1188 2069 1331 2090 errorum
1355 2062 1498 2090 sanctam
1523 2059 1640 2090 Christi
1663 2061 1833 2092 ecclesiam

180 2107 313 2139 diversis
342 2108 508 2139 heresibus
537 2108 683 2140 scindere
711 2109 841 2141 minime
869 2109 1131 2150 formidaverunt,
1161 2110 1254 2141 scidit
1281 2110 1369 2141 Deus
1399 2111 1569 2152 imperium
1600 2122 1720 2151 eorum,
1745 2113 1832 2143 etin

180 2159 320 2190 occiduis
337 2159 481 2200 partibus
498 2160 653 2201 paulatim
669 2171 803 2201 regnare
821 2172 959 2202 superno
977 2161 1169 2193 decernente
1186 2161 1304 2193 iudicio
1321 2165 1536 2201 cessaverunt,
1554 2162 1656 2194 donec
1668 2163 1832 2195 Romanos

179 2211 347 2252 pontifices
370 2212 434 2242 suis
458 2212 668 2252 pravitatibus
684 2213 849 2243 incurvare
868 2215 1019 2245 conantes
1034 2223 1092 2244 nec
1110 2214 1253 2244 valentes
1270 2224 1307 2245 ac
1323 2224 1381 2255 per
1398 2214 1459 2246 hoc
1475 2214 1703 2255 multiplicibus
1720 2216 1832 2256 poenis

282 2356 305 2388 ⁸¹)
324 2365 449 2389 superscr.
466 2357 494 2383 V.
564 2357 589 2390 b)
607 2359 743 2384 dummodo
763 2359 815 2385 1⁷2.
886 2359 908 2391 ⁰)
928 2368 994 2385 corr.
1008 2368 1038 2385 ez·
1056 2360 1151 2385 doctori
1170 2359 1198 2385 V.
1264 2359 1289 2392 ὅ)
1309 2369 1375 2386 corr.
1389 2361 1417 2386 in
1435 2361 1563 2393 permissit
1580 2360 1611 2392 V,·
1630 2362 1758 2393 permissit
1776 2370 1830 2387 ras.

179 2409 246 2425 corr.
258 2401 287 2425 in
304 2401 418 2433 permisit
435 2400 488 2426 V1.
592 2402 615 2433 ε1)
638 2403 794 2435 temporibus
813 2402 865 2428 1⁷1.
970 2401 990 2434 s)
1015 2404 1079 2428 Nam
1103 2403 1164 2428 add.
1185 2408 1207 2428 ec
1229 2404 1280 2429 del.
1299 2404 1327 2428 V.
1433 2404 1459 2436 8)
1485 2407 1585 2428 constat
1610 2404 1671 2429 add.
1691 2409 1713 2429 et
1738 2405 1787 2430 del.
1804 2405 1830 2430 1⁷.

179 2442 204 2475 h)
223 2444 335 2475 sequitur
347 2452 450 2468 erasum
467 2444 507 2468 his
522 2445 635 2476 exceptis
655 2445 682 2470 V.
752 2444 769 2477 i)
790 2454 856 2470 corr.
872 2445 899 2469 1⁷.
970 2444 995 2477 k)
1014 2448 1066 2478 que
1085 2446 1137 2471 Vs.
1207 2445 1226 2479 l)
1246 2447 1340 2472 directe
1357 2446 1412 2472 Vs.
1483 2446 1515 2478 111)
1535 2447 1600 2471 Cum
1617 2446 1669 2471 Vs.
1741 2446 1765 2477 ¹²)
1785 2456 1831 2472 cur

179 2495 210 2511 ex
228 2486 279 2511 172.
350 2485 374 2517 ⁰)
392 2487 427 2511 sic
446 2487 529 2517 codd„
548 2487 623 2512 fldem
637 2496 778 2520 perperam
795 2488 853 2513 edd.

283 2572 307 2603 1)
328 2571 369 2604 Cf.
382 2571 470 2597 Perel3
488 2571 504 2597 l.
518 2572 534 2597 l.
545 2579 572 2604 p.
586 2575 633 2598 194
651 2580 715 2598 ann.
729 2576 751 2599 5.
839 2573 865 2606 2)
888 2573 928 2607 Cf.
941 2581 1026 2606 supra
1043 2582 1070 2600 π,
1084 2579 1098 2600 1
1113 2582 1142 2607 p.
1155 2576 1206 2600 397
1225 2582 1289 2600 ann.
1303 2577 1327 2601 3.
1425 2574 1451 2606 3)
1473 2573 1514 2606 Cf.
1527 2582 1567 2601 ex.
1581 2583 1620 2608 qr.
1635 2583 1719 2608 supra
1734 2584 1763 2608 p.
1777 2578 1829 2602 403

178 2622 244 2640 ann.
258 2618 279 2640 1.
355 2614 382 2645 4)
403 2613 444 2647 Cf.
458 2614 518 2640 [Ab.
530 2617 606 2648 pont.
619 2615 635 2641 l.
649 2615 664 2642 1.
678 2623 699 2641 c.
713 2620 747 2642 42
760 2623 788 2648 p.
803 2619 861 2642 181:
880 2618 903 2642 A
922 2625 976 2650 quo
996 2617 1165 2649 (Anastasio)
1184 2617 1251 2650 quia
1269 2617 1299 2642 in
1318 2616 1442 2650 utrisque
1462 2616 1566 2651 linguis
1586 2617 1828 2651 eloquentissimus

179 2656 327 2687 existebat,
346 2657 547 2683 studiosissime
567 2659 757 2691 perscrutatus
777 2660 880 2692 (textus
901 2659 1017 2693 synodi),
1042 2668 1121 2686 omne
1140 2659 1214 2693 quod
1233 2660 1269 2686 ad
1288 2659 1397 2686 laudem
1423 2659 1591 2686 serenissimi
1614 2660 1701 2686 nostri
1721 2660 1828 2687 Cesaris

179 2699 371 2726 sanctissimus
384 2699 499 2726 domnus
512 2700 670 2727 Hadrianus
687 2701 815 2734 pontifex
832 2701 861 2728 in
874 2701 995 2736 epistola
1007 2702 1050 2728 sui
1064 2702 1213 2729 decessoris
1228 2702 1342 2729 Arsenio
1357 2702 1489 2736 episcopo
1503 2703 1665 2730 imminente
1678 2703 1827 2735 adiecerat,

178 2744 332 2769 resecatum
350 2742 502 2769 inveniunt.
589 2744 615 2775 5)
635 2744 755 2777 Boyoris,
774 2744 820 2777 qui
838 2745 988 2778 baptizatus
1007 2745 1125 2771 Michael
1143 2747 1251 2772 vocatus
1271 2748 1316 2772 est.
1413 2746 1439 2777 6)
1461 2746 1502 2778 Cf.
1517 2745 1586 2772 MG.
1602 2746 1690 2778 Epist.
1708 2745 1752 2777 VI,
1764 2749 1828 2776 438,-

177 2784 239 2811 Mb.
248 2787 326 2818 pont.
342 2785 357 2811 l.
371 2785 387 2812 Ζ.
401 2794 421 2812 c.
434 2789 466 2812 53
481 2794 510 2819 p.
524 2788 576 2812 183.

1570 2840 1620 2865 52*
