2189 3042
361 197 418 226 178

354 290 424 311 mus
448 281 620 320 sequentes
637 277 902 319 predecessorum
924 277 1085 318 exempla,
1110 276 1149 307 de

356 330 470 371 quibus
499 333 606 370 sancte
631 329 784 369 memorie
809 328 968 359 Hadriani
990 329 1095 369 pape¹
1120 328 1152 359 in

354 381 497 412 Tarasii2
522 380 725 422 nuperrime³
748 380 837 421 regie
861 379 948 410 urbis
970 379 1151 420 patriarche

354 433 594 463 confirmatione
626 432 684 472 hec
712 431 838 462 interim
870 431 1016 472 ponimus
1041 431 1150 471 verba,

354 485 436 515 inter
460 483 583 524 reliqua
607 483 786 524 inquiens4:

354 848 418 881 Ipse
443 847 516 874 enim
533 847 665 873 Tarasius
689 847 766 883 regie
790 847 866 873 urbis
890 847 1053 881 patriarcha
1075 847 1153 874 misit

353 898 434 925 nobis
465 898 610 932 synodica
637 898 759 932 priscam
789 898 946 932 adimplens
974 900 1152 926 eonsuetudi-

353 959 430 982 nem,
459 959 526 987 que
555 951 742 985 suscipientes
770 952 799 977 et
825 950 960 984 liquidius
984 950 1153 985 indagantes

354 1003 388 1028 et
411 1003 479 1028 tam
503 1002 536 1029 de
561 1002 777 1035 [con]fessi0nea
797 1003 874 1038 recte
898 1002 962 1029 fidei
985 1002 1045 1029 eius
1068 1012 1152 1036 quam

355 1053 519 1087 dogmatum
536 1055 696 1080 sanctarum
718 1062 766 1080 sex
783 1053 953 1088 synodorum
973 1055 1001 1080 et
1018 1063 1151 1081 veneran-

355 1104 454 1131 darum
477 1105 661 1139 immaginum
685 1107 815 1137 ovantes,
846 1105 931 1131 nimis
958 1105 1060 1132 iterum
1089 1115 1152 1133 con-

355 1156 464 1183 turbati
487 1165 519 1183 ac
543 1157 707 1183 contristati
731 1165 839 1189 sumus,
867 1157 934 1190 quia
961 1166 994 1183 ex
1018 1157 1153 1185 laicorum

355 1207 452 1235 ordine
482 1209 511 1234 et
538 1208 731 1242 imperialibus
762 1208 904 1241 obsequiis
932 1209 1085 1243 deputatus
1112 1219 1153 1237 re-

355 1261 441 1293 pente
472 1259 501 1286 in
533 1260 743 1293 patriarchatus
774 1260 884 1286 culmen
915 1261 1025 1287 erectus
1053 1263 1096 1288 est
1125 1263 1154 1289 et

355 1307 660 1345 apocalligus⁵eontra
677 1312 838 1338 sanctorum
851 1320 989 1338 canonum
1007 1322 1153 1340 censuram

355 1362 445 1388 factus
470 1364 513 1389 est
541 1362 703 1396 patriarcha
732 1365 773 1395 et,
797 1363 871 1396 quod
899 1363 990 1390 dicere
1014 1365 1101 1398 pudet
1124 1367 1154 1392 et

354 1422 441 1447 grave
465 1415 559 1441 tacere
583 1416 633 1446 est,
658 1414 706 1447 qui
730 1414 846 1448 regendi
869 1415 960 1442 adhuc
983 1417 1012 1442 et
1034 1417 1152 1443 docendi

355 1467 429 1497 sunt,
454 1465 584 1492 doctores
607 1474 658 1492 nec
682 1461 871 1492 erubescuntb
888 1466 976 1493 videri
996 1476 1047 1494 nec
1063 1470 1151 1495 metu-

355 1516 428 1542 nnt⁰
450 1517 584 1543 ducatum
608 1517 767 1543 animarum
790 1517 960 1551 inpudenter
981 1515 1152 1553 assumered,

355 1568 458 1601 quibus
475 1568 521 1594 via
544 1568 652 1595 omnis
675 1568 775 1602 ignota
797 1569 939 1595 doctorise
957 1571 1007 1601 est,
1031 1579 1086 1603 quo
1108 1572 1152 1598 vel

355 1619 409 1653 ipsi
426 1619 601 1653 gradiantur,
618 1619 710 1653 ignari
726 1621 799 1646 sunt.
827 1620 904 1652 Quod
920 1629 1002 1654 quam
1020 1617 1154 1655 pravumf

355 1679 475 1704 quamve
497 1671 534 1697 sit
557 1671 746 1703 temerarium,
771 1672 890 1698 seculari
910 1672 1006 1698 ordine
1024 1674 1052 1699 et
1072 1673 1151 1700 disci-

355 1722 433 1756 plina
457 1724 643 1753 monstratum
667 1731 732 1748 nam
755 1722 820 1748 dum
843 1723 898 1749 dux
923 1724 1062 1750 exercitus
1084 1734 1151 1751 non-

355 1773 410 1799 nisi
444 1773 539 1800 labore
574 1776 602 1800 et
638 1773 827 1800 sollicitudine
862 1776 994 1808 expertus
1029 1775 1151 1809 eligitur,

356 1825 454 1857 quales
471 1825 628 1851 animarum
641 1825 724 1851 duces
741 1834 801 1852 esse
817 1827 964 1859 possunt&
981 1827 1029 1860 qui
1047 1827 1151 1860 episco-

355 1877 439 1910 patus
478 1877 587 1903 culmen
626 1877 777 1903 immatura
815 1877 933 1911 cupiunt
970 1877 1152 1905 festinatione

353 1928 562 1955 conscendere?
615 1928 704 1954 Huius
737 1928 837 1954 saltem
871 1928 910 1955 rei
941 1930 1152 1963 comparatione

356 1979 536 2006 considerent
552 1981 581 2006 et
596 1979 713 2013 aggredi
732 1981 848 2013 repente
864 1979 1026 2014 inexpertos
1042 1981 1152 2008 labores

357 2030 530 2063 abstineant,
554 2030 659 2064 quippe
681 2030 729 2064 qui
753 2039 809 2057 non
826 2030 984 2063 didicerint,
1008 2033 1083 2065 quod
1107 2033 1152 2060 do-

356 2083 463 2108 ceant.
503 2082 582 2108 Unde
606 2082 742 2108 canonica
758 2081 886 2108 instituit
909 2091 1025 2109 censura
1048 2092 1151 2117 nequa-

356 2142 440 2166 quam
465 2142 498 2159 ex
521 2134 600 2167 layco
624 2134 660 2159 ad
683 2133 871 2160 sacerdotium
894 2135 1010 2168 repente
1033 2136 1153 2162 transire

356 2186 385 2211 et
408 2184 463 2211 nisi
492 2193 542 2218 per
565 2184 624 2211 eius
648 2185 757 2211 fidelem
781 2194 946 2211 concursum
969 2194 1019 2219 pro
1044 2189 1155 2213 sancta-

355 2245 417 2262 rum
440 2236 595 2270 imaginum
624 2236 766 2262 erectione
796 2236 825 2262 in
853 2236 913 2263 eius
942 2238 1153 2265 consecratione

356 2296 502 2314 assensum
526 2287 686 2314 omnimodo
711 2287 835 2314 tribuere
859 2288 1046 2321 nequivimus.

835 189 1013 217 IOHANNIS
1031 190 1106 217 VIII.
1127 189 1246 217 PAPAE
1267 190 1444 217 EPISTOLA
1466 191 1525 218 208.

1205 289 1267 311 τοις
1290 277 1350 318 γὰρ
1368 277 1585 312 διαναστάντες
1607 281 1670 313 τοῖς
1692 278 1791 313 θείοις
1810 279 1926 319 λογίοις
1948 279 2001 310 καὶ

1205 329 1351 364 ἐξουσίαν
1389 330 1512 369 ἔχοντες
1548 329 1844 371 ἓνδυναμουμένην,
1883 330 2002 370 ἐφόσον

1204 380 1361 420 ἄμεμπτοι
1391 380 1444 411 καὶ
1472 380 1710 420 ἀκατάγνωστοι
1741 381 1909 421 δυνάμεθα
1934 381 2002 412 δια-

1203 434 1316 471 μεῖναι,
1339 432 1494 472 βοήθειαν
1517 432 1570 463 καὶ
1594 432 1776 473 συνέργειαν
1799 432 1906 473 φέρειν
1926 435 2002 464 πᾶσι

1204 486 1392 523 χριστιανοΐς
1430 483 1484 523 τὴν
1515 483 1726 524 ἒξηχηθεῖσαν
1759 484 1802 518 εἷς
1832 484 1933 514 πάντα
1966 483 2003 514 τὰ

1204 534 1340 574 πέρατα,
1367 534 1499 574 μάλιστα
1528 534 1563 565 δὲ
1591 534 1740 575 ἑπόμενοι
1767 538 1831 570 τοῖς
1852 537 1916 566 τῶν
1938 535 2002 575 πρὸ

1205 586 1299 626 ἡμῶν
1327 586 1502 626 ἀρχιερέων
1530 586 1610 617 θεοῦ
1639 586 1886 626 παραδείγμασι,
1919 587 2002 627 λέγω

1206 636 1244 677 δὴ
1258 636 1426 677 Ἀδριανοῦ
1443 639 1497 668 τοῦ
1514 637 1546 668 ἓν
1561 638 1705 677 μακαρίᾳ
1721 640 1757 678 τῇ
1775 638 1886 678 μνήμῃ
1901 638 2002 673 πάπα,

1205 688 1320 722 καθῶς
1332 688 1450 723 ἐκεῖνος
1466 689 1593 729 ἐποίησε
1609 689 1842 729 συνεργήσας
1855 689 2002 730 Ταρασίῳ

1205 742 1249 779 τῷ
1279 739 1311 770 ἒν
1341 740 1440 779 ἁγίοις
1469 740 1660 780 πατριάρχῃ,
1696 740 1868 780 ὁπηνίκα
1902 752 2002 775 τινες

1204 790 1325 831 πρὸς11
1363 791 1475 822 αὐτὸν
1517 791 1694 832 ταραχὰς
1735 792 1801 822 καὶ
1844 792 2004 827 στάσεις

1205 843 1369 874 ἐποίουν.
1402 842 1466 874 Καὶ
1482 842 1542 883 γὰρ
1559 843 1678 877 ἐκεῖνος
1693 843 1711 874 ὁ
1728 843 1760 874 ἒν
1777 844 1876 884 ἁγίοις
1894 855 2001 884 πατρι-

1205 894 1307 935 άρχης
1336 894 1707 929 Κωνσταντινουπόλεως
1736 894 1892 935 Ταράσιος
1925 895 2002 926 ἀπέ-

1205 946 1300 977 στειλε
1328 945 1394 976 τότε
1424 945 1577 977 συνοδικὰ
1610 946 1779 986 γράμματα
1809 947 1942 987 πληρῶν
1969 947 2003 978 τὸ

1205 997 1272 1028 κατ’
1297 997 1387 1033 ἔθος,
1418 998 1437 1028 ἃ
1466 997 1555 1037 ἡμεῖς
1579 997 1745 1038 δεξάμενοι
1767 998 1821 1028 καὶ
1843 997 1878 1029 τὸ
1902 998 2004 1038 ὀρθὸν

1205 1052 1260 1090 τῆς
1275 1049 1372 1080 αὐτοῦ
1387 1049 1529 1084 πίστεως,
1551 1049 1629 1089 ὅπερ
1649 1050 1721 1089 ἔσχε
1740 1050 1814 1089 περί
1826 1061 1858 1080 τε
1873 1049 1909 1080 τὰ
1926 1049 2002 1080 ἄλλα

1207 1100 1349 1140 δόγματα
1379 1100 1433 1131 καὶ
1462 1101 1533 1140 περὶ
1561 1100 1615 1135 τὰς
1648 1101 1769 1140 εὐαγεῖς
1802 1100 1856 1131 καὶ
1889 1101 2002 1135 σεπτάς

1205 1152 1330 1186 εἰκόνας
1345 1152 1504 1192 μαθόντες
1526 1152 1579 1182 καὶ
1603 1151 1746 1192 εὑρόντες
1762 1152 1923 1192 σύμφωνα
1939 1155 2003 1184 τῶν

1206 1203 1306 1243 ἁγίων
1321 1204 1356 1239 ἓξ
1372 1204 1605 1244 οἶκουμενικῶν
1618 1203 1775 1239 συνόδων,
1792 1204 2004 1244 ἦσμενίσαμέν

1205 1267 1237 1286 τε
1259 1254 1312 1286 καὶ
1336 1255 1627 1295 συνεφρονήσαμεν,
1657 1255 1686 1285 εἷ
1709 1254 1762 1285 καὶ
1790 1255 1850 1286 οὐκ
1874 1255 2004 1290 ἀλύπως

1206 1307 1384 1347 ἠνέγκαμεν
1400 1306 1475 1337 οὐδὲ
1497 1306 1675 1347 ἀταράχως,
1697 1306 1742 1337 ὅτι
1762 1306 1825 1337 ἀπὸ
1845 1309 2003 1347 κοσμικοῢ

1205 1358 1363 1398 τάγματος
1383 1358 1436 1388 καὶ
1458 1358 1621 1398 βασιλικῆς
1640 1358 1813 1398 ὑπηρεσίας
1832 1357 1896 1389 ἀπὸ
1916 1358 2003 1388 καλί-

1206 1421 1273 1450 γων
1289 1409 1342 1440 καὶ
1358 1410 1396 1440 οὗ
1412 1408 1492 1440 κατὰ
1508 1408 1581 1443 τοὺς
1596 1409 1671 1449 παρ’
1685 1410 1759 1449 ἡμῖν
1775 1410 1818 1444 εἷς
1833 1409 1886 1440 τὸν
1901 1410 2002 1450 με’γαν

1205 1461 1326 1501 θρόνον
1339 1460 1470 1501 ἀνῆλθεί
1482 1461 1629 1496 κανόνας,
1645 1461 1775 1501 κατέστη
1792 1461 2000 1502 πατριάρχης·

1205 1513 1258 1543 καὶ
1275 1512 1309 1543 τὸ
1324 1512 1383 1552 μὲν
1397 1512 1527 1552 λαλῆσαι
1547 1511 1587 1552 ἦν
1602 1512 1748 1552 χαλεπὸν,
1773 1512 1806 1543 τὸ
1824 1512 1858 1543 δὲ
1880 1515 2001 1553 σιωπῆ-

1205 1576 1256 1595 σαι
1272 1564 1364 1595 πάλιν
1380 1563 1592 1594 ἐπικίνδυνον·
1614 1563 1663 1594 δεῖ
1683 1563 1743 1603 γὰρ
1762 1563 1835 1598 τοὺς
1850 1564 2003 1604 ποιμένας

1205 1615 1250 1656 μὴ
1276 1615 1528 1655 διδασκομένους
1550 1615 1640 1649 εἶναι,
1667 1615 1752 1655 μηδὲ
1774 1615 1838 1655 πρὸ
1861 1618 1916 1646 τοῦ
1939 1627 2002 1655 μα-

1205 1667 1274 1697 θεῖν
1302 1667 1466 1698 καλεῖσθαι
1495 1666 1718 1701 διδασκάλους,
1751 1666 1815 1697 ἀλλ’
1836 1667 1885 1697 ἵνα
1915 1668 2002 1698 θεω-

1205 1721 1312 1758 ρῶσιν,
1346 1719 1426 1749 ὥστε
1460 1718 1505 1758 μὴ
1540 1718 1664 1756 θερίσαι
1699 1717 1813 1752 αὐτοὺς
1847 1718 2001 1758 ἁμαρτίαν

1205 1771 1240 1801 ἐκ
1268 1773 1332 1800 τῶν
1354 1772 1480 1809 ψυχῶν,
1509 1768 1556 1799 ὧν
1579 1769 1816 1809 ἐπιστεύθησαν,
1846 1769 1930 1809 μηδὲ
1959 1770 2002 1804 εἷς

1205 1821 1259 1852 τὸν
1292 1821 1423 1861 βαθμὸν
1457 1823 1511 1860 τῆς
1545 1821 1672 1860 σοφίας,
1712 1819 1749 1851 οὗ
1784 1820 1839 1861 τὴν
1872 1821 2001 1860 ἄγνοιαν

1206 1874 1340 1913 ἔχουσιν,
1379 1872 1546 1912 ἀναπηδᾶν
1580 1871 1794 1908 σπουδάζωσι.
1851 1873 1908 1903 Δεῖ
1941 1872 2001 1912 γὰρ

1205 1924 1327 1959 εἰδέναι,
1353 1924 1429 1955 ὅσον
1445 1923 1588 1957 αὔθαδες
1607 1923 1660 1953 καὶ
1676 1923 1818 1963 φοβερόν
1834 1923 1895 1954 ἔστι
1919 1924 2001 1963 ἀμα-

1206 1976 1251 2016 θῆ
1284 1978 1347 2006 τῶν
1378 1975 1478 2006 θείων
1507 1975 1580 2005 ὄντα
1615 1974 1668 2005 καὶ
1702 1975 1934 2014 ἀνεπιστήμονα
1967 1975 2002 2006 ἔκ

1206 2030 1363 2067 κοσμικῆς
1385 2026 1600 2067 πραγματείας
1623 2026 1676 2056 καὶ
1699 2026 1844 2066 ἀγελαίας
1866 2038 2001 2057 συνανα-

1207 2081 1346 2118 στροφῆς
1369 2079 1411 2112 εἷς
1435 2077 1638 2111 διδασκαλίας
1661 2077 1840 2117 ἀναβαίνειν
1862 2078 2002 2118 βαθμόν.

1206 2129 1309 2164 Ποῖος
1336 2129 1396 2169 γὰρ
1427 2129 1599 2169 στρατηγὸς
1628 2131 1760 2168 στρατοῦ
1790 2129 2004 2169 καθηγεῖσθαι

1208 2181 1350 2216 δύναται,
1379 2180 1432 2211 ἐὰν
1455 2180 1500 2220 μὴ
1528 2180 1723 2220 μαρτυρηθῇ
1749 2180 1837 2221 παρὰ
1864 2181 2002 2216 πάντων,

1207 2233 1252 2263 ὅτι
1280 2232 1408 2263 δύναται
1434 2232 1555 2272 μόχθῳ
1583 2232 1636 2262 καὶ
1659 2232 1802 2272 φροντίδι
1830 2231 1884 2263 τὸν
1906 2243 2002 2262 κατα-

1206 2284 1409 2315 πιστευθὲντα
1433 2284 1519 2323 αὐτῷ
1535 2282 1612 2313 λαὸν
1629 2283 1756 2319 σώζειν,·
1780 2283 1825 2314 Εἰ
1845 2283 1880 2314 δὲ
1902 2286 2001 2322 τοῦτο,

1205 2335 1298 2375 πόσῳ
1318 2335 1439 2375 μᾶλλον
1454 2334 1563 2375 ψυχὰς
1585 2335 1863 2375 ἕμπιστευθήσεται
1887 2334 1940 2365 καὶ
1962 2335 2004 2369 εἷς

1205 2386 1240 2417 τὸ
1256 2387 1341 2427 ὕψος
1356 2389 1410 2426 τῆς
1431 2386 1615 2420 ἔπισκοπίας
1633 2385 1761 2416 ἀνέλθοι
1777 2386 1795 2416 ὁ
1819 2386 1873 2426 τὴν
1890 2386 2003 2426 ἔκκλη-

1160 2452 1163 2455 ·
1205 2438 1365 2478 σιαστικὴν
1379 2438 1522 2479 μάθησιν
1539 2438 1666 2477 ἀγνοῶν
1682 2437 1736 2468 καὶ
1759 2438 1928 2478 στρατείαις
1951 2438 2004 2468 καὶ

459 2552 482 2583 a)
502 2552 610 2576 sessione
630 2552 662 2577 R.
768 2551 792 2584 b)
811 2561 871 2577 -ru-
891 2554 917 2577 in
936 2562 988 2578 ras.
1007 2553 1039 2578 1⁴¹.

356 2594 425 2626 epist.
445 2594 583 2619 Hadriani
602 2595 624 2619 I.
723 2594 744 2626 0)
764 2596 813 2620 -ris
836 2596 863 2620 in
884 2605 936 2621 ras.
956 2596 988 2621 R.

355 2636 375 2668 i)
396 2646 462 2662 corr.
476 2646 507 2662 ex
524 2635 635 2669 ἀνῆλθες
656 2638 743 2663 Hard.

461 2717 487 2751 1)
506 2717 539 2750 I.‚
560 2721 677 2744 τῖε-95.
757 2718 783 2751 2)
805 2722 943 2745 784—806.

356 2760 458 2786 tabant.

358 2802 425 2836 Rea.
439 2806 506 2830 2448
525 2803 621 2837 (1832).

1146 2553 1168 2585 ⁰)
1187 2562 1253 2579 corr.
1267 2563 1297 2579 eo:
1315 2558 1415 2579 metunt
1433 2555 1467 2578 αί.
1486 2562 1555 2578 man.
1574 2553 1606 2579 R.

1085 2595 1103 2628 f)
1123 2605 1232 2630 parvum
1251 2597 1283 2622 R.

1711 2552 1736 2585 d)
1755 2558 1890 2579 assumunt
1907 2554 1945 2582 R,·
1970 2554 2004 2586 cf.

1379 2596 1405 2627 g)
1424 2597 1522 2629 possint
1541 2597 1573 2622 R.
1672 2595 1697 2628 h)
1717 2605 1782 2622 corr.
1796 2604 1827 2621 ex
1845 2594 1897 2627 πρὸ
1915 2595 2003 2622 Hard.

1018 2719 1045 2751 3)
1064 2720 1101 2745 At
1123 2719 1228 2745 Tarasii
1243 2719 1417 2753 patriarchae
1434 2722 1552 2752 tempora
1570 2722 1674 2745 centum
1691 2719 1745 2745 iam
1764 2726 1852 2745 aomos
1870 2721 1935 2744 tunc
1952 2718 2005 2744 dis-

546 2761 573 2793 4)
593 2761 646 2794 Ep.
661 2760 801 2786 Hadriam·
820 2760 844 2787 I.
864 2761 900 2786 ad
919 2761 1127 2788 Constantiozwmz
1145 2765 1167 2788 et
1186 2763 1289 2788 Ireuem
1307 2763 1398 2796 impp„
1418 2762 1457 2789 ed.
1472 2762 1566 2789 Mami
1586 2762 1662 2794 XII,
1681 2765 1742 2788 1056
1751 2769 1786 2794 sq.
1806 2761 1907 2795 (1074),
1931 2760 2007 2792 Jaffe}

709 2804 736 2836 5)
756 2803 780 2830 Ι.
793 2811 812 2829 c.
832 2804 906 2830 miles
924 2805 1064 2838 clamatus,
1083 2805 1229 2839 yreyarius,
1248 2814 1270 2832 r,
1289 2805 1339 2831 Du
1360 2805 1448 2839 Gany&
1465 2813 1485 2831 s.
1499 2814 1520 2832 τ.

2023 752 2045 770 10

2025 1006 2047 1025 15

2023 1263 2048 1282 20

2021 1522 2045 1542 25

2021 1780 2046 1798 30

2022 2037 2046 2056 35

2022 2295 2048 2313 40

2023 2599 2047 2618 45
