2189 3042
203 520 263 541 Cant.
279 522 298 539 6v
311 520 328 538 3.

154 1192 182 1212 ci.
193 1190 262 1212 2.Cor.
270 1193 301 1215 10,
310 1193 328 1211 6,

341 170 380 199 54
785 161 963 189 IOHANNIS
982 160 1057 187 VIII.
1076 160 1192 186 PAPAE
1214 158 1414 186 EPISTOLAE
1434 158 1475 186 59.
1495 158 1536 185 60.

341 252 508 283 domestici
532 246 624 289 eius'7
650 252 816 281 creverunt
839 247 1076 288 inopinabiliter
1099 246 1184 277 mala
1207 248 1239 277 et
1261 256 1324 276 non
1348 245 1451 276 solum
1476 246 1675 278 extrinsecus
1698 247 1786 287 rabie
1809 247 1986 279 infidelium

342 303 548 334 barbarorum
573 301 748 338 atterimur,
778 300 836 331 sed
864 303 897 330 et
925 299 1113 329 intrinsecus
1141 298 1351 338 perversitate
1376 307 1515 338 nequam
1539 297 1792 330 Christianorum
1820 298 1986 330 afficimur.

342 355 461 385 Verum
486 357 604 394 quanto
629 352 832 383 crebrescunt
855 350 940 381 mala
968 359 1153 390 pravorum,
1183 351 1271 379 tanto
1298 358 1442 380 crescere
1467 349 1587 381 debent
1609 349 1694 381 bona
1717 353 1892 387 rectorum;
1925 361 1986 392 que

344 406 486 446 profecto
510 404 578 435 fieri
602 406 777 444 nequeunt,
807 403 866 433 nisi
891 412 948 442 per
972 411 1140 432 commune
1164 400 1298 431 fratrum
1322 400 1494 442 collegium
1518 401 1550 432 in
1573 401 1711 442 idipsum
1736 412 1870 443 corpore
1894 402 1988 433 simul

342 461 374 487 ot
408 459 515 486 mente
546 454 818 491 convenientium;
854 456 902 484 est
938 454 1021 483 onim
1057 452 1194 483 ecclesia
1223 451 1286 483 Dei
1316 455 1448 493 propter
1481 453 1685 484 concordiam
1715 456 1781 485 tam
1810 453 1987 485 visibilibus
2017 462 2030 481 ⁵

345 518 439 548 quam
466 506 677 537 invisibilibus
700 505 844 536 hostibus
868 505 995 535 omnino
1020 503 1170 535 terribilis
1201 506 1234 534 et
1256 503 1344 535 velut
1365 502 1555 535 ‘castrorum
1578 505 1665 536 acies
1689 505 1854 536 ordinata³.
1901 505 1987 541 Qua-

343 562 474 600 propter
503 561 567 588 tam
597 568 654 598 pro
679 556 902 588 ecclesiasticis
926 555 1138 597 quibusdam³
1161 555 1404 586 necessitatibus
1433 566 1529 597 quam
1556 567 1613 597 pro
1644 557 1749 588 statub
1778 560 1810 588 et
1837 567 1894 598 pro
1918 567 1987 588 cor-

343 611 482 641 rectione
502 609 547 639 rei
564 608 690 649 publice
715 609 905 639 auctoritate
923 607 1100 649 apostolica
1117 607 1317 638 decrevimus
1340 608 1588 640 reverendorum
1611 608 1743 639 fratrum
1768 613 1800 640 et
1823 610 1987 649 coepisco-

343 672 453 702 porum
478 664 657 691 nostrorum
681 660 785 690 Italici
809 660 898 700 regni
922 659 1116 699 universale,
1147 659 1180 690 id
1208 663 1257 690 est
1285 660 1382 690 totius
1411 660 1586 700 provincie,
1618 659 1776 691 advocare
1805 661 1987 697 concilium3

343 714 446 744 locum
468 716 576 743 autem
600 722 754 753 nusquam
779 711 819 742 ad
843 711 904 742 hoe
920 710 1097 752 gerendum
1121 711 1279 751 aptiorem
1303 714 1335 742 et
1358 710 1546 747 faciliorem,
1564 722 1660 752 quam
1681 711 1767 752 apud
1782 711 1988 743 Ravennam0
2008 721 2032 740 ιο

342 765 481 805 undique
506 763 738 794 confluentibus
765 762 899 793 inveniri
928 772 1021 802 posse
1050 762 1274 803 perspeximus
1284 761 1304 792 ¹.
1352 762 1508 793 Occurrat
1535 763 1631 804 igitur
1654 763 1804 794 alacriter
1827 774 1898 794 cum
1922 763 1987 794 suf-

343 816 502 856 fragancis
525 816 599 855 suis,
624 825 703 856 quos
726 814 795 855 ipsa
819 814 988 845 convenire
1012 817 1225 853 commoneat,
1250 813 1291 844 ad
1315 813 1517 854 designatam
1540 814 1653 845 urbem
1677 815 1854 846 sanctitatis
1874 815 1988 846 frater-

342 868 424 898 nitas
447 870 480 898 ct
502 870 589 898 tanto
614 866 725 897 deesse
750 866 928 905 conventui,
954 876 1048 906 quem
1072 865 1194 896 scilicet
1216 865 1337 896 ibidem
1361 868 1475 896 octavo
1500 866 1656 897 kalendas
1676 866 1774 897 Iulias
1797 866 1989 898 celebraturi

343 930 458 959 sumus,
482 918 568 949 nullo
593 918 688 949 modo
712 917 862 958 perferat,
888 927 951 958 quo
976 917 1185 958 pullulantiad
1208 917 1240 947 in
1264 927 1341 958 agro
1362 917 1531 948 Dominico
1555 918 1675 949 zizania
1699 919 1861 949 communi
1884 918 1989 949 studio

343 971 494 1002 radicitus
522 972 726 1011 amputentur
754 972 786 1000 et
815 968 989 1000 salubrium
1017 969 1169 1000 virtutum
1200 969 1345 1009 germina
1375 970 1460 1000 socio
1491 979 1549 1010 pro
1576 970 1625 1000 his
1657 971 1832 1001 certamine
1863 970 1990 1011 penitus
2009 982 2034 1000 ιε,

343 1024 528 1054 inserantur.
568 1021 696 1052 Fratres
718 1024 864 1062 preterea
888 1024 921 1051 et
944 1021 1153 1062 coepiscopos
1176 1023 1310 1060 nostros,
1336 1021 1390 1062 qui
1415 1021 1472 1052 sub
1498 1021 1712 1053 beatitudinee
1728 1024 1835 1053 vestra
1859 1022 1989 1063 degunt,

344 1074 384 1105 ad
407 1073 542 1105 eandem
566 1073 776 1104 universalem
800 1072 956 1113 synodum
980 1072 1110 1104 hortatu
1134 1073 1310 1104 sanctitatis
1326 1075 1431 1112 vestre
1448 1073 1556 1104 venire
1581 1073 1803 1114 precipimus?
1840 1073 1990 1115 Quisquis

344 1129 451 1156 autem
476 1136 641 1156 occurrere
665 1124 842 1156 sanctitatis
865 1124 935 1164 tues
956 1124 1039 1155 forte
1064 1125 1302 1165 contempserit,
1332 1124 1491 1155 canonicis
1515 1135 1548 1156 se
1572 1126 1697 1156 noverit
1719 1125 1990 1166 increpationibus

345 1177 568 1218 proculdubio
585 1176 857 1216 summittendum7
882 1177 913 1206 in
930 1179 1100 1217 promptus
1116 1176 1290 1207 secundum
1313 1175 1496 1216 apostolum
1519 1176 1611 1207 nobis
1634 1176 1837 1217 habentibus,
1862 1187 1990 1208 omnem

345 1229 454 1259 ulcisci
486 1239 613 1269 prorsus
642 1227 903 1267 inobedientiam.
953 1227 1047 1258 Hanc
1076 1238 1152 1258 vero
1184 1228 1383 1268 apostolatus
1410 1229 1509 1258 nostri
1542 1228 1712 1269 epistolam
1743 1229 1793 1260 vel
1824 1228 1991 1270 exemplar
2010 1239 2036 1258 πο

345 1280 429 1310 illius
459 1279 622 1310 beatitudo
653 1282 758 1310 vestra
787 1280 818 1310 in
851 1279 970 1310 diocesi
1001 1290 1058 1310 sua
1088 1279 1235 1311 omnibus
1266 1279 1488 1311 indifferenter
1520 1280 1679 1321 episcopis
1708 1280 1915 1322 patefaciath,
1951 1290 1990 1311 ne

345 1331 475 1372 aliquod
500 1332 598 1372 possit
621 1331 661 1362 ab
685 1330 880 1370 inobedienti
905 1332 1129 1372 excusationis,
1154 1332 1239 1373 quod
1262 1342 1325 1362 non
1350 1332 1492 1373 expedit,
1517 1332 1664 1363 velamen
1688 1332 1830 1364 obtendi.

1142 1480 1192 1509 60.

454 1537 611 1568 Iohannes
629 1537 726 1571 VIII.
738 1548 828 1577 papa
845 1537 1061 1577 (Walpertum
1075 1538 1310 1578 patriarcham)
1327 1538 1558 1578 Aquileiensem
1581 1539 1624 1570 ad
1638 1539 1790 1579 synodum
1807 1539 1993 1579 (Ravennae

346 1589 375 1619 d.
392 1589 442 1619 24.
460 1589 566 1629 Iunii)
590 1588 800 1621 celebrandam
823 1590 909 1627 citat,
934 1590 986 1621 ubi·
1009 1589 1166 1629 quaedam
1190 1590 1226 1620 de
1249 1600 1282 1621 eo
1304 1590 1385 1621 male
1408 1590 1578 1629 diffamata
1600 1590 1782 1622 ventilanda
1803 1591 1877 1622 sint.

1666 1643 1730 1673 877
1752 1642 1835 1673 Mai.
1851 1644 1902 1674 27.
2010 1651 2035 1670 25

460 1674 533 1700 Coa:
561 1674 588 1700 R
604 1677 624 1707 f.
639 1678 671 1700 29
689 1683 715 1701 21.
729 1678 768 1701 59.

449 1725 534 1752 Edd:
560 1725 652 1752 Editio
666 1726 791 1752 Romana
810 1727 894 1759 (1591)
912 1726 973 1758 III,
993 1730 1041 1753 336
1060 1735 1086 1752 n.
1101 1730 1140 1753 58.
1178 1727 1273 1752 Mansi
1295 1727 1373 1753 Cone.
1388 1727 1444 1752 coll.
1458 1726 1560 1759 XVII,
1577 1731 1610 1754 50
1628 1735 1655 1754 n.
1668 1730 1707 1754 53.
1744 1728 1839 1761 Miyne
1858 1727 1932 1754 Patr.
1946 1728 1992 1755 lat.

350 1768 482 1801 CXXVI,
504 1771 550 1794 734
569 1777 595 1794 oz.
608 1772 648 1795 84.
668 1784 699 1787 —-
719 1769 794 1801 Jaffe'
814 1769 877 1802 Rey,
891 1772 957 1795 3103
975 1770 1073 1803 (2332).

985 1849 1032 1872 AD
1050 1848 1349 1879 AQU1LE1ENSEM223.

455 1898 628 1929 Novimusb
656 1901 793 1928 vestram
825 1898 1057 1929 beatitudinem
1089 1909 1108 1929 a
1137 1898 1296 1929 nonnullis
1326 1898 1366 1929 de
1398 1898 1606 1940 quibusdam⁰
1634 1900 1793 1930 exteriusc
1822 1899 1990 1939 diffamari,
2010 1906 2036 1925 ³⁰

349 1950 433 1990 quod
450 1949 614 1991 profectod
630 1951 661 1980 in
684 1949 826 1990 synodali
844 1953 892 1980 est
909 1951 1105 1981 conventue4
1120 1950 1252 1981 interius
1277 1954 1309 1981 et
1332 1950 1563 1991 perspicaciusf
1578 1951 1798 1982 ventilandum
1822 1954 1855 1982 et
1878 1961 1989 1982 secuu-

348 2001 423 2032 dum
447 2002 493 2032 sui
518 2001 703 2042 qualitatem
727 2002 864 2042 regulari
889 2012 1021 2033 censura
1044 2002 1167 2033 modisg
1191 2001 1338 2033 omnibus
1361 2002 1545 2034 finiendum.
1592 2002 1657 2034 Sed
1680 2003 1839 2034 credimus
1863 2002 1991 2034 divinah

348 2053 475 2083 favente
505 2053 607 2093 gratia
634 2063 690 2083 vos
713 2063 819 2083 coram
842 2054 963 2094 positos
986 2054 1031 2084 ita
1058 2054 1200 2085 insontes
1223 2053 1445 2093 inveniendos⁷
1475 2056 1511 2084 ut
1534 2054 1651 2085 veritas
1675 2055 1839 2096 exagitata
1862 2065 1925 2085 non
1951 2055 1991 2087 de

348 2104 436 2135 vobis
453 2104 532 2143 ceni,
549 2104 635 2145 quod
651 2104 743 2144 absit,
760 2104 817 2135 sed
832 2106 985 2145 unguenti
1002 2106 1153 2137 commoti
1170 2105 1341 2137 iocundum
1357 2105 1473 2136 reddat
1490 2105 1644 2143 odorem&
1669 2107 1728 2137 nisi
1745 2107 1827 2137 forte
1844 2106 1992 2138 absentia

349 2159 517 2196 procurata
532 2166 617 2194 vera,
634 2165 694 2196 que
711 2155 857 2186 dicuntur
873 2156 912 2186 de
930 2156 1029 2197 vobis,
1047 2157 1236 2198 comprobet
1253 2160 1285 2188 et
1302 2167 1417 2198 penam
1442 2158 1556 2189 merito
1572 2158 1703 2199 irroget,
1721 2169 1793 2200 que,
1811 2159 1836 2189 si
1852 2158 1990 2199 adesset,
2010 2173 2034 2192 35

349 2207 501 2247 magistra
524 2207 643 2237 iustitia
667 2206 797 2238 forsitan
819 2208 1021 2239 retundisset.

451 2268 544 2291 DATA
563 2268 606 2292 VI.
625 2268 807 2292 KALENDAS
830 2269 925 2298 1UN11,
946 2269 1144 2294 INDICTIONE
1163 2271 1193 2295 X.

453 2443 476 2474 a)
494 2451 526 2468 ne
544 2443 593 2468 del.
608 2447 666 2474 post
685 2444 836 2474 quibusdam
854 2443 886 2468 B.
974 2443 997 2475 h)
1016 2453 1083 2469 corr.
1096 2454 1126 2470 ex.
1144 2450 1224 2470 stratu
1244 2445 1275 2471 R.
1358 2445 1380 2477 ο)
1398 2447 1547 2471 Revennam
1566 2446 1598 2471 R.
1687 2445 1710 2477 d)
1729 2446 1788 2479 pul·
1807 2455 1874 2472 corr.
1888 2455 1918 2471 ex
1936 2447 1990 2480 pol-

350 2488 384 2512 (ιί.
398 2495 467 2511 wizan.
486 2486 517 2511 R.
605 2486 626 2516 8)
647 2494 712 2510 corr.
725 2494 755 2510 erut
773 2486 955 2511 beatitudinem
974 2488 1009 2511 al.
1022 2496 1090 2512 man.
1109 2488 1140 2512 R.
1222 2487 1241 2519 f)
1260 2497 1326 2514 corr.
1340 2497 1370 2513 ex
1389 2489 1511 2514 sanctitas
1528 2492 1573 2514 tua
1591 2489 1626 2514 al.
1639 2497 1708 2514 man.
1728 2489 1759 2514 R.
1849 2488 1873 2520 Β)
1891 2498 1992 2522 promp-

350 2534 403 2554 tum
423 2529 454 2554 R.
542 2528 567 2561 h)
586 2538 652 2553 corr.
665 2537 695 2553 ea·
714 2533 799 2561 parate
818 2530 893 2554 faciat
911 2530 946 2554 al.
959 2538 1026 2554 man.
1045 2530 1077 2556 R.
2009 2542 2037 2560 40

453 2584 494 2610 «30.
522 2583 546 2614 a)
565 2591 664 2613 Aonas
682 2592 744 2609 Eius
762 2584 792 2608 R.
881 2583 906 2616 h)
926 2593 942 2608 v
955 2594 1020 2609 corr.
1034 2594 1064 2610 ex
1082 2586 1099 2610 b
1112 2587 1146 2611 al.
1161 2595 1229 2612 man.
1247 2587 1279 2612 R.
1368 2587 1390 2619 c)
1410 2588 1471 2620 quid
1484 2588 1639 2617 sinesterius,
1653 2587 1768 2619 primum
1781 2596 1794 2613 e
1807 2596 1874 2613 corr.
1892 2587 1940 2612 ini
1958 2588 1991 2613 R.

351 2627 375 2660 d)
394 2636 459 2652 corr.
473 2636 503 2652 ea:
521 2636 565 2659 pro
584 2631 700 2660 proteetu
718 2627 753 2652 al.
767 2636 835 2651 man.
848 2627 880 2652 R.
951 2628 973 2658 c)
992 2636 1058 2653 corr.
1071 2637 1101 2653 ez
1119 2634 1273 2654 conventum
1292 2630 1323 2654 R.
1395 2629 1414 2661 f)
1433 2630 1571 2656 secundum
1590 2638 1604 2655 c
1622 2630 1649 2655 in
1666 2638 1719 2655 ras,
1732 2630 1764 2655 R.
1836 2630 1860 2661 Β)
1881 2639 1948 2656 corr.
1961 2639 1992 2656 ex

351 2670 424 2695 modo
444 2670 478 2694 al.
491 2678 560 2694 man.
579 2669 610 2693 R.
698 2667 723 2700 1Ι)
743 2677 809 2694 corr.
823 2677 853 2694 ea:
871 2670 958 2700 divine
977 2670 1011 2695 al.
1025 2678 1093 2695 man.
1114 2671 1144 2696 R.
1233 2671 1251 2704 i)
1270 2680 1338 2697 orem
1357 2672 1389 2698 R.

456 2746 480 2777 1)
502 2744 542 2777 Os.
561 2753 608 2771 nn.
624 2749 661 2777 57,
681 2748 719 2771 58,
791 2745 817 2777 2)
839 2744 880 2776 Cf.
895 2753 923 2778 p.
937 2749 966 2771 55
984 2748 1076 2771 annot.
1090 2749 1112 2772 3.
1183 2747 1209 2780 3)
1230 2747 1420 2774 Patrico-eham
1442 2748 1621 2782 Walpertum;
1639 2749 1672 2780 cf.
1690 2757 1717 2775 a.
1730 2752 1770 2775 49.
1841 2748 1867 2780 4)
1887 2748 1991 2774 Raven-

353 2788 418 2820 nati,
439 2788 474 2821 cf.
495 2795 540 2814 nn.
555 2791 665 2814 57—59.
699 2787 830 2820 Walperti
847 2796 944 2814 nomen
962 2788 1028 2814 deest
1046 2788 1114 2814 inter
1131 2788 1331 2822 subscriptiones
1348 2791 1451 2825 synodi,
1470 2792 1504 2824 cf.
1523 2794 1584 2818 acta
1603 2799 1647 2825 ‘112-
1661 2791 1755 2817 Mansa*
1774 2790 1875 2823 XVII,
1893 2793 1950 2818 341.
2008 2798 2034 2816 45
