2189 3042
184 754 208 772 10

183 1011 204 1029 15

181 1266 205 1285 20

180 1523 205 1542 25

181 1926 206 1944 30

181 2236 205 2255 35

177 2532 205 2551 40

181 2791 206 2809 45

658 171 836 197 IOHANNIS
856 171 929 197 VIII.
950 170 1068 197 PAPAE
1091 170 1289 197 EPISTOLAE
1312 171 1371 198 205.
1388 156 1449 198 ⁴206.
1821 175 1879 204 165

512 275 660 299 DILECTO
680 275 722 299 Ac
746 275 914 299 SPIRITALI
937 275 1029 299 FILIO
1050 275 1275 300 HLUDOUUICO
1298 276 1465 300 GLORIOSO
1489 276 1594 301 REG11.

336 329 451 370 Vestre
482 330 569 370 regie
599 330 781 360 screnitatis
809 329 969 360 mellifluis
997 330 1125 361 relectis
1150 330 1308 370 apicibus,
1342 341 1421 372 quos
1446 341 1503 371 per
1525 331 1697 362 Astaldum
1721 333 1878 372 insignem

228 382 379 412 comitem
406 384 546 412 vestrum
578 381 669 412 nobis
696 381 902 419 mandastis2‚
934 384 1085 422 quantam
1117 381 1320 412 devotionem
1349 392 1386 412 ac
1410 383 1656 413 sincerissimam
1681 383 1878 414 voluntatem

228 433 392 464 exaltandi
421 436 453 463 et
481 432 676 464 deFendendi
701 431 869 462 ecclesiam
893 432 955 462 Dei
985 443 1074 463 more
1104 432 1255 463 videlicet
1282 436 1451 473 parentum
1480 436 1657 464 vestrorum
1688 435 1878 475 gloriosissi-

227 494 352 515 morum
384 485 613 524 imperatorum
647 483 807 521 habeatis,
838 483 909 514 luce
940 483 1055 514 clarius
1082 485 1257 514 novimusa.
1308 484 1424 515 Undeb
1452 485 1546 516 valde
1574 485 1675 526 gavisi
1704 486 1878 517 existentes

228 536 385 566 maximas
402 532 611 574 excellentiee
628 538 732 574 vestre
750 535 873 575 agimus
890 535 1019 575 g1·atiaS‚
1042 536 1115 575 quia
1132 535 1223 565 nobis
1239 536 1322 566 inter
1339 538 1385 566 tot
1401 537 1563 577 angustias
1580 543 1612 567 et
1628 537 1878 577 persecutiones,

228 597 306 627 quas
330 598 348 617 a
372 587 505 627 paganis
529 586 656 616 assidue
681 596 776 626 supra
800 586 930 616 modum
947 587 1095 625 patimur,
1114 590 1218 625 vestre
1243 587 1358 626 invicte¹
1376 588 1518 628 potentie
1543 588 1697 619 auxilium
1715 588 1877 619 defensio-

226 638 339 678 nisque
368 638 521 675 solacium
550 638 602 677 pia
626 637 795 667 dumtaxat
817 637 914 667 animi
939 637 1109 668 devotione
1135 638 1279 668 conferre
1305 638 1496 669 omnimodis
1520 640 1664 680 cupiatis
1710 639 1804 679 Ideo,
1834 640 1879 670 fili

226 690 405 729 karissime,
429 692 535 728 nostre
560 689 735 729 apostolice
754 689 973 718 ammonitioni
990 699 1100 719 aurem
1118 689 1286 729 clementie
1304 693 1410 730 vestre¹
1425 693 1459 721 ut
1475 691 1735 730 accommodetis,
1759 691 1877 721 obnixe

226 751 408 781 precamur,
438 743 474 770 ut
498 740 589 770 citius
612 739 703 769 nobis
726 742 832 769 vestro
858 740 980 779 potenti
1006 739 1136 769 brachio
1161 740 1329 771 subvenire
1354 741 1523 779 studeatis,
1555 745 1711 782 quatenus
1734 745 1877 773 sanctam

225 791 288 822 Dei
312 791 482 822 ecclesiam
506 791 537 820 in
560 801 677 831 magna
708 800 789 820 nunc
820 790 1026 821 fluctuatione
1051 791 1188 831 positam
1213 791 1273 821 add
1298 794 1424 831 portum
1449 793 1559 823 salutis
1584 797 1616 823 et
1640 794 1878 834 tranquillitatis

226 842 401 873 efficaciter
430 842 614 882 perducatis
644 844 677 871 et
707 844 825 872 terram
855 841 1015 882 perditam
1044 852 1101 882 per
1129 852 1184 872 vos
1209 841 1279 872 Deo
1304 844 1443 883 propitio
1468 844 1508 874 ad
1532 844 1697 884 pristinam
1722 845 1877 875 revocetis

224 893 492 932 incolumitatem,
522 896 558 923 ut
587 904 627 923 ex
654 892 715 923 hoc
745 896 776 923 et
800 893 886 933 apud
910 894 1162 933 omnipotentem
1186 893 1358 923 Dominum
1384 894 1511 935 dignam
1537 896 1670 926 valeatis
1693 895 1877 926 mercedem

224 946 378 985 recipere,
403 948 436 975 et
458 945 490 975 iu
514 944 654 985 presenti
672 944 778 984 seculo
796 944 958 975 laudabile
976 954 1092 975 nomen
1109 944 1291 975 omnimodo
1309 944 1494 985 adquiratis.
1542 946 1746 987 Quapropter
1763 948 1876 977 scitote

224 1007 281 1037 pro
306 1000 404 1033 certo,
429 997 504 1037 quia
527 996 631 1026 nullus
652 999 820 1036 parentum
837 999 1015 1026 vestrorum
1032 998 1154 1026 tautam
1170 996 1306 1037 gloriam
1324 999 1356 1026 et
1373 996 1602 1028 exaltationem
1620 1009 1637 1028 a
1655 998 1877 1028 decessoribus

224 1049 339 1078 nostris
363 1048 522 1088 percepit,
547 1050 700 1088 quantam
724 1058 781 1077 1103
806 1046 909 1085 vobis,
934 1048 960 1076 si
983 1047 1150 1086 veneritis,
1176 1047 1249 1077 totis
1274 1047 1493 1088 multipliciter
1516 1049 1634 1079 viribus
1659 1049 1878 1079 desideramus

222 1099 419 1140 impendere.
455 1099 556 1130 Porro
575 1099 614 1129 de
632 1099 702 1138 hoc,
720 1098 805 1139 quod
828 1098 1012 1137 mandastis,
1036 1101 1072 1128 ut
1096 1109 1152 1138 pro
1178 1102 1295 1129 eventu
1318 1100 1409 1139 regni
1426 1099 1622 1130 Hludouuiei
1647 1101 1697 1140 pie
1722 1101 1876 1140 memorie

222 1150 349 1191 nepotis
365 1150 482 1181 vestri-'⁵
499 1150 659 1191 prepediti
681 1150 834 1189 existatis,
859 1161 916 1190 pro
934 1150 1044 1189 multe,
1070 1149 1155 1190 quod
1180 1150 1264 1180 circa
1280 1160 1336 1181 vos
1353 1150 1483 1180 videndi
1501 1150 1696 1181 desiderium
1711 1150 1875 1189 habemus,

223 1201 343 1232 turbati
367 1212 541 1232 manemus,
585 1200 649 1232 Sed
673 1204 780 1232 vestra
804 1201 852 1231 fisi
876 1201 1074 1241 benignitate
1099 1201 1247 1241 petimus,
1271 1205 1306 1231 ut
1330 1202 1416 1232 omni
1440 1212 1514 1232 cura
1538 1206 1662 1233 remota
1685 1212 1743 1243 pro
1768 1213 1877 1233 amore

224 1253 287 1284 Dei
311 1256 343 1284 et
366 1256 549 1284 sanctorum
572 1252 790 1293 apostolorum
807 1252 896 1283 Petri
921 1262 957 1282 ac
975 1252 1069 1282 Pauli
1094 1255 1198 1292 nostre
1216 1253 1397 1293 petitionise
1413 1253 1660 1284 sollicitudinem
1677 1254 1730 1294 pio
1747 1256 1877 1294 pectore

223 1308 329 1336 vestro
354 1305 503 1335 alacriter
521 1305 700 1343 assumatis,
724 1307 768 1345 ut,
793 1305 873 1335 sicut
897 1304 989 1335 sedes
1014 1304 1200 1344 apostolica,
1226 1315 1286 1345 que
1312 1308 1407 1345 caput
1432 1308 1480 1334 est
1504 1305 1644 1335 omnium
1669 1305 1878 1336 ecclesiarum

225 1355 298 1395 Dei,
322 1366 379 1386 vos
402 1366 519 1397 magno
544 1355 704 1386 desiderio
730 1356 821 1396 quasi
844 1355 970 1385 unicum
996 1358 1028 1386 et
1051 1355 1247 1385 carissimum
1272 1355 1371 1385 filium
1397 1355 1599 1396 prestolatur,
1624 1359 1730 1386 vestra
1746 1357 1878 1397 speciali

224 1408 346 1438 visione
371 1407 520 1438 celeriter
542 1408 739 1448 perfruatur,
764 1407 928 1448 quoniam,
958 1407 983 1436 si
1008 1406 1078 1437 Deo
1103 1406 1232 1436 favente
1256 1406 1439 1438 Romanum
1468 1408 1666 1448 sumpseritis
1696 1408 1875 1448 imperium,

225 1460 332 1489 omnia
356 1459 445 1489 vobis
469 1469 569 1499 regna
593 1458 737 1489 subiecta
762 1459 910 1489 existent.
947 1457 1030 1488 Nam
1054 1458 1080 1488 si
1096 1458 1234 1498 pleniter
1250 1458 1382 1499 sciretis,
1408 1462 1526 1500 quanta
1549 1470 1606 1490 uos
1622 1458 1762 1500 undique
1779 1460 1875 1499 mala,

226 1520 287 1550 que
311 1520 368 1550 pro
392 1509 595 1540 multitudine
620 1509 760 1540 scribere
784 1509 996 1550 nequivimus,
1022 1509 1205 1549 opprimunt
1229 1511 1261 1539 et
1284 1509 1444 1550 affligunt,
1470 1513 1591 1540 tantum
1617 1511 1648 1540 iu
1672 1514 1778 1541 vestra
1802 1521 1875 1542 con-

223 1560 370 1591 fidimusf
391 1562 564 1602 sapientia,
594 1560 680 1602 quod
709 1571 767 1601 per
790 1563 930 1591 vestram
959 1560 1214 1601 magnitudinem
1237 1560 1300 1591 iam
1325 1571 1528 1592 maneremus
1553 1561 1686 1592 defensi.
1732 1562 1821 1593 Deus
1846 1566 1876 1593 te

224 1612 418 1643 incolumem
443 1613 612 1653 custodiat,
637 1613 798 1643 carissime
823 1612 877 1643 fili.

325 1679 419 1702 DATA
441 1679 485 1703 UT
504 1679 620 1703 SUPRA.
948 1696 1151 1697 —j

1013 1808 1084 1837 206.

331 1865 490 1896 Iohannes
508 1865 600 1895 VIII.
612 1875 702 1904 papa
718 1866 892 1896 sacerdotes
908 1868 936 1896 et
953 1865 1106 1904 populum
1120 1866 1302 1897 Brcmimiri
1318 1866 1423 1906 (ducis
1440 1866 1681 1906 Chrobatorum)
1698 1866 1742 1897 ad
1757 1866 1875 1897 Roma-

225 1927 300 1947 nam
323 1916 481 1947 ecclesiam
505 1917 605 1947 redire
628 1918 786 1957 cupientes
809 1917 968 1948 collaudat
991 1918 1095 1956 eisque
1118 1918 1277 1949 bcnedicz'l.
1581 1919 1644 1948 879
1667 1918 1741 1948 Iun.
1761 1920 1789 1948 7.

337 1984 413 2011 Cod.:
442 1984 469 2010 R
487 1987 508 2018 f.
521 1988 555 2011 80
572 1994 598 2012 n.
614 1989 669 2011 201‘.

327 2036 412 2062 Edd.:
442 2036 537 2062 Editio
551 2037 677 2062 Romana
690 2036 777 2070 (1591)
792 2037 846 2069 III,
861 2041 909 2063 422
927 2046 954 2063 21.
969 2041 1026 2064 185.
1057 2037 1152 2063 Mansa*
1174 2038 1252 2064 Cone.
1263 2038 1320 2064 coll.
1336 2037 1433 2069 XVII,
1448 2041 1496 2063 126
1509 2047 1534 2063 71.
1548 2041 1602 2064 185.
1635 2038 1728 2071 Illiyoze
1742 2037 1818 2063 Patr.
1831 2037 1877 2062 lat.

226 2078 360 2111 CXXVI,
380 2083 432 2105 842
451 2088 477 2106 ⁷1.
491 2083 545 2106 230.
585 2079 668 2112 Fejc'r
690 2080 750 2106 Cod.
765 2080 829 2113 dipl.
843 2080 1004 2113 Hunyariac
1023 2080 1043 2105 Ι
1067 2083 1123 2107 209.
1144 2096 1171 2098 —
1195 2081 1271 2112 Jaffe'
1291 2081 1357 2114 Rey.
1372 2084 1438 2107 3260
1456 2080 1552 2113 (2479).

461 2167 614 2191 OMNIBUS
632 2167 923 2191 VENERABILIBUS‘*
943 2169 1198 2192 SACERDOTIBUS
1222 2169 1265 2192 ET
1284 2168 1453 2193 UNIVERSO
1477 2168 1636 2192 l'OI’ULO'.

332 2220 411 2252 Cum
441 2220 564 2251 litteras
595 2222 748 2263 principis
779 2223 897 2253 vestri¹¹
921 2223 1108 2262 Branimirc,
1141 2234 1219 2263 quas
1249 2223 1340 2254 nobis
1370 2234 1427 2264 per
1450 2223 1627 2254 Iohannem
1657 2222 1876 2253 venerabilem

223 2272 468 2314 presbyterum⁵
485 2273 553 2313 ipse
572 2273 698 2314 direxit,
722 2274 916 2314 legeremus,
934 2284 996 2305 non
1012 2274 1116 2305 solum
1133 2275 1216 2305 illius
1233 2275 1447 2315 devotionem,
1472 2275 1528 2306 sed
1546 2273 1663 2305 etiamst
1679 2274 1755 2304 fidei
1771 2276 1875 2312 vestre

222 2325 442 2355 sinceritatem
467 2328 500 2354 et
523 2324 740 2362 dilectionem,
766 2335 862 2366 quam
887 2326 970 2356 circa
995 2329 1139 2356 sanctum
1155 2326 1288 2357 Petrum
1306 2326 1524 2367 apostolorum
1542 2326 1719 2366 principem
1744 2328 1776 2355 et
1792 2325 1876 2355 circa

223 2385 281 2406 nos
309 2375 447 2415 habetis,
481 2377 688 2417 cognovimus
713 2380 759 2416 et,
784 2378 858 2418 quia
883 2377 971 2408 velut
993 2377 1153 2408 karissimi
1176 2378 1231 2408 filii
1260 2378 1302 2409 ad
1326 2381 1468 2409 sanctam
1489 2377 1670 2408 Romanam
1695 2377 1874 2415 ecclesiam,

327 2480 386 2505 205.
413 2481 436 2512 a)
455 2490 472 2505 v
491 2489 557 2506 corr.
572 2489 602 2505 eac
621 2481 636 2505 b
656 2481 687 2506 R.
795 2481 819 2512 b)
840 2482 902 2506 -nde
924 2482 952 2505 *1⁷12
969 2490 1022 2506 ras.
1044 2481 1073 2506 R.
1179 2481 1201 2509 0)
1222 2489 1250 2512 Ὦ
1274 2490 1340 2506 corr.
1356 2491 1386 2506 ea·
1404 2491 1446 2507 -as
1467 2482 1496 2506 R.
1607 2479 1631 2511 d)
1651 2481 1666 2504 d
1685 2489 1752 2505 corr.
1766 2488 1795 2504 cx
1814 2483 1823 2503 t
1842 2479 1873 2503 B.

224 2523 245 2555 e)
265 2524 318 2548 -nis
338 2533 403 2548 corr.
418 2533 448 2549 eat:
466 2533 525 2549 -ues
546 2524 577 2549 R.
664 2523 683 2555 ί)
703 2525 882 2556 cognoscimus
905 2524 932 2549 H.

325 2575 384 2601 206.
412 2576 436 2608 ³)
456 2583 677 2609 UENERAUUILIBUS
696 2576 728 2602 B.
811 2575 835 2608 b)
856 2578 910 2602 [1sz
946 2576 978 2600 R.
1068 2576 1090 2608 c)
1110 2570 1181 2602 bra1¹1i
1201 2577 1232 2601 R.
1320 2576 1344 2609 d)
1363 2578 1411 2602 -ti-
1432 2578 1458 2601 ἰη
1476 2585 1526 2601 ras.
1548 2576 1579 2601 It.

327 2657 352 2688 1)
372 2655 442 2687 HL,
459 2656 496 2688 fil.
516 2655 647 2681 Eadm-ici
667 2656 829 2682 Germanici.
863 2656 901 2687 Cf.
920 2664 947 2682 w.
961 2660 1002 2682 88.
1023 2671 1054 2674 ——
1074 2656 1115 2682 Dc
1133 2665 1160 2682 re
1178 2657 1211 2688 cs.
1227 2657 1363 2682 Dammszer
1382 2657 1398 2683 l.
1415 2657 1430 2683 I.
1451 2657 1526 2688 1112,
1547 2660 1583 2682 97.
1603 2659 1659 2681 104.
1752 2654 1778 2681 2)
1800 2654 1872 2685 (enm)

224 2706 279 2723 ‘non
297 2701 408 2725 exstant.
514 2699 540 2731 3)
560 2699 652 2731 Balbi,
676 2707 729 2732 quo
747 2702 850 2725 mortuo
868 2699 894 2725 d.
910 2702 945 2724 12.
961 2699 1065 2732 Aprilis
1083 2699 1234 2726 Ludovicus
1253 2700 1313 2726 III.
1332 2708 1428 2732 mayno
1446 2701 1602 2732 congyrcquto
1621 2696 1734 2723 exercitu
1756 2695 1870 2721 Galliam

223 2741 370 2773 invasere&
394 2743 428 2775 cf.
448 2741 587 2767 Dic'mmler
611 2742 626 2767 l.
640 2742 655 2767 l.
676 2742 751 2775 1112,
770 2746 821 2768 117.
927 2742 954 2775 4)
974 2742 1034 2767 Scil.
1055 2741 1257 2768 Chrobatorum.
1298 2743 1337 2774 Cf.
1356 2750 1395 2775 ep.
1415 2752 1439 2767 η.
1456 2747 1503 2767 190
1525 2741 1641 2767 eiusdem
1663 2738 1816 2773 arymncnti
1835 2738 1871 2762 ad

225 2783 415 2810 Bramme-um
436 2783 524 2809 ducem
543 2784 629 2810 eodem
648 2784 690 2810 die
707 2785 842 2818 scriptam.
930 2785 956 2817 5)
982 2784 1113 2816 Venatum,
1133 2788 1166 2818 cf.
1182 2793 1210 2817 p.
1225 2788 1273 2811 152
1290 2788 1380 2811 annot.
1397 2788 1420 2811 2.
