2189 3042
89 566 118 587 oi.
126 565 204 587 Matth.
215 568 248 589 18,

126 594 215 614 21-22.

91 1538 120 1560 cx.
128 1529 208 1558 Μιλτὼ.
220 1541 252 1560 ιε,

136 1566 218 1585 15--184

105 1692 135 1712 01,
143 1691 222 1713 Matth.
230 1694 250 1715 4,

149 1719 218 1738 1-10.

56 1964 85 1985 cl,
95 1962 161 1983 Num.
170 1964 203 1984 21,
218 1964 251 1982 22¹.

124 2064 152 2085 cf.
163 2064 204 2085 Ex.
216 2066 248 2085 12.

263 124 323 154 380
622 116 821 145 EPISTOLAE
839 115 888 142 AD
908 115 974 142 RES
994 114 1223 142 ORIENTALES
1241 114 1473 142 SPEOTANTES
1493 115 1516 141 2.
1529 115 1554 142 3.

262 207 426 238 ἀπολεῖται.
461 205 526 236 Καὶ
549 204 610 244 γὰρ
633 205 731 244 ἡμεῖς,
762 203 808 237 ὡς
831 203 1013 243 φθάσαντες
1039 202 1171 243 ἔφαμεν,
1199 205 1236 243 τῇ
1264 204 1328 233 τῶν
1356 201 1569 242 φιλοχρίστων
1590 201 1747 242 βασιλέων
1776 203 1914 234 κελεύσει

261 258 316 298 τὴν
338 255 672 288 Κωνσταντινούπολιν
700 254 939 295 καταλαβόντες,
973 254 1101 285 πολλῶν
1131 254 1216 295 ἡμᾶς
1248 253 1330 294 πρὸς
1362 253 1418 294 τὴν
1449 253 1620 284 κοινωνίαν
1652 253 1829 285 ὠθούντων
1861 253 1915 285 καὶ

262 309 485 349 διομνυμένων
508 307 640 341 τούτους
661 306 749 347 παρὰ
773 309 828 337 τοῦ
852 306 1064 337 ἀποστολικοῦ
1087 305 1211 346 θρόνου
1236 305 1422 346 οἶκονομίας
1450 305 1543 346 χάριν
1570 305 1724 345 ἒαθῆναιᾶ
1747 305 1790 340 εἷς
1818 304 1854 336 τὸ
1877 304 1914 337 τὰ

261 364 313 401 τῆς
336 361 492 400 ἱερατικῆς
515 359 604 395 ἀξίας
620 358 796 392 ἀκωλύτως
820 358 975 394 διατελεῖν,
1000 358 1155 398 οὐδαμῶς
1178 356 1313 392 αὗτοὺςδ
1329 357 1552 397 ἐπιστεύσαμεν
1568 356 1602 388 τὸ
1618 356 1727 388 πιστὸν
1742 357 1796 388 καὶ
1812 357 1914 397 ἀναμ-

261 412 407 453 φίλεκτον
429 410 516 451 παρὰ
541 414 594 451 τῆς
617 414 674 451 σῆς
697 410 861 450 ἁγιότητος
890 409 1104 450 ἐκδεχόμενοι.
1144 408 1266 445 Οὐδεὶς,
1291 408 1319 440 ὦ
1341 409 1424 450 τιμία
1447 408 1581 449 κεφαλή,
1605 408 1655 439 ἐπὶ
1676 408 1746 449 θεῷ
1767 408 1915 449 μάρτυρι,

260 466 323 495 τῶν
346 466 391 504 τῷ
419 463 536 503 Φωτίῳ
558 462 826 503 κοινωνησάντων
849 461 913 502 ἰδίᾳ
937 462 1050 502 γνώμῃ
1079 463 1171 492 τοῦτο
1193 460 1375 501 πεποίηκεν,
1405 459 1482 491 ἀλλὰ
1505 460 1559 501 βίᾳ
1583 462 1646 491 τῶν
1667 460 1735 491 τότε
1756 459 1915 500 κρατούν-

260 527 333 547 των.
373 514 430 546 Διὸ
456 514 597 554 δεόμεθα
621 513 676 554 τὴν
699 513 758 554 σὴν
781 513 925 554 ὁσιότητα
949 513 1072 554 ἐλεῆσαι
1094 512 1172 544 λαὸν
1195 512 1452 552 ἀπεγνωσμένον.
1490 511 1644 543 Δυσωπεῖ
1663 524 1697 544 σε
1716 511 1851 552 Πέτρος,
1876 509 1916 542 οὗ

262 567 316 598 τὸν
338 567 461 607 θρόνον
484 567 592 607 ἔλαχες
616 566 741 601 διέπειν,
765 566 800 599 ὃς
824 568 1002 606 συγχωρεῖν
1025 564 1298 606 ἑβδομηκοντάκις
1320 563 1396 595 ἑπτὰ
1419 563 1507 604 παρὰ
1530 567 1584 595 τοῦ
1606 564 1736 595 πάντων
1759 563 1915 595 δεσπότου

260 618 314 650 καὶ
336 621 400 653 τοῖς
416 618 448 649 ἓν
465 619 579 658 γνώσει
603 618 838 658 ἁμαρτάνουσιν
861 617 1027 658 ἐδιδάχθη.
1057 616 1261 648 Ἐπάκουσον
1284 617 1378 657 ἡμῶν
1401 615 1455 647 καὶ
1476 615 1563 657 λήψῃ
1584 616 1638 647 καὶ
1661 615 1755 651 αὐτὸς
1778 616 1813 647 ἔκ
1835 616 1916 647 θεοῦ

260 670 315 711 τὴν
339 670 467 701 ἀνωθεν
491 670 653 710 εὐμένειαν
677 669 731 700 καὶ
757 669 886 710 μακρὸν
909 669 1027 709 χρόνον
1050 669 1093 703 εἷς
1115 668 1150 700 τὸ
1173 668 1292 699 ἰθύνειν
1314 668 1370 708 τὴν
1392 667 1603 708 ἀποστολικὴν
1627 668 1796 708 ἐκκλησίαν
1818 679 1914 708 πρεσ-

260 722 358 763 βείαις
387 725 442 762 τῆς
471 722 644 762 ὑπεραγίας
677 721 835 753 θεοτόκου
868 724 932 752 τῶν
963 723 1087 761 νοερῶν
1118 720 1290 761 δυνάμεων
1317 719 1505 751 ἀποστόλων
1533 722 1711 760 προφητῶν
1740 720 1917 761 μαρτύρων

261 774 359 805 ὁσίων
382 773 435 804 καὶ
458 774 587 805 πάντων
610 776 673 804 τῶν
697 774 806 814 ἁγίων.

1077 954 1105 984 3.

371 1023 549 1062 Stephanus
572 1022 606 1054 V.
626 1033 714 1062 papa
744 1022 886 1054 omnibus
915 1022 1066 1063 episeopis
1095 1024 1124 1053 et
1152 1021 1260 1053 ceteris
1288 1020 1408 1052 clericis
1437 1019 1655 1059 (orientalium
1680 1021 1839 1062 partium)
1869 1031 1917 1053 re-

262 1075 392 1115 spondet
414 1085 459 1112 ea,
482 1084 563 1114 quae
590 1074 639 1105 «illi
668 1074 704 1105 de
727 1074 835 1105 Photiz·
859 1073 1059 1114 ‘expulsione’
1082 1072 1273 1111 scripserint,
1302 1072 1504 1111 aliquantum
1533 1071 1661 1111 differre
1689 1072 1728 1104 ab
1756 1073 1808 1110 eis,
1836 1083 1917 1113 quae

262 1127 432 1166 imperator
458 1125 827 1165 Oonstantinopolitanns
850 1126 886 1156 de
909 1125 1047 1156 eiusdem
1069 1124 1283 1155 ‘abdicatione’
1301 1123 1472 1163 scripserit.
1510 1124 1610 1163 Quam
1632 1124 1667 1155 ob
1690 1134 1755 1155 rem
1777 1134 1809 1156 se
1831 1125 1917 1156 iudi-

261 1179 345 1209 cium
364 1178 453 1219 ferre
478 1179 511 1209 in
533 1177 592 1209 hac
614 1187 710 1208 causa
738 1187 802 1208 non
824 1187 926 1216 posse,
955 1176 1021 1207 nisi
1049 1178 1143 1207 antea
1170 1175 1209 1206 ab
1238 1177 1374 1215 utraque
1399 1176 1491 1214 parte
1518 1174 1627 1215 Zeyatis
1649 1174 1784 1208 Romam
1811 1177 1917 1208 missis

262 1239 390 1262 causam
413 1229 652 1270 diliyentissime
669 1230 889 1269 perscrutatus
911 1228 962 1261 sit.
1507 1237 1512 1241 ·
1726 1229 1830 1268 (888.)

368 1297 454 1325 codd:
473 1298 509 1324 M
523 1307 549 1332 p.
565 1301 619 1331 113,
637 1297 662 1324 V
670 1299 692 1331 f.
705 1301 760 1330 105,
785 1297 829 1324 οιι
846 1298 867 1330 f.
881 1300 936 1329 281,
956 1296 1007 1323 ναι
1026 1298 1046 1331 f.
1061 1300 1103 1329 69,
1124 1296 1182 1322 Βαυ
1201 1297 1220 1330 f.
1234 1297 1304 1322 377¹.

366 1341 449 1369 cha:
468 1341 561 1367 Rader
579 1349 605 1374 p.
618 1345 676 1368 400.
713 1341 802 1368 Labbe
820 1341 901 1373 VIH,
914 1343 981 1367 1408
994 1352 1026 1361 =
1040 1340 1138 1366 Mami
1152 1339 1234 1372 XVI,
1247 1342 1304 1366 436.
1324 1354 1356 1357 —
1377 1338 1448 1372 Rey:
1468 1338 1542 1370 Jaffe'
1559 1341 1626 1365 3452
1644 1339 1738 1372 (2639).

262 1436 488 1463 ΣΤΕΦΑΝΟΣ*
501 1435 731 1462 ΕΠΙΣΚοΗοΣ
741 1435 840 1461 ΔοΥΛ
846 1434 897 1461 οΣ
910 1433 987 1460 ΤΩΝ
1002 1433 1161 1460 ΔοΥΛΩΝ
1175 1432 1251 1459 ΤΟΥ
1263 1433 1368 1460 ΘΕοΥ
1379 1433 1467 1459 ΤοΙΣ
1482 1433 1538 1459 ΕΝ
1552 1432 1722 1460 ΕΚΑΣΤΩΙ
1737 1433 1877 1460 KAHMA
1883 1434 1921 1460 TI

707 1477 965 1504 ΕΠΙΣΚΟΙῚΟΙΣ1
984 1477 1054 1503 ΚΑΙ
1068 1476 1233 1503 ΛΟΙΠΟΙΣ
1247 1476 1470 1505 ΚΛΗΡΙΚΟΙΣ.

370 1537 415 1567 ‘H
433 1536 591 1576 καθολικὴ
615 1539 670 1566 τοῦ
693 1535 835 1575 Χριστοῦ
858 1535 911 1565 καὶ
934 1535 1014 1565 θεοῦ
1038 1535 1133 1574 ἡμῶν
1160 1534 1310 1574 ἐκκλησία
1333 1534 1352 1574 ἡ
1377 1533 1650 1574 τεθεμελιωμένη8
1675 1533 1724 1564 ἐπὶ
1747 1536 1783 1574 τῇ
1806 1537 1917 1575 στερεᾷ

263 1590 361 1629 πέτρᾳ
385 1591 421 1629 τῇ
444 1591 499 1618 τοῦ
523 1586 701 1618 ἀποστόλου
728 1586 853 1625 Πέτρου
878 1586 1042 1625 ὁμολογίᾳ,
1071 1585 1132 1615 κᾶν
1155 1585 1309 1618 πλείσταις
1338 1588 1489 1625 ταραχαῖς
1512 1585 1565 1615 καὶ
1590 1585 1761 1625 καταιγίσιν
1785 1585 1916 1626 ἀνέμων

263 1641 455 1681 ταράττηται,
480 1639 544 1670 ἀλλ’
562 1638 619 1670 οὗν
643 1639 684 1669 ἔτι
707 1638 760 1669 καὶ
784 1640 959 1677 στερεοῦται
983 1637 1036 1668 καὶ
1059 1637 1154 1672 αὔξει.
1187 1635 1234 1667 Οὐ
1251 1636 1448 1676 θαυμαστόν,
1469 1637 1498 1667 εἰ
1515 1637 1533 1667 ὁ
1549 1636 1691 1677 πονηρὸς
1705 1636 1742 1668 τὰ
1758 1637 1838 1678 μέλη
1863 1640 1917 1678 τῆς

265 1692 433 1733 ἐκκλησίας
460 1691 617 1731 πειράζειν
647 1690 800 1730 ἐπιχειρεῖ,
825 1689 843 1720 ὁ
865 1689 919 1720 καὶ
942 1688 997 1729 τὴν
1020 1688 1163 1729 κεφαλὴν
1185 1691 1239 1728 τῆς
1263 1687 1430 1728 ἐκκλησίας
1459 1687 1512 1719 τὸν
1534 1688 1646 1728 κύριον
1676 1689 1770 1729 ἡμῶν
1789 1689 1915 1730 Ἰησοῦν

263 1743 403 1784 Χριστὸν
433 1743 478 1783 μὴ
513 1742 653 1783 ὀκνήσας
681 1744 835 1782 πειρᾶσαι.
873 1741 985 1772 Τοίνυν
1016 1740 1070 1771 τὸν
1102 1741 1221 1774 ἱκανῶς
1248 1740 1466 1780 μεμισημένον
1499 1740 1624 1771 Φώτιον
1656 1740 1694 1771 οὗ
1725 1741 1916 1781 θαυμαστόν

264 1797 343 1827 ἔστιν
367 1796 395 1826 εἷ
419 1798 473 1835 τῆς
502 1794 670 1835 ἐκκλησίας
700 1794 898 1834 ἒκκήρυκτον
927 1792 1127 1833 πεποιήκατε,
1157 1791 1211 1822 τὸν
1242 1792 1476 1827 καταπαίξαντα
1507 1791 1560 1822 καὶ
1589 1791 1643 1822 τὸν
1675 1791 1836 1828 ζωοποιόν
1859 1795 1916 1824 τοῦ

263 1848 377 1888 κυρίου
401 1845 546 1886 σταυρόν.
586 1845 654 1876 Δι’2
679 1844 755 1875 ofvvb
773 1844 812 1885 δὴ
836 1844 939 1884 τιμίου
958 1846 1096 1883 σταυροῦ
1116 1843 1217 1874 πάντα
1236 1842 1272 1873 τὰ
1289 1843 1467 1883 χαρίσματα
1483 1846 1537 1883 τῆς
1553 1843 1709 1884 ἱερατικῆς
1723 1843 1917 1885 ὗπηρεσίαςο

263 1900 437 1940 πληροῦται
459 1897 513 1928 καὶ
535 1898 554 1938 ἡ
579 1899 634 1928 τοῦ
658 1897 749 1937 ἁγίου
773 1896 988 1937 βαπτίσματος
1009 1895 1225 1935 κολυμβήθρα
1249 1894 1282 1925 ἒν
1305 1894 1391 1934 αὐτῷ
1415 1894 1579 1934 ἁγιάζεται.
1616 1893 1729 1926 Τοίνυν
1751 1895 1769 1926 ὁ
1791 1907 1915 1936 προρη-

265 1951 333 1985 θεὶς
355 1948 483 1984 λαϊκὸς(ἱ
507 1950 535 1980 εἰ
560 1949 629 1989 ὁδῷ
652 1948 797 1989 βασιλικῇ
825 1948 993 1987 ἐπορεύετο
1022 1947 1076 1977 καὶ
1105 1950 1169 1981 τοῖς
1198 1946 1285 1986 παρὰ
1314 1948 1378 1977 τῶν
1409 1946 1556 1986 πατέρων
1585 1947 1799 1987 πεπηγμένοις
1829 1947 1917 1988 ὅροις

263 2003 496 2043 συνεσφίγγετο,
520 2001 563 2035 εἷς
585 2000 739 2041 τοσαύτην
761 2000 878 2040 μανίαν
901 1999 961 2030 οὐκ
984 1999 1024 2029 ἂν
1047 1998 1134 2039 ἦλθε.
1172 1997 1229 2029 Διὸ
1253 1998 1300 2029 οἳΘ
1323 1997 1378 2038 τὴν
1401 1998 1587 2029 ταπείνωσιν
1610 2000 1664 2029 τοῦ
1687 1997 1838 2038 Χριστοῦ,
1862 1998 1917 2030 τὸν

263 2055 364 2095 τίμιον
385 2051 546 2094 δηλονότιῖ
567 2051 714 2091 σταυρόν,
737 2051 982 2086 καταπαίζοντες
1005 2049 1241 2090 ἒπατάχθησαν,
1266 2049 1375 2089 ὥσπερ
1399 2048 1435 2079 τὰ
1458 2048 1649 2089 πρωτότοκα
1672 2052 1726 2090 τῆς
1742 2050 1917 2090 Αἰγύπτου.

265 2106 340 2137 Τότε
364 2105 425 2146 γὰρ
449 2104 484 2135 τὰ
508 2106 572 2134 τῶν
591 2103 792 2143 Ἰσραηλιτῶν
816 2102 1053 2142 ἕσφραγισμένα
1081 2102 1155 2132 ὄντα
1181 2101 1452 2142 διεφυλάχθησαν.
1491 2100 1527 2131 Τί
1552 2100 1586 2131 δὲ
1616 2101 1678 2142 ἄρα
1702 2101 1741 2142 ἧν
1770 2101 1806 2133 τὸ
1836 2102 1914 2142 αἷμα

367 2251 393 2283 ³³)
413 2250 538 2277 Lemma:
555 2248 692 2282 Ἐπιστολὴ
711 2248 889 2281 ἀντίγραφοςε
908 2247 973 2280 πρὸς
992 2247 1038 2281 τὴν
1056 2247 1190 2280 ἇνωτέραν
1208 2246 1351 2280 ἐπιστολήν,
1370 2246 1402 2280 ἧς
1423 2245 1439 2280 ἦ
1458 2246 1589 2280 ἐπιγραφὴ
1609 2246 1682 2280 ἔχειῑ]
1701 2247 1794 2276 οὕτως.

366 2329 390 2361 a)
409 2313 518 2361 ἑσθῆναι
537 2329 603 2354 Bav.
691 2327 716 2359 b)
736 2328 771 2352 sic
789 2328 862 2352 codd.

367 2381 390 2407 3.
419 2381 442 2413 ³³)
462 2379 636 2412 τεθελιωμένη
656 2380 694 2405 Μ.
774 2378 798 2411 b)
817 2377 849 2403 οὗ
867 2379 983 2410 11],Βιιυ.
1064 2378 1086 2411 ὓ)
1105 2377 1255 2412 ὑπειρεσίας
1274 2378 1312 2403 M.
1392 2376 1417 2410 d)
1436 2376 1496 2405 λαὸς
1516 2378 1606 2407 codd.,·
1624 2378 1669 2403 sed
1686 2386 1738 2402 non
1751 2378 1880 2410 populum
1899 2387 1916 2403 a

263 2425 354 2450 Photzo
374 2425 511 2455 seductum,
535 2424 579 2448 sed
597 2424 716 2448 Phozium
736 2423 817 2455 ipsum
836 2423 977 2455 siywzzficari
1001 2422 1165 2455 manifestum
1190 2426 1233 2453 est,
1256 2430 1301 2446 nec
1319 2421 1422 2453 populi,
1445 2421 1490 2446 sed
1512 2421 1592 2446 solius
1610 2420 1697 2446 Photii
1720 2429 1801 2453 supra
1823 2421 1916 2446 ‘mentio

263 2468 336 2500 facta
355 2472 397 2499 est,
417 2468 450 2500 cf.
463 2468 552 2492 Rader
566 2476 595 2499 p.
609 2469 666 2491 401.
754 2465 777 2497 e)
796 2463 812 2497 ἡ
836 2465 883 2496 On,
897 2465 962 2490 Βαυ.
1049 2464 1068 2496 ¹)
1088 2464 1167 2497 δῆλον
1186 2464 1223 2489 Μ.
1312 2464 1336 2496 Β)
1356 2462 1516 2496 ἀντίγραφον
1536 2464 1564 2490 V.
1652 2462 1678 2495 ¹¹)
1696 2462 1756 2495 ἔχον
1775 2463 1802 2490 V.

368 2561 394 2593 1)
413 2560 449 2586 In
466 2560 623 2593 fraymentz's
643 2559 743 2585 Latine
760 2558 870 2585 servatis
888 2559 936 2592 (of.
951 2565 1034 2591 supra
1051 2565 1077 2590 p.
1093 2560 1146 2584 348
1164 2565 1190 2583 n.
1205 2558 1250 2590 26)
1271 2557 1384 2584 nomina
1402 2557 1534 2590 qemedam
1555 2557 1738 2590 episcoporum
1755 2556 1914 2589 trofflmtwr,

263 2604 318 2630 scil.
336 2603 454 2637 Sbylianz'
480 2602 667 2636 metropolitae,
695 2601 840 2627 Anastasii
866 2601 969 2634 iynotae
1001 2600 1068 2626 sedis
1093 2601 1217 2634 episcopi,
1241 2600 1350 2627 Eusebii
1373 2600 1549 2630 Nazianzenz',
1571 2600 1702 2625 Iohannis
1728 2599 1840 2626 Comani
1863 2599 1916 2626 sive

263 2647 493 2680 Leontopolitani‚
513 2646 595 2672 Pauli
613 2646 719 2679 iynotae
736 2644 806 2671 sedis
823 2644 946 2678 episcopi.
986 2643 1026 2677 Of.
1039 2644 1119 2669 etiam
1138 2644 1216 2677 infra
1231 2652 1258 2677 p.
1271 2647 1322 2670 381
1341 2652 1368 2670 w.
1383 2648 1407 2671 4.
1519 2642 1545 2677 2)
1566 2642 1639 2676 Quae
1657 2645 1814 2676 sequnntur,
1834 2642 1914 2669 etiam

264 2690 369 2716 Latino
399 2692 526 2715 contemtu
555 2689 631 2715 nobis
654 2690 757 2714 servata
790 2690 853 2713 sunt
879 2687 909 2712 in
938 2687 1099 2720 fraymentis
1123 2687 1229 2720 registri
1251 2686 1387 2720 Stephani,
1420 2688 1455 2720 ef.
1474 2694 1559 2719 supra
1581 2693 1608 2719 p.
1623 2688 1674 2712 348
1692 2693 1719 2713 n.
1734 2685 1815 2719 260),
1843 2684 1914 2711 unde

264 2732 380 2766 intellegi
394 2735 481 2765 potest
499 2732 548 2758 hac
569 2734 672 2758 Graeca
690 2731 806 2757 versione
825 2732 975 2756 contemtum
995 2730 1119 2762 epistolae
1137 2729 1279 2756 admodum
1298 2729 1475 2756 abbreviatum
1493 2736 1552 2756 esse.

1944 675 1970 696 1⁰

1945 1140 1970 1160 15

1944 1440 1970 1460 20

1943 1699 1969 1719 25

1944 1957 1970 1977 3⁰

1943 2336 1968 2356 35

1941 2610 1968 2630 40
