2189 3042
94 1716 123 1737 ct.
133 1715 200 1738 Prov.
208 1717 241 1740 22.
253 1718 284 1737 28.

301 156 361 186 345
653 152 879 178 FRAGMENTA
900 151 1069 178 REGISTRI
1088 152 1272 180 STEPHANI
1289 154 1319 180 V.
1340 154 1459 181 PAPAE
1476 155 1596 182 23—25.

300 240 469 270 ecclesiam
487 238 615 270 Domini
640 239 782 269 invasam
799 239 928 279 retines,
949 239 1094 270 nesciens
1111 240 1241 281 quippe,
1266 240 1351 282 quod
1369 240 1486 272 Christi
1511 242 1647 273 ecclesia
1663 242 1717 274 diu
1733 243 1800 275 sine
1818 245 1946 286 proprio

299 293 427 331 pastore
451 300 514 320 non
538 289 657 320 debeat
681 290 809 320 omnino
831 291 979 321 existere.
1027 290 1232 333 Quapropter
1262 293 1439 334 apostolica
1465 293 1621 334 patientia
1650 294 1698 325 usi
1722 305 1889 326 monemus
1917 299 1948 328 te

299 344 331 372 et
354 342 545 372 auctoritate
570 341 798 381 omnipotentis
822 341 884 372 Dei
909 346 942 372 et
965 345 1146 373 sanctorum
1171 353 1328 375 canonum
1352 354 1389 376 ac
1416 348 1524 376 nostra
1551 345 1726 387 hortamur,
1756 350 1792 377 ut
1819 347 1950 379 iamiam

299 393 384 424 omni
408 395 516 424 amota
541 393 747 423 excusatione
771 394 879 424 statim
904 393 945 424 ad
969 396 1000 424 te
1025 395 1277 427 consecrandum
1300 396 1332 426 in
1355 400 1495 427 nostram
1512 397 1620 429 venire
1638 407 1709 429 cum
1733 397 1830 439 plebe
1854 402 1951 440 atque

299 445 384 476 clero
410 445 496 475 omni
520 447 662 475 matures
685 445 912 485 praesentiam.

1101 603 1150 632 24.

408 658 587 698 Stephanus
625 658 660 691 V.
692 670 783 699 papa
821 659 1014 700 PValpertum
1047 661 1269 703 patriarcham
1301 661 1559 704 (Aquileiensem)
1599 665 1713 700 monet,
1756 666 1791 694 ut
1828 664 1953 697 tandem

299 710 524 742 Liutwarclum
551 711 727 742 Comensem
754 711 881 744 electum
904 715 1073 751 consecro&
1102 713 1153 744 sin
1175 715 1289 752 autem,
1312 712 1432 745 Romae
1454 713 1542 745 illum
1565 716 1825 747 consecrationem
1847 725 1952 756 accep-

299 765 404 793 turam
427 772 500 796 csse.
1655 767 1864 809 (887—888.)

405 821 465 848 C'oll.
480 829 554 848 cam:
582 823 607 848 A
625 823 646 854 f.
662 826 709 849 157
724 831 751 849 rc.
764 826 803 849 23.
833 840 863 843 -
889 824 918 850 D
938 824 965 856 V,
980 828 1012 851 13
1036 823 1087 856 (ed.
1102 823 1208 850 Fronto
1223 832 1251 857 p.
1268 827 1325 857 139,
1344 824 1437 858 Miyne
1457 825 1533 852 Patr.
1547 825 1593 852 lat.
1612 825 1715 859 CLXI,
1731 828 1801 860 327).
1827 842 1857 846 ——
1882 827 1912 853 E
1928 827 1952 860 Ι,

583 869 623 897 64,
633 869 649 891 3
666 865 686 897 f.
703 869 757 892 89¹.

427 907 555 942 Fraynzs
583 908 611 934 B
629 909 651 940 I,
662 912 713 935 245
733 910 801 941 (196)
826 908 879 941 (ed.
894 909 932 936 W.
950 918 971 935 v.
987 909 1110 936 Glanrell
1129 918 1158 944 p.
1174 914 1228 943 142,
1247 910 1415 937 Μανίίηῑιοοί
1434 919 1464 944 p.
1479 913 1544 945 132).
1565 927 1599 931 -—
1621 911 1643 938 C
1659 912 1703 943 VI,
1719 915 1754 940 30
1781 912 1829 945 (ed.
1845 912 1952 939 Tharier

579 959 608 984 p.
623 951 691 985 283).
713 966 744 970 --
767 951 793 978 G
812 960 832 978 c.
848 956 882 978 20
903 952 930 978 C.
944 952 994 978 IX
1011 957 1054 986 (120.
1067 956 1083 980 3
1102 953 1150 982 (ed.
1167 953 1317 988 Friedbery
1334 954 1357 985 I,
1372 955 1441 987 611).

402 1003 489 1029 Edcl.:
518 1004 559 1030 De
584 1004 682 1030 Rubefis
708 1005 784 1030 IVIori.
806 1005 862 1030 eccl.
876 1005 1025 1038 Aquileien.
1041 1014 1061 1031 c.
1077 1010 1132 1032 450.
1162 1021 1195 1025 --
1225 1006 1320 1032 Mansa*
1341 1006 1402 1032 Ooll.
1417 1014 1489 1033 conc.
1506 1007 1622 1040 XVIII,
1635 1011 1666 1034 25
1686 1007 1808 1042 (fragm.)
1826 1014 1858 1033 ωε
1876 1006 1905 1033 D
1919 1018 1951 1028 =

300 1046 393 1080 Miyne
411 1046 486 1072 Patr.
502 1047 547 1072 lut.
566 1047 705 1080 CXXIX,
721 1050 770 1074 805
788 1056 814 1073 iz.
830 1051 868 1074 16.
890 1063 922 1067 -—
945 1048 1100 1081 Cappelleiti
1118 1049 1158 1075 Le
1176 1049 1259 1075 chiese
1277 1049 1389 1075 (i'Italia
1402 1050 1456 1081 XI,
1466 1053 1519 1076 326
1537 1051 1579 1083 (ut
1599 1051 1672 1084 epist.
1686 1050 1822 1076 Benedicti
1834 1050 1853 1076 1
1857 1050 1899 1083 V.)
1917 1065 1951 1069 -

300 1089 402 1123 3299..-
422 1089 522 1116 Ewald
539 1091 569 1116 *in
588 1090 651 1117 NA.
667 1091 696 1124 V,
712 1094 764 1117 405
783 1100 810 1116 iz.
825 1094 864 1117 23.
893 1091 969 1123 Jaffe
985 1094 1054 1118 3442
1072 1092 1168 1126 (2652).
1207 1091 1282 1118 ΚεΙη·
1300 1092 1384 1118 Italia
1399 1093 1542 1126 pontificia
1558 1093 1605 1124 VJ,
1620 1099 1633 1120 1
1650 1102 1676 1128 p.
1691 1097 1744 1120 400
1765 1102 1792 1119 ri.
1808 1098 1838 1124 4,·
1861 1092 1924 1125 VII,
1939 1097 1952 1118 1

296 1140 322 1165 p.
337 1136 370 1159 27
385 1141 412 1158 n.
428 1136 468 1159 42.

876 1189 1057 1213 VALPERTO
1078 1189 1323 1213 PATRIARCHAE
1331 1187 1344 1203 *
1356 1189 1373 1214 ¹.

406 1237 561 1269 Miramur
583 1238 786 1279 prudentiam
811 1241 897 1269 tuam
918 1238 1069 1270 Oumensi
1093 1239 1248 1270 ecclesiae
1266 1239 1429 1281 denegare
1446 1246 1657 1272 consecrarea
1679 1244 1853 1282 pastorem,
1878 1250 1951 1272 cum

299 1292 331 1320 te
355 1290 419 1320 iam
444 1289 485 1320 ad
508 1289 568 1320 hoc
593 1293 801 1331 provocatum
826 1291 953 1321 noveris
976 1291 1155 1332 apostolica
1179 1291 1413 1322 exhortatione.
1459 1291 1513 1323 Sib
1538 1293 1623 1324 enim
1645 1293 1676 1323 in
1701 1293 1769 1324 eius
1793 1293 1951 1323 electione

300 1341 395 1382 quidc
420 1341 477 1371 tibi
501 1341 663 1382 displicuit
691 1342 788 1373 sacris
818 1342 992 1373 canonibus
1023 1342 1239 1384 interdictum,
1270 1343 1480 1385 apologeticis
1510 1344 1571 1374 tuis
1598 1343 1733 1375 litteris<l
1755 1344 1951 1385 respondere

299 1392 392 1423 nobis
414 1392 582 1424 debueras.
622 1393 779 1424 Numer*
800 1404 875 1425 vero
899 1395 1015 1425 iterato
1040 1394 1097 1425 tibi
1125 1394 1309 1426 soribimusf
1329 1395 1475 1426 nolentes
1499 1395 1653 1427 alieuiusss
1676 1396 1830 1428 ecclesiae
1853 1396 1951 1437 privi-

299 1444 420 1486 legium
448 1444 632 1486 infringere,
661 1445 736 1476 licet
765 1446 943 1486 apostolica
971 1446 1197 1487 praerogativa
1226 1447 1385 1487 possimus
1409 1447 1448 1478 de
1473 1446 1616 1488 qualibet
1640 1447 1776 1479 ecclesia
1799 1447 1950 1479 clericum

301 1496 458 1527 ordinare.
492 1496 612 1528 Desine
636 1498 699 1528 iam
717 1498 892 1538 cuiuspiam
909 1497 978 1528 zelo
995 1497 1154 1528 eleotumh
1177 1508 1196 1528 a
1217 1498 1302 1529 clero
1327 1501 1360 1529 et
1383 1499 1561 1540 expetitum
1586 1509 1605 1530 a
1628 1499 1771 1540 populo²
1794 1499 1951 1530 Liutwar-

301 1547 398 1579 dum¹¹
422 1547 613 1579 Oumensi³³
637 1548 792 1580 ecclesiae
816 1548 991 1579 antistitem
1015 1549 1187 1590 protelare,
1212 1549 1285 1590 quia
1309 1550 1334 1580 si
1358 1550 1567 1590 protelaveris
1598 1554 1630 1581 et
1660 1561 1732 1582 eum
1762 1560 1949 1582 consecrare

299 1599 437 1630 totiensk
464 1599 617 1630 monitus¹
647 1610 708 1630 non
739 1600 964 1639 maturaveris,
998 1605 1097 1631 cumm
1121 1599 1163 1630 ad
1186 1611 1243 1631 nos
1274 1602 1435 1642 veneram,
1470 1602 1582 1642 procul
1612 1602 1709 1633 dubio
1745 1604 1949 1634 consecratus

300 1651 435 1691 abibitu,
471 1652 545 1692 quia
583 1651 658 1682 lieet
693 1651 870 1693 apostolica
904 1651 1093 1682 auctoritate
1128 1651 1160 1682 id
1194 1652 1302 1682 facere
1335 1652 1513 1693 valeamus,
1549 1656 1603 1684 tuo
1637 1656 1745 1685 tamen
1779 1654 1949 1684 incitamur

301 1704 482 1744 exemplo0,
508 1704 561 1744 qui
590 1704 796 1745 transgressis
828 1703 970 1734 terminis
1001 1703 1057 1734 tibi
1088 1703 1264 1734 commissis
1293 1704 1324 1734 in
1355 1705 1492 1736 eeclesia
1519 1704 1685 1736 Salonensi
1718 1704 1949 1746 episcopum*

298 1755 446 1786 ordinare
480 1755 522 1786 ad
559 1754 773 1786 indecentiam
814 1755 1010 1796 apostolicae
1052 1754 1160 1785 sedisq
1195 1756 1451 1796 praesumpsisti,
1489 1755 1574 1797 quod
1609 1760 1747 1798 quantae
1782 1758 1946 1798 praevari-

298 1807 431 1837 cationis
454 1807 504 1847 sit,
528 1806 596 1847 ipse
621 1806 795 1847 perpende.

1095 1955 1144 1984 25.

405 2012 584 2051 Stephanus
607 2011 641 2042 V.
661 2022 750 2053 papa
773 2011 969 2043 Liutbe-rtum
996 2013 1261 2053 archiepiscopum
1285 2013 1512 2053 Moymztinum
1539 2013 1624 2045 docet
1647 2013 1683 2045 (Ze
1711 2013 1865 2054 capitulis
1886 2013 1946 2045 Ni-

297 2064 385 2096 caeni
409 2064 542 2101 concilii,
566 2063 602 2094 de
626 2063 857 2104 chorepiscopis,
885 2063 921 2094 cie
942 2065 1120 2104 parqandis
1141 2064 1344 2103 parentibus,
1373 2075 1503 2104 quoram
1526 2063 1669 2106 infantes
1692 2065 1807 2096 mortui
1829 2066 1947 2106 reperti

296 2118 380 2147 surii.
1645 2117 1860 2157 (887—888.)

407 2228 434 2261 *)
454 2227 565 2253 Lemma
589 2230 613 2253 ct
638 2227 827 2260 superscriptio
851 2227 881 2252 iri
901 2227 942 2253 D.-
968 2227 1046 2258 Quod
1069 2228 1139 2254 solir
1159 2227 1282 2254 Romano
1308 2228 1435 2262 pontifici
1462 2228 1548 2255 liceat
1573 2228 1607 2253 de
1625 2227 1753 2261 qualibet
1778 2227 1903 2260 ecclesia,
1922 2228 1946 2254 si

453 2269 581 2302 voluerit,
613 2270 745 2296 clericum
770 2269 906 2296 ordinare.
950 2270 1107 2304 Stephanus
1128 2270 1274 2297 Walberto
1301 2270 1488 2304 patriarchae.
1517 2285 1550 2290 —-
1577 2270 1615 2297 Iri
1632 2270 1673 2296 E.-
1701 2270 1776 2297 Idem
1804 2271 1946 2298 Guaberto

452 2313 640 2347 patriarchae.
677 2313 718 2339 De
737 2321 776 2345 eo,
796 2313 870 2346 qnod
889 2312 1019 2339 Cumensi
1038 2313 1172 2340 ecclesiae
1190 2315 1331 2347 pastorem
1350 2322 1510 2341 consecrare
1528 2313 1695 2348 denegabat.

394 2366 436 2398 **)
454 2365 510 2391 Hic
532 2365 667 2398 incipiunt
686 2365 718 2397 B,
733 2364 760 2397 Ο,
778 2364 810 2391 G.
845 2364 1042 2397 Superscriptio
1066 2365 1096 2390 in
1115 2365 1142 2390 Β
1163 2367 1187 2391 et
1207 2365 1240 2391 O.-
1266 2365 1341 2392 Idem
1361 2365 1508 2400 Walperto
1532 2365 1689 2399 (Walberto
1710 2365 1742 2399 C)
1767 2365 1946 2399 patriarchae

451 2407 525 2434 inter
544 2409 644 2434 cetera.
658 2422 690 2426 —
707 2407 810 2433 Lemma
822 2410 846 2433 et
858 2407 1048 2441 superscriptio
1061 2408 1091 2433 iri
1107 2408 1146 2433 G.-
1165 2407 1322 2435 Cuiuslibet
1340 2408 1474 2436 ecclesiae
1494 2408 1608 2436 clericos
1627 2417 1702 2442 papa
1716 2408 1791 2435 valet
1810 2408 1945 2436 ordinare.

452 2451 522 2477 Item
541 2450 700 2484 Stephanus
720 2450 867 2484 episcopus
880 2450 1028 2477 Walberto
1048 2450 1234 2484 patriarchae.

400 2520 441 2546 24.
470 2520 493 2551 ⁸)
513 2529 560 2546 om.
575 2521 608 2546 A.
662 2519 686 2552 b)
705 2522 747 2545 Sic
760 2520 792 2551 A,
806 2520 839 2545 D.
894 2519 916 2553 c)
935 2521 1002 2552 quod
1022 2520 1056 2552 D,
1067 2521 1097 2545 Ε.
1147 2519 1171 2552 d)
1190 2521 1280 2546 litteris
1299 2522 1350 2546 tuis
1368 2521 1411 2550 D‚-
1428 2522 1479 2546 tuis
1497 2522 1588 2546 litteris
1606 2522 1696 2546 litteris
1709 2521 1742 2546 A.
1807 2522 1829 2554 e)
1847 2530 1895 2547 nec
1912 2522 1944 2547 B.

272 2564 274 2567 ’
306 2564 315 2596 )
333 2565 469 2589 scribimus
487 2564 534 2588 tibi
555 2564 585 2589 G.
674 2564 698 2595 8)
717 2564 793 2588 alicui
807 2564 839 2588 A.
928 2562 953 2595 ι1)
973 2564 1309 2589 electuni—Liutwardum
1329 2573 1376 2589 om.
1393 2564 1424 2594 B,
1439 2564 1466 2594 C,
1483 2564 1518 2592 G.-
1537 2565 1724 2589 Lintuuardum
1743 2564 1783 2596 D,-
1807 2565 1944 2597 Liutguar-

296 2609 356 2633 <lum
375 2608 407 2632 E.
473 2606 490 2637 i)
510 2608 644 2632 Cumensis
665 2607 696 2631 G.
760 2605 785 2637 ιί)
805 2607 943 2632 tantotiens
956 2607 988 2637 B,
1004 2607 1036 2638 O;
1054 2608 1103 2631 iani
1123 2607 1219 2632 tociens
1235 2608 1265 2632 G.
1327 2606 1346 2640 l)
1366 2615 1513 2633 consecrare
1532 2616 1584 2640 rep.
1598 2607 1631 2632 B.
1693 2606 1724 2639 m)
1743 2608 1945 2633 cum—venerit

296 2659 344 2675 om.
359 2651 390 2676 G.
437 2650 462 2681 ¹¹)
476 2650 525 2675 Hic
537 2650 676 2682 expliciunt
689 2649 719 2680 B,
733 2650 758 2680 0,
770 2651 800 2675 G.
849 2650 872 2680 0)
886 2652 977 2682 exepto
992 2651 1023 2675 A.
1073 2649 1097 2681 P)
1110 2651 1286 2683 episcoporum
1297 2650 1331 2676 D.
1379 2650 1404 2682 ²1)
1418 2651 1484 2676 sedis
1496 2651 1636 2683 apostolice
1649 2650 1681 2676 E.
1734 2650 1755 2682 ¹”)
1769 2651 1822 2675 solo
1835 2649 1942 2676 Fronto.

399 2727 426 2759 1)
447 2725 487 2758 Cf.
498 2733 581 2758 supra
594 2734 621 2758 p.
634 2729 668 2752 47
685 2734 712 2752 rz.
723 2730 762 2758 49,
781 2734 806 2758 p.
816 2729 848 2752 54
862 2734 888 2752 ri.
899 2729 938 2757 60,
957 2734 982 2758 p.
993 2729 1025 2752 68
1036 2734 1063 2751 νη.
1078 2728 1113 2752 73.
1185 2726 1210 2758 2)
1230 2726 1269 2759 Cf.
1283 2734 1369 2760 supra
1383 2735 1412 2760 p.
1426 2729 1475 2753 343
1492 2735 1556 2753 ami.
1567 2731 1582 2753 5
1592 2729 1615 2752 et
1627 2726 1653 2753 h.
1729 2727 1755 2759 3)
1768 2726 1944 2753 Liutwardus

298 2769 427 2796 Comensis
446 2771 535 2802 postea
554 2769 808 2795 archicancellarius
818 2768 949 2794 Luclorici
959 2768 1018 2795 ΙΙΙ,
1033 2769 1127 2795 extitit.
1211 2770 1238 2802 4)
1252 2769 1311 2796 Scil.
1323 2769 1501 2803 Theodosium,
1515 2772 1549 2803 cf.
1559 2778 1588 2803 p.
1602 2772 1654 2796 338
1672 2778 1699 2796 ri.
1713 2773 1736 2796 9.

1979 882 2004 901 1⁰

1981 1097 2004 1116 15

1978 1353 2004 1374 20

1977 1611 2000 1631 25

1974 2023 2001 2043 30

1975 2325 1998 2344 ³5

1971 2573 1997 2593 40
