2189 3042
269 140 331 170 286
607 133 832 160 FRAGMENTA
851 132 1020 158 REGISTRI
1044 131 1222 158 IOHANNIS
1241 131 1317 158 VIII.
1336 132 1454 158 PAPAE
1477 132 1518 159 22.
1537 133 1579 159 23.

271 225 406 254 tractum
426 221 541 261 equino
558 219 686 260 flagello
704 223 899 260 percuteres,
923 218 983 248 nisi
1006 218 1251 258 prohiberetur⁸
1267 217 1307 249 ab
1324 218 1413 249 aliis?
1453 217 1541 257 Sunt,
1566 228 1655 259 rogo,
1680 218 1739 250 hec
1764 220 1916 261 episcopi,

268 275 356 303 cuius
380 272 526 302 nimirum
552 270 689 311 dignitas
705 271 731 300 si
748 269 932 309 excesserit,
956 270 1079 300 maiora
1096 269 1291 300 consistuntb
1315 270 1467 300 crimina?
1514 269 1541 300 O
1560 270 1747 311 episcopum
1764 270 1916 312 episcopo

269 324 345 354 talia
369 323 560 353 inferentem
582 324 614 352 et
637 321 679 352 ad
702 320 763 351 hoc
780 320 955 362 apostolice
980 320 1065 351 sedis
1087 330 1184 351 manu
1207 323 1332 351 sacrato
1357 322 1406 351 etc
1422 320 1524 352 latere
1549 320 1723 352 destinato!
1761 322 1917 353 Nolumus²

268 379 375 405 tamen
398 383 480 404 nunc
502 373 679 413 exagitare,
704 383 765 413 que
790 372 938 413 gesseris,
962 385 997 403 ne
1021 385 1154 410 cogamur
1176 371 1396 402 indifferenter
1412 371 1627 413 promulgare,
1652 371 1738 413 quod
1759 373 1917 414 convenit,

268 435 376 456 verum
393 424 456 455 Dei
480 423 727 464 omnipotentisd
744 426 777 454 et
799 423 968 454 beatorum
989 424 1168 464 principum
1191 423 1409 463 apostolorum
1427 422 1517 454 Petri
1533 426 1565 455 et
1580 423 1675 454 Pauli
1691 427 1789 465 atque
1811 427 1918 464 nostre

268 476 498 507 mediocritatis
532 475 723 506 auctoritate
755 475 882 505 interim
918 475 1141 506 communione
1176 474 1294 505 Christi
1332 475 1547 505 misteriorum
1585 477 1617 505 et
1655 475 1919 506 consacerdotum

269 535 395 558 tuorum
421 526 495 569 [te]‘³
512 527 674 567 privamus
698 529 740 566 et,
764 526 824 556 nisi
848 536 920 556 cum
943 526 1085 567 presenti
1109 525 1212 556 Paulo
1237 525 1428 556 venerabilif
1444 526 1616 567 episcopo2
1633 526 1684 557 vel
1708 536 1779 557 cum
1804 526 1919 558 eodem

268 579 467 610 sanctissimo
491 578 589 609 fratre
614 580 722 609 nostro
746 577 934 608 Methodioss
956 577 1095 608 Romam
1119 587 1191 607 cum
1215 577 1284 618 ipso
1309 577 1488 608 audiendus
1512 578 1701 618 occurreris,
1731 588 1794 609 non
1818 577 1920 609 deerit

268 631 352 661 iusta
376 629 577 670 dampnatio,
607 629 662 660 ubi
694 629 768 659 talis
797 632 829 660 et
857 632 946 659 tanta
975 628 1071 660 fuerit
1099 628 1229 659 inventa
1258 629 1471 670 presumptio,
1501 639 1560 660 nec
1589 629 1714 670 pondus
1743 629 1920 670 apostolice

269 681 353 712 sedis
376 681 576 712 auctoritatis
600 680 812 721 frustrabitur,
836 680 890 712 ubi
914 684 979 711 tam
1003 681 1110 721 gravis
1127 680 1220 711 molis
1237 681 1430 721 pravitatum
1446 681 1644 711 immensitas
1661 680 1918 722 conprobabitur.

1069 793 1119 823 23.

376 843 534 875 Iohannes
553 843 646 874 VIII.
658 853 749 882 papa
762 843 929 874 Annonem
945 843 1121 882 episcopum
1134 843 1399 883 (Frisinyensem)
1415 843 1450 874 ob
1466 843 1606 874 iniurias
1617 843 1779 875 Methodio
1792 843 1920 875 Panno-

268 895 339 926 nico
361 895 591 934 archiepiscopo
613 893 722 925 illatas
745 894 879 925 Romam
902 895 1007 925 venire
1030 904 1132 925 mense
1154 893 1327 933 Septembri
1350 894 1441 925 iubet.
1545 895 1624 935 (873
1646 898 1719 926 aine
1735 894 1834 935 Sept.)

374 953 437 980 Coll.
451 962 523 980 canc:
551 954 577 979 A
595 955 615 987 f.
630 955 689 979 125⁴
708 961 745 986 ep.
759 957 799 980 22.

372 997 453 1023 EM„-
480 996 579 1022 Ewald
598 996 659 1022 NA.
684 997 712 1029 V,
726 1000 776 1023 304
794 1005 821 1023 n.
832 1000 870 1022 22.
890 1012 923 1015 —
943 996 1084 1022 Miklosich
1104 998 1127 1021 et
1146 995 1234 1022 Ieacki
1254 996 1282 1021 in
1299 995 1432 1022 ‘Starine'
1449 996 1522 1029 XII,
1539 1000 1585 1022 :215
1602 1005 1630 1023 n.
1643 1000 1657 1022 7
1673 1004 1704 1022 ex
1723 999 1755 1023 A.
1775 1012 1807 1016 —
1827 997 1921 1023 Emler

270 1040 378 1073 Reyesta
397 1040 540 1066 Bohemiac
558 1042 581 1066 et
594 1040 734 1066 IiIorariae
748 1039 799 1072 IV,
815 1043 864 1066 707
875 1048 902 1065 n.
914 1043 983 1066 1764.
998 1054 1027 1058 -—
1045 1038 1186 1066 Friedrich
1201 1038 1262 1065 Cod.
1275 1038 1340 1072 dipl.
1356 1041 1379 1065 et
1391 1039 1466 1072 epist.
1479 1040 1557 1073 reyni
1568 1039 1711 1066 Bohemiae
1724 1040 1746 1072 1,
1761 1043 1790 1066 16
1802 1048 1829 1066 n.
1840 1044 1877 1067 21.
1889 1055 1920 1059 —

271 1082 350 1116 Re9.:
373 1083 560 1114 Jaff'e-Ewazd
581 1083 642 1116 Req.
657 1087 728 1109 2979.
765 1082 940 1109 Brackmann
963 1082 1109 1109 Germania
1122 1082 1266 1115 pontificia
1284 1081 1309 1114 I,
1323 1085 1372 1108 332
1389 1090 1415 1109 n.
1429 1086 1451 1109 5.

766 1161 951 1192 (IOHANNES
970 1161 1038 1185 VIII.
1057 1161 1188 1186 ANNONI
1211 1160 1430 1192 EPISCOP0>³³.

378 1212 524 1243 Audacia
557 1215 612 1243 tua
647 1215 680 1243 et
713 1213 910 1253 presumptio
941 1222 1003 1242 non
1032 1212 1135 1242 solum
1166 1211 1283 1252 nubes,
1316 1211 1373 1242 sed
1403 1214 1436 1242 et
1465 1212 1573 1253 ipsosb
1602 1212 1687 1243 celos
1716 1212 1920 1243 transcendit.

270 1264 439 1304 Usurpasti
473 1265 557 1294 enim
592 1263 649 1294 tibi
683 1265 768 1295 vices
802 1264 978 1305 apostolice
1013 1263 1099 1294 sedis
1130 1267 1162 1295 et
1195 1264 1285 1305 quasi
1313 1263 1495 1305 patriarcha
1524 1263 1563 1294 de
1591 1263 1834 1305 archiepiscopo
1864 1263 1921 1295 tibi

270 1315 422 1346 iudicium
449 1315 630 1354 vindicasti,
660 1315 772 1353 immo,
806 1315 891 1357 quod
927 1318 975 1347 est
1007 1316 1151 1356 gravius,
1182 1315 1314 1346 fratrem
1344 1314 1673 1356 tuumffMethodium,
1701 1315 1921 1346 Pannonicum

272 1367 547 1408 archiepiscopum
571 1367 732 1407 legatione
757 1367 932 1408 apostolice
956 1367 1042 1398 sedis
1065 1366 1126 1398 adc
1149 1370 1263 1408 gentes
1286 1367 1487 1408 fungentem,
1512 1367 1675 1407 tyrannice
1699 1367 1801 1408 magis
1825 1377 1921 1409 quam

273 1419 424 1449 canonice
448 1422 597 1455 tractans,
622 1428 680 1449 nec
704 1418 971 1459 presbiterorum,
1000 1419 1053 1459 qui
1077 1429 1177 1459 penes
1200 1422 1231 1449 te
1255 1419 1375 1459 reperti
1399 1421 1485 1457 sunt,
1515 1418 1663 1449 iudicasti
1687 1418 1817 1460 dignum
1847 1429 1921 1449 con-

272 1469 396 1509 sensud,
421 1469 507 1511 quod
530 1470 653 1500 nonnisi
684 1470 716 1500 in
746 1469 973 1500 contumeliam
1003 1469 1088 1501 sedis
1117 1470 1294 1510 apostolice
1322 1470 1529 1510 perpetrasti,
1559 1471 1634 1511 quin
1664 1471 1761 1501 etiam
1790 1473 1922 1510 petente

272 1521 337 1560 illo,
354 1522 452 1552 sacris
469 1520 663 1551 canonibus³
680 1521 898 1560 edocentibus,
915 1521 1012 1562 ipsius
1029 1523 1156 1551 sanctee
1174 1521 1259 1551 sedis
1275 1520 1425 1551 iudicium
1444 1520 1576 1552 concedi
1592 1521 1722 1552 minime
1739 1521 1921 1562 permisisti,

272 1572 329 1603 sed
353 1573 384 1603 in
408 1583 481 1603 eum
505 1583 576 1603 cum
600 1572 790 1613 sequacibus
813 1572 875 1602 tuis
900 1575 932 1602 et
955 1572 1049 1602 sociis
1073 1573 1163 1613 quasi
1187 1572 1379 1603 sententiam
1402 1572 1561 1613 protulisti
1590 1582 1609 1603 a
1632 1572 1810 1613 divinisque
1835 1572 1920 1603 cele-

272 1623 416 1655 brandisf
432 1623 545 1655 officiis
567 1623 657 1654 illum
680 1626 884 1664 sequestrans
904 1624 1023 1654 carceri
1047 1623 1290 1663 mancipastis?
1330 1623 1465 1663 Insuper
1482 1626 1523 1663 et,
1548 1634 1618 1654 cum
1634 1624 1797 1664 proprium
1821 1623 1922 1654 sancti

272 1675 362 1706 Petri
386 1675 549 1706 hominem
574 1685 643 1706 esse
668 1678 699 1705 te
725 1674 861 1714 diceres,
891 1674 994 1705 adeoh
1018 1678 1053 1705 ut
1076 1674 1258 1715 patrimonii
1283 1675 1313 1705 in
1338 1673 1513 1705 Germania
1536 1675 1587 1705 siti
1615 1674 1735 1705 curami
1759 1685 1889 1716 gereres
1899 1676 1921 1714 ⁶,

271 1728 361 1758 istius
384 1727 490 1758 fratris
514 1730 546 1758 et
569 1726 751 1767 coepiscopi
776 1726 851 1767 quin
875 1726 981 1767 potius
1005 1729 1038 1757 et
1060 1726 1149 1757 missi
1173 1726 1286 1766 nostri,
1312 1725 1351 1756 de
1376 1725 1460 1766 quok
1484 1725 1576 1757 nobis
1599 1726 1702 1757 maior
1725 1736 1799 1757 cura
1822 1726 1920 1757 debe-

273 1779 376 1817 batur,
399 1777 525 1808 vincula
548 1780 580 1809 et
603 1777 818 1808 insecutiones
840 1787 903 1807 non
927 1776 1029 1808 solum
1052 1780 1087 1807 ut
1110 1777 1214 1808 fidelis
1238 1777 1368 1808 minime
1393 1778 1562 1817 nunciasti,
1590 1777 1648 1808 sed
1672 1777 1791 1817 Rome,
1815 1776 1921 1819 [cum]¹

273 1840 368 1871 super
392 1840 430 1860 eo
454 1829 696 1870 interrogareris
726 1839 744 1859 a
772 1829 900 1868 nostris,
931 1831 963 1859 te
992 1828 1082 1859 illum
1111 1838 1205 1859 nosse
1234 1828 1447 1859 mentiendom
1471 1829 1611 1869 negasti,
1642 1839 1714 1859 cum
1738 1832 1921 1859 cunctarum

274 1882 482 1912 afflictionum
506 1880 565 1910 sibi
593 1891 612 1910 a
634 1880 826 1911 vestratibus
850 1879 1011 1911 illatarum
1035 1881 1103 1920 ipse
1127 1881 1282 1919 incentor,
1310 1880 1378 1921 ipse
1402 1880 1580 1921 instigator,
1610 1880 1707 1911 immo
1732 1880 1800 1920 ipse
1825 1880 1922 1911 fueris

273 1936 393 1964 auctor.
447 1931 496 1962 De
529 1931 643 1972 quibus
678 1931 837 1971 omnibus,
872 1931 932 1961 nisi
968 1931 1050 1962 adeo
1085 1931 1180 1962 fuerit
1215 1931 1358 1962 eiusdem
1386 1931 1559 1962 venerandi
1587 1931 1729 1972 episcopi
1758 1930 1922 1962 condicion

274 1994 351 2015 sana
382 1983 512 2023 effecta,
546 1987 581 2014 ut
609 1983 678 2023 ipse
709 1983 810 2023 possit
839 1993 966 2013 omnem
998 1993 1087 2013 suam
1118 1982 1270 2013 oblivioni
1300 1986 1432 2024 propter
1462 1983 1568 2014 Deum
1603 1984 1748 2013 iniuriam
1783 1982 1922 2021 tradere,

274 2035 411 2066 Romam
435 2035 591 2065 rationem
615 2034 797 2065 redditurus
820 2033 1041 2065 indifferenter
1060 2039 1223 2071 occur1·e⁰;
1248 2034 1388 2075 alioquin
1409 2037 1481 2075 post
1503 2044 1648 2065 mensem
1666 2033 1923 2074 Septembriun11‘

274 2086 417 2117 tamdiuq
434 2085 687 2116 communicandi
710 2085 830 2116 nullam
854 2085 976 2116 habeas
1000 2086 1128 2116 omnino
1152 2086 1340 2125 licentiam‘,
1366 2085 1519 2127 quamdiu
1542 2096 1605 2116 non
1629 2085 1811 2116 obediendo
1836 2089 1922 2116 tuam

274 2148 353 2178 erga
372 2148 429 2168 nos
453 2136 630 2168 ostenderis
654 2137 872 2177 pertinaciam.

380 2240 402 2271 οε)
421 2240 591 2272 prohibei-eris
614 2240 703 2264 conicit
722 2239 830 2270 Ewalcl,
848 2240 893 2264 sed
911 2240 944 2272 cf.
964 2240 1084 2264 Brelholz
1103 2238 1203 2264 ί[τέεεῖι.
1218 2238 1356 2264 Miihrens‘
1376 2240 1398 2269 I,
1419 2241 1454 2264 84
1473 2243 1560 2264 annot.
1574 2242 1598 2264 2.
1699 2240 1722 2271 ¹³)
1742 2240 1871 2264 consitunt
1890 2239 1923 2271 A,

275 2288 342 2304 corr.
362 2279 472 2310 Bishop,
500 2279 633 2303 constituit
655 2278 753 2308 Emler,
771 2278 916 2303 Friedrich.
1013 2279 1036 2309 c)
1060 2287 1072 2302 e
1098 2278 1159 2303 add.
1179 2278 1282 2309 Eu-ald,
1301 2278 1399 2309 Emler,
1418 2278 1563 2303 Friedrich.
1661 2277 1685 2309 d)
1709 2278 1871 2311 omipotentis
1890 2278 1923 2303 A.

276 2318 298 2350 e)
319 2326 366 2343 om.
386 2318 418 2342 A.
507 2315 525 2348 s)
544 2317 664 2341 venerabi
684 2317 716 2341 Α.
804 2316 828 2347 8)
848 2317 970 2341 Metholio
990 2316 1022 2342 Α,

379 2359 420 2384 23.
449 2359 472 2390 ξι)
492 2360 561 2384 Anni
580 2360 698 2391 episcopo
717 2360 844 2384 Iohannes
860 2360 929 2384 VIII.
949 2360 981 2384 A.
1069 2359 1092 2391 b)
1111 2360 1166 2392 ipso
1186 2360 1218 2385 A.
1307 2360 1328 2391 c)
1348 2360 1394 2384 ads
1411 2359 1443 2384 A.
1536 2357 1561 2390 d)
1581 2367 1701 2384 consessu
1720 2359 1853 2391 legendum
1871 2367 1922 2384 esse

271 2399 394 2431 proponit
413 2398 518 2429 Bishop.
596 2400 619 2426 ⁴³)
638 2399 752 2422 Romane
770 2398 832 2423 add.
846 2397 949 2427 ffloalcl,
967 2398 1064 2423 Emler.
1134 2397 1154 2429 f)
1173 2399 1267 2423 divinis
1286 2398 1497 2430 celebrandisque
1511 2398 1548 2428 A,
1573 2401 1598 2422 et
1616 2406 1632 2422 a
1651 2398 1745 2422 divinis
1764 2398 1923 2422 celebrandis

276 2446 343 2462 corr.
357 2437 460 2467 Eri-ald,
479 2437 576 2467 Emler,
596 2436 740 2461 Friedrich.
816 2436 839 2468 Β)
857 2438 989 2468 macipasti
1009 2438 1042 2462 A.
1113 2436 1138 2468 h)
1157 2438 1190 2461 ad
1209 2437 1242 2468 A,
1261 2446 1327 2461 corr.
1342 2436 1449 2468 Bishop,
1467 2437 1574 2461 cancell.
1588 2436 1690 2461 Ewald.
1770 2435 1789 2468 i)
1808 2444 1871 2461 cura
1889 2436 1922 2461 A.

276 2474 301 2507 k)
321 2476 351 2500 de
370 2484 420 2507 quo
444 2475 480 2499 bis
504 2475 589 2506 script.
609 2479 630 2499 et
649 2475 698 2499 del.
718 2475 750 2499 A.
856 2474 873 2507 l)
892 2484 939 2500 om.
960 2476 997 2506 A,
1021 2476 1104 2507 suppl.
1125 2475 1231 2507 Bishop.
1336 2476 1368 2505 ῃ1)
1388 2475 1548 2500 mentiaendo
1567 2474 1600 2499 A.
1705 2474 1730 2506 u)
1749 2475 1871 2499 contricio
1890 2475 1923 2506 A,

277 2523 344 2538 corr.
357 2513 464 2545 Bishop.
553 2513 577 2544 0)
597 2522 663 2538 corr.
677 2521 706 2537 ew
725 2521 856 2538 occurrere
875 2514 907 2538 A.
996 2514 1019 2545 Ρ)
1039 2514 1198 2546 Septebrium
1217 2514 1250 2538 A.
1339 2514 1363 2545 ί1)
1382 2514 1473 2538 tandm
1492 2514 1525 2538 A.
1611 2512 1634 2545 r)
1652 2513 1830 2538 licencentiam
1848 2512 1881 2537 A.

381 2572 406 2603 1)
426 2570 554 2603 Simplicii
571 2579 614 2603 pp.
633 2571 706 2603 epist.
723 2571 759 2596 acl
776 2571 923 2598 Iohannem
942 2580 977 2604 cp.
994 2572 1114 2599 Bai-enm.
1134 2573 1272 2606 (Dionysii
1292 2572 1352 2598 (loll.
1366 2572 1465 2598 contin.
1480 2571 1546 2597 decr.
1560 2571 1690 2604 Simplicii
1707 2579 1726 2597 c.
1738 2576 1759 2603 1,
1778 2571 1817 2597 ecl.
1832 2571 1923 2604 Miqoze

278 2613 407 2646 LXVII,
425 2616 490 2647 321),
509 2614 582 2645 Jaffe}
601 2614 663 2646 ch.
679 2617 728 2640 553
746 2616 827 2647 (351).
914 2615 939 2647 2)
959 2616 1140 2647 Anconitano,
1159 2616 1241 2641 latore
1259 2615 1430 2648 epistolarum
1449 2623 1496 2640 nn.
1511 2618 1617 2640 15—24.
1700 2614 1726 2646 3)
1747 2613 1922 2646 Frisinyensi,

278 2660 415 2682 Mai—25.
503 2656 531 2689 4)
553 2657 592 2688 Cf.
613 2664 672 2683 ean.
686 2660 710 2689 3,
731 2661 754 2689 4,
777 2661 790 2682 7
806 2665 875 2683 conc.
894 2657 971 2684 Sca-d.
991 2658 1098 2689 (Mami
1117 2658 1172 2684 III
1176 2679 1181 2689 ‚
1204 2659 1276 2690 9sq.)
1300 2666 1313 2683 e
1336 2657 1430 2690 quibus
1452 2660 1483 2683 ut
1505 2657 1685 2683 vetustissimis
1707 2657 1750 2682 ius
1768 2655 1924 2689 appellamli

278 2699 313 2724 ad
332 2699 483 2725 Romanam
502 2699 584 2725 sedem
603 2699 777 2725 erineebatur.
858 2701 883 2731 5)
903 2700 940 2725 In
957 2700 1058 2734 synodo
1076 2701 1124 2726 illa
1142 2709 1167 2726 a..
1183 2703 1243 2732 870,
1263 2700 1296 2732 ef.
1315 2709 1342 2726 n.
1356 2704 1401 2733 20,
1416 2708 1444 2732 p.
1458 2702 1510 2726 283
1528 2702 1621 2726 annot.
1635 2702 1657 2732 3,
1678 2707 1704 2725 n.
1718 2702 1759 2724 22.
1838 2698 1864 2730 6)
1883 2698 1924 2724 De

279 2742 443 2774 patrimonio
462 2742 492 2767 ¹in
509 2742 657 2768 Germania
675 2742 725 2768 sito
737 2744 771 2775 cf.
785 2742 819 2769 E.
830 2742 917 2768 Perels
931 2743 957 2768 in
971 2743 1052 2769 ‘Hist.
1061 2743 1190 2775 Azefsc'itze
1204 2743 1239 2769 K.
1247 2744 1357 2769 Zeumer
1374 2751 1396 2769 Ζ.
1408 2742 1616 2776 60.Gehm·tstc19
1629 2741 1812 2775 dargebraeht‘
1825 2741 1923 2774 (1911).

1939 691 1964 710 10

1940 1045 1964 1064 15

1941 1326 1967 1346 20

1940 1582 1965 1601 25

1941 1838 1967 1857 30

1941 2094 1966 2113 35

1940 2363 1967 2382 40

1941 2577 1966 2596 45
