2189 3042
189 321 217 342 cf.
234 320 271 341 Ps-
284 322 314 344 19,
326 322 344 340 3.

154 1960 184 1981 cf.
192 1959 271 1982 Matth,
279 1962 311 1985 18,
319 1961 350 1981 17.

360 175 399 204 52
804 166 983 194 IOHANNIS
1001 166 1075 193 VIII.
1095 165 1212 192 PAPAE
1235 164 1433 192 EPISTOLAE
1456 164 1497 192 56.
1517 164 1558 191 57.

359 268 472 300 gruum
498 260 529 288 et
553 259 743 297 oportunum
768 254 860 284 nobis
885 253 1021 294 prebere
1045 252 1199 284 auxilium
1223 262 1286 283 non
1310 251 1479 291 differatis,
1508 254 1543 282 ut
1572 253 1605 282 et
1626 250 1795 289 Dominus,
1824 251 1877 292 qui
1906 250 2005 292 elegit

361 320 416 339 vos
444 311 539 349 eaput
568 307 652 338 orbis
681 310 713 337 et
743 305 923 336 dominum²¹
953 304 1042 339 fecit,
1077 303 1230 334 auxilium
1259 313 1349 334 suum
1378 302 1467 334 vobis
1501 302 1541 333 de
1569 305 1678 333 sancto
1706 302 1853 334 mittereb
1877 312 2005 343 semper

359 360 517 401 dignetur,
542 358 757 389 amantissime
781 356 835 387 fili.

462 425 555 448 DATA
575 424 619 448 UT
638 423 768 447 SUl'RA.c

1158 583 1208 613 57.

466 654 624 686 Iohannes
647 652 744 684 VIII.
766 662 857 691 papa
886 651 964 683 Urso
993 651 1068 682 duci
1096 650 1239 682 Venetiae
1270 651 1434 682 innotescit
1463 661 1495 682 se
1526 650 1576 682 die
1605 649 1807 681 24.m.12m.
1832 649 2005 681 Ravennae

359 707 509 748 synodum
540 706 636 737 totius
666 703 783 735 Italiae
811 702 1007 734 sacerdotum
1037 701 1263 734 celebraturum
1293 713 1374 741 esse;
1407 705 1522 740 monet,
1556 704 1593 733 ut
1623 704 1653 732 et
1683 701 1829 732 marinae
1862 700 2007 732 Venetiae

358 758 515 789 antistites
537 756 640 788 venire
659 755 832 794 permittat,
856 756 885 786 et
908 754 973 794 ipse
995 754 1101 785 veniat
1123 757 1181 785 aut
1204 753 1338 795 leqatum
1361 754 1476 785 mittat.
1679 754 1743 784 877
1765 752 1851 784 Mai.
1867 754 1919 784 27.

472 823 545 850 CocL:
574 823 601 849 R
618 826 638 856 γ’.
652 825 694 849 27’
713 830 740 848 n.
755 826 797 848 56.

463 875 546 902 Ecld..·
574 874 667 901 Editio
682 874 808 900 Romana
825 874 908 907 (1591)
926 873 988 905 ΙΙΙ,
1008 876 1058 900 334
1076 882 1103 899 n.
1117 878 1153 900 55.
1192 874 1288 899 Mansi
1307 873 1386 900 Cone.
1399 874 1458 900 coll.
1478 873 1580 906 XVII,
1599 876 1633 899 48
1651 881 1678 899 n.
1690 877 1727 899 55.
1760 873 1854 907 Miyne
1871 873 1946 899 Patr.
1961 873 2006 899 lat.

362 919 446 946 CXX
453 919 504 960 121,
527 921 572 944 733
591 927 616 944 n.
631 923 670 944 62.
708 917 855 943 Monticolo
876 917 906 942 *in
925 917 1072 943 Bullettz'no
1093 916 1271 943 dell⁷1stfituto
1291 920 1353 943 stov:
1373 917 1495 943 Italiano
1514 916 1562 942 IX
1579 917 1671 950 (1890)
1689 924 1716 949 11.
1730 918 1777 942 3-25
1800 924 1827 942 n.
1844 919 1863 942 7.
1883 931 1915 934 —
1934 915 2007 947 Jaffe'

361 962 424 995 Rey.
439 965 505 988 3100
522 962 620 994 (2330).

900 1015 1073 1039 IOHANNES
1096 1014 1183 1039 URSO
1206 1015 1287 1039 DUCI
1312 1014 1468 1051 VENET1131.

470 1070 578 1102 Multis
602 1080 688 1101 esses
711 1070 858 1100 nimirum
881 1069 963 1109 iuste
987 1069 1197 1110 correptionis
1221 1079 1240 1100 a
1262 1068 1354 1100 nobis
1376 1069 1647 1109 increpationibus
1671 1067 1926 1108 summittendus,
1950 1067 2009 1098 nisi

360 1123 538 1164 apostolica
563 1121 742 1153 moderatio
767 1122 850 1152 circa
874 1124 906 1152 te
930 1121 1034 1152 minus
1056 1121 1228 1153 severitate
1252 1131 1347 1162 quam
1371 1121 1527 1162 patientia
1549 1124 1701 1152 uteretur.
1746 1120 1900 1161 Exceptis
1923 1119 2008 1150 enim

361 1174 546 1206 excessibus
570 1173 641 1214 illis,
667 1184 746 1214 quos
771 1184 829 1214 per
845 1172 1098 1213 inobedientiam
1120 1173 1208 1214 prius
1231 1175 1466 1214 eontraxerasn,
1489 1173 1531 1203 ad
1548 1175 1728 1204 extremum
1752 1172 1849 1203 etiam
1872 1171 2008 1212 legatio-

361 1236 435 1257 nem
458 1225 545 1257 beati
568 1226 657 1256 Petri
681 1225 844 1266 indignam
869 1225 931 1256 tuis
959 1224 1080 1256 oculisb
1103 1224 1284 1265 iudicasti1,
1313 1235 1383 1255 cum
1407 1225 1468 1256 hoc
1492 1235 1550 1256 nec
1573 1224 1700 1266 gentilis
1724 1223 1891 1264 quisquam
1915 1221 2008 1253 facile

362 1277 475 1309 fecisse
499 1277 663 1317 clarescat,
687 1277 827 1308 maxime
845 1287 917 1307 cum
935 1286 984 1316 ea,
1006 1286 1068 1317 que
1086 1276 1249 1307 dilectioni
1273 1279 1326 1316 tue
1349 1277 1565 1317 mittebamus,
1590 1279 1725 1317 paterna
1749 1278 1855 1306 essent
1878 1273 2009 1312 monita,

362 1340 425 1361 non
454 1329 571 1360 inimici
602 1328 743 1360 odientia
771 1328 916 1360 verbera.
967 1328 1032 1359 Sed
1063 1329 1124 1359 ista
1153 1328 1388 1359 dissimulantes
1416 1328 1644 1359 innotescimus
1673 1326 1836 1358 dilectioni
1866 1328 1918 1365 tue
1952 1334 2009 1355 nos

362 1385 475 1413 octavo
506 1380 662 1411 kalendas
692 1380 790 1412 Iulias
820 1380 974 1420 Ravenne
1005 1380 1161 1421 synodum
1191 1381 1288 1411 totius
1319 1380 1413 1420 Italis
1443 1379 1646 1411 sacerdotum
1678 1376 1927 1416 celebraturos2,
1959 1376 2010 1407 cui

363 1434 517 1464 interesse
534 1432 680 1463 volumus
704 1436 736 1463 et
758 1432 878 1471 marine
895 1431 1033 1472 Venetia}
1057 1432 1224 1472 antistites,
1249 1432 1319 1473 quic
1336 1431 1440 1463 adhuc
1464 1442 1631 1473 superesse
1647 1434 1829 1470 noscuntur,
1852 1439 1915 1460 una
1938 1438 2010 1459 cum

363 1485 506 1525 personis
529 1483 571 1514 ad
595 1484 814 1524 episcopatum
839 1483 951 1514 clectis
975 1487 1007 1514 et
1030 1483 1107 1523 illis,
1132 1494 1212 1525 quas
1235 1483 1293 1514 tibi
1322 1483 1385 1514 iam
1408 1493 1465 1524 per
1490 1483 1631 1514 diversas
1654 1481 1826 1524 epistolas³
1850 1479 2008 1521 significa-

364 1536 474 1566 vimus.
511 1534 715 1576 Quapropter
730 1535 813 1566 bene
829 1534 974 1576 profecto
992 1535 1100 1575 facies,
1125 1535 1150 1565 si
1175 1546 1230 1566 eos
1253 1535 1295 1566 ad
1314 1535 1491 1576 predictam
1507 1536 1617 1566 venire
1641 1534 1797 1575 synodum
1820 1543 1883 1563 non
1906 1532 2008 1572 impe-

363 1587 470 1626 dieris,
495 1587 551 1618 sed
574 1587 676 1618 modis
701 1587 845 1618 omnibus
868 1587 1065 1624 incitaveris:
1090 1598 1153 1618 non
1177 1588 1262 1618 enim
1285 1588 1408 1618 ruinam
1426 1597 1536 1618 eorum
1553 1587 1706 1627 cupimus,
1730 1585 1822 1624 absit,
1846 1583 1903 1615 sed
1925 1582 2009 1613 illius

363 1642 480 1670 statum
497 1639 671 1669 reformare
680 1638 692 1656 ‘¹
707 1639 866 1680 provincie
878 1640 890 1658 4
903 1642 945 1679 et,
960 1639 1112 1680 quicquid
1127 1639 1209 1670 inter
1226 1650 1280 1670 eos
1297 1642 1328 1670 et
1343 1639 1626 1680 metropolitanum
1644 1637 1818 1679 questionis
1835 1639 1868 1667 et
1883 1637 2008 1666 contro-

364 1690 466 1730 versie
483 1691 646 1730 vertitur-⁵,
671 1691 820 1730 canonice
839 1691 986 1722 diffinire.
1025 1691 1139 1732 Itaque
1162 1690 1381 1721 indubitanter
1396 1691 1526 1721 veniant
1550 1693 1582 1721 et
1605 1694 1671 1721 tam
1694 1692 1803 1720 sancto
1824 1680 2010 1719 numeroso-

364 1752 426 1783 que
454 1742 585 1772 fratrum
610 1742 721 1773 deesse
752 1742 838 1773 nullo
862 1742 958 1774 modo
989 1743 1151 1783 patiantur
1175 1742 1328 1783 collegio;
1359 1753 1421 1773 non
1446 1743 1544 1781 enim,
1574 1741 1670 1773 michi
1701 1740 1811 1778 crede,
1841 1740 1872 1770 in
1900 1739 2007 1780 aliquo

361 1793 524 1831 minorati,
556 1793 641 1833 quod
671 1796 795 1824 avertat
823 1794 995 1832 Dominus,
1029 1794 1085 1825 sed
1115 1795 1221 1835 potius
1251 1795 1449 1835 augmentati
1481 1793 1606 1825 Christo
1637 1793 1777 1834 propitio
1807 1791 1849 1822 ad
1878 1792 2008 1833 propria

362 1848 577 1881 revertentur;
608 1845 654 1874 sin
678 1849 799 1884 autem,
824 1846 983 1876 communi
1009 1846 1150 1876 omnium
1175 1845 1320 1885 decreto,
1346 1856 1416 1876 cum
1442 1845 1611 1876 ecclesiam
1635 1855 1697 1876 non
1721 1844 1861 1875 audiisse
1885 1842 2008 1874 clarue—

361 1897 433 1935 rint,
464 1900 555 1926 erunt
587 1897 669 1927 enim
694 1897 802 1937 procul
833 1897 944 1935 dubio,
971 1897 1244 1938 quemadmodum
1272 1901 1510 1928 sacrosanctum
1538 1896 1578 1927 de
1604 1896 1825 1927 huiuscemodi
1855 1894 2007 1936 precipit²

367 1948 579 1989 evangelium.
618 1947 700 1978 Illud
724 1952 832 1979 autem
856 1949 924 1989 ipse
949 1960 1007 1990 pro
1032 1949 1136 1980 certof
1151 1948 1254 1989 scitos,
1279 1950 1353 1990 quia
1376 1949 1472 1980 nichil
1496 1959 1553 1989 pro
1569 1947 1634 1979 ullo
1658 1947 1841 1978 mortalium
1865 1946 2008 1977 imminui

362 1999 495 2039 ecclesie
526 2002 578 2038 tue
606 2000 762 2039 cupimus,
794 2000 850 2030 sed
881 2000 978 2031 decus
1008 2004 1040 2031 et
1071 2001 1201 2041 genium
1233 2004 1323 2031 tuum
1345 2000 1443 2031 veluti
1472 1999 1656 2041 spectabilis
1681 2003 1713 2030 et
1734 1999 1841 2030 Deum
1869 1998 2009 2029 timentis

362 2051 419 2080 vin'
444 2051 625 2081 conservari
642 2050 787 2081 volumus
811 2054 844 2082 et
867 2055 1024 2092 optamus
1063 2051 1158 2083 Unde
1181 2062 1359 2092 monemus,
1382 2054 1416 2082 nt
1441 2055 1473 2082 et
1496 2052 1564 2092 ipse
1588 2051 1630 2082 ad
1652 2061 1709 2082 nos
1725 2050 1913 2082 Ravennam
1936 2060 2009 2090 pro-

361 2101 457 2132 ficisci
486 2112 525 2132 ne
554 2103 728 2142 pigriteris:
760 2103 807 2132 sin
835 2106 957 2143 autem,
989 2103 1103 2134 saltem
1126 2104 1228 2134 virum
1252 2113 1435 2144 quenquam
1462 2103 1651 2134 industrium
1674 2102 1765 2133 nobis
1788 2101 1911 2143 glorie&
1934 2104 2009 2140 tueg

361 2153 500 2184 iniuncta
523 2153 683 2194 legatione
707 2154 893 2195 fungentem
918 2154 1056 2195 dirigere
1080 2165 1143 2186 non
1168 2154 1338 2186 detrectes

464 2219 557 2242 DATA
575 2219 617 2243 Vl.
638 2219 818 2243 KALENDAS
842 2219 937 2250 lUNIl,
962 2220 1160 2245 INDICTlONE
1179 2222 1209 2245 X.

464 2478 487 2510 a)
505 2487 571 2503 corr.
585 2486 615 2502 esu:
633 2478 680 2503 din—s
699 2478 729 2502 Ic.
828 2477 852 2509 b)
871 2487 937 2503 corr.
951 2487 981 2504 est:
1000 2480 1088 2505 mitere
1110 2481 1145 2505 al.
1164 2490 1233 2506 man.
1254 2481 1285 2506 R.
1382 2481 1405 2511 c)
1424 2481 1493 2505 Data
1512 2481 1580 2504 Vin.
1600 2479 1724 2505 kalendas
1743 2479 1823 2511 Iunii,
1846 2479 1896 2504 ind.
1911 2479 2008 2503 decima

361 2521 481 2546 editiones
495 2525 601 2553 praeter
619 2520 772 2546 Romanam.

464 2581 506 2607 57.
533 2581 557 2611 ³)
577 2590 599 2605 -s
617 2590 682 2606 corr.
696 2589 726 2606 eo:
745 2586 771 2606 -ι
790 2581 819 2605 11².
911 2580 936 2613 b)
955 2590 1021 2607 corr.
1035 2591 1064 2607 ea·
1084 2583 1151 2608 oculi
1169 2583 1199 2608 R.
1293 2584 1315 2614 c)
1335 2592 1402 2608 corr.
1416 2592 1446 2608 ex
1464 2583 1524 2615 quia
1542 2582 1578 2607 al.
1596 2590 1665 2607 man.
1685 2581 1715 2606 R.
1814 2580 1839 2612 d)
1859 2582 1885 2606 in
1903 2589 1956 2606 ras.
1975 2580 2007 2604 R.

362 2623 385 2656 e)
404 2633 469 2649 corr.
483 2633 512 2649 ωε
531 2625 644 2656 precepit
663 2624 694 2648 R.
782 2623 802 2655 f)
822 2633 888 2649 corr.
901 2633 931 2649 ea:
950 2629 1030 2649 certos
1049 2626 1099 2650 cito
1118 2626 1152 2651 al.
1167 2635 1236 2651 man.
1256 2626 1287 2651 R.
1376 2626 1400 2657 8)
1419 2627 1504 2658 gloria
1523 2630 1567 2650 tua
1585 2624 1617 2649 B.

466 2700 491 2731 1)
511 2698 680 2732 Leycttionmn
704 2699 779 2725 Delei
802 2699 919 2732 episcopi
938 2699 1117 2725 Ariminensis
1139 2710 1171 2726 m.
1189 2701 1252 2727 Dec.
1266 2705 1314 2727 876
1338 2702 1384 2734 (cf.
1403 2710 1431 2728 n.
1445 2702 1503 2733 26),
1530 2701 1623 2727 latoris
1644 2700 1814 2733 epistolarmn
1836 2707 1883 2725 nn.
1900 2702 2007 2731 17—20,

362 2742 474 2774 indicat,
491 2742 524 2774 cf.
543 2750 568 2775 p.
581 2746 613 2768 17
630 2745 721 2768 (muel.
737 2747 756 2769 1.
831 2743 857 2773 2)
880 2742 920 2773 Cf.
939 2751 986 2769 πη.
1000 2747 1039 2775 55,
1057 2746 1161 2769 58-61.
1237 2744 1263 2777 3>
1286 2744 1326 2775 Cf.
1345 2753 1391 2770 mi.
1408 2747 1447 2776 18,
1470 2747 1507 2769 21.
1584 2745 1610 2774 4)
1633 2743 1673 2775 Cf.
1692 2751 1719 2769 n.
1734 2746 1772 2775 19,
1788 2750 1816 2775 1).
1828 2746 1858 2768 17
1875 2742 2007 2768 l,15—16.

363 2786 388 2816 5)
410 2785 451 2816 Cf.
470 2793 516 2811 πυ.
534 2788 638 2816 17-21,
656 2789 696 2811 26.

2027 920 2051 939 10

2038 1179 2062 1197 15

2029 1436 2055 1455 20

2030 1698 2054 1717 25

2027 1956 2051 1974 30

2026 2228 2050 2247 35

2026 2711 2052 2729 40
