2189 3042
866 161 980 190 INDEX
999 164 1208 195 INITIORUM.
1801 181 1862 212 471

206 238 420 265 Ecclesiasticam
439 243 584 274 scripturae
601 245 636 269 ad
654 246 798 271 multorum
816 249 874 277 423,
885 253 904 274 5.

204 272 359 298 Efficaciam
378 277 441 300 tuae
458 276 598 302 fidelitatis
615 280 685 304 circa
703 281 804 307 287.10.

203 307 348 332 Enimvero
365 310 429 341 quia
446 310 474 334 in
491 312 623 343 speculam
641 314 697 344 348,
709 319 742 340 20.

203 341 242 366 Eo
259 350 316 372 nos,
333 342 390 367 filia
406 344 547 370 karissima
562 348 604 376 42,
615 352 648 372 15.

203 375 325 407 Epistola
342 380 404 401 tuae
422 379 557 411 religionis
574 385 683 413 accepta
699 384 756 412 274,
770 389 788 409 1.

203 410 339 441 Epistulas
357 419 419 436 sane
436 421 452 436 a
470 418 560 438 vestra
579 416 635 444 134,
646 420 679 440 15.

201 444 337 475 Epistola·
356 448 418 470 tuae
437 447 591 473 dilectionis
609 457 662 474 non
680 451 705 480 2,
717 456 750 476 10.

201 478 238 502 Et
255 479 332 503 iuxta
349 481 421 511 quod
437 481 514 505 Felix
532 483 590 512 306,
602 488 623 508 5.

201 512 238 536 Et
256 513 279 537 si
296 513 377 537 surda
395 516 466 546 quod
483 517 541 544 337,
553 521 586 541 10.

200 546 372 578 Experientia
392 552 454 573 tuae
473 551 629 581 prudentiae
649 552 746 578 litteris
767 556 821 585 181,
833 560 866 581 30.

199 580 386 612 Experientiae
404 587 508 608 vestrae
526 588 620 610 notum
637 594 693 611 esse
709 590 751 613 47.
763 593 796 613 25.

201 659 344 687 Facientis
361 665 451 695 procul
469 665 550 690 dubio
568 667 673 698 culpam
690 669 747 698 305,
758 674 791 694 25.

200 696 283 720 Fama
300 700 363 722 tuae
380 698 557 724 fraternitatis
574 701 651 733 longo
671 704 726 732 108,
737 709 756 728 1.

199 730 314 755 Fervens
331 733 508 758 sanctimonia
526 738 573 759 tua
590 737 660 760 circa
676 739 733 766 441,
744 742 778 763 25.

196 764 328 790 Fidelium
346 767 431 791 relatu
450 770 633 800 comperimus,
655 772 768 802 qualiter
786 775 844 803 334,
855 779 888 799 20.

195 798 282 831 [FJilii
298 800 472 830 dilectissimi,
490 811 572 828 unum
590 808 630 829 est
647 806 704 834 289,
715 811 735 831 1.

194 833 402 859 Fraternitatem
421 839 495 861 tuam
516 839 648 863 recordari
666 841 788 866 volumus
810 844 865 872 115,
876 848 895 869 1.

195 868 289 893 Fretus
306 872 395 894 vestra
414 870 601 902 ingenuissima
620 874 761 900 nobilitate
782 877 880 906 121,15.

193 946 295 974 Gloria
313 953 524 978 mansuetudinis
542 958 645 979 vestrae
663 961 803 987 cognoscat
823 960 861 988 14,
872 964 904 985 15.

195 983 315 1008 Gloriam
333 988 408 1010 tuam
426 987 475 1011 hac
493 990 660 1019 apostolatus
676 992 761 1020 45‚15.

194 1017 329 1043 Gloriosae
346 1020 485 1046 nobilitati
501 1027 614 1052 vestrae,
633 1032 711 1056 quam
729 1026 769 1055 27,
780 1031 813 1052 25.

194 1052 302 1077 Gratias
318 1054 418 1085 gloriae
436 1059 498 1080 tuae
515 1065 562 1088 pro
582 1060 620 1086 19,
632 1064 650 1083 1.

194 1086 349 1112 Gratulatos
366 1097 415 1113 nos
433 1098 485 1114 non
503 1092 606 1116 modice
624 1094 681 1121 272,
693 1099 725 1119 15.

191 1166 341 1194 Habentes
358 1172 477 1195 omnium
495 1173 662 1198 ecclesiarum
680 1175 729 1199 Dei
747 1177 803 1206 201,
814 1181 847 1202 30.

190 1202 328 1228 Habentes
349 1212 450 1237 semper
468 1213 531 1237 prae
550 1209 634 1232 oculis
651 1210 709 1238 339,
720 1214 752 1234 20.

190 1236 395 1268 Hengeltrudim
413 1248 521 1265 uxorem
539 1242 650 1267 Bosonis
668 1246 772 1269 noveris
790 1246 847 1275 280,
859 1251 891 1272 15.

188 1271 239 1295 His
257 1274 355 1297 nostris
372 1275 524 1305 apostolicis
541 1276 639 1301 litteris
656 1279 756 1305 216,⁴25.

188 1305 248 1330 Hoc
266 1310 357 1331 autem
376 1309 447 1339 quod
465 1309 597 1335 Iohannes
613 1313 671 1341 331,
682 1318 702 1337 1.

188 1340 247 1364 Hoc
265 1343 352 1366 nostri
368 1350 470 1374 semper
486 1346 638 1370 certaminis
655 1348 712 1376 227,
724 1352 742 1371 1.

188 1374 336 1400 Hortamur
353 1378 506 1402 sanctitatis
523 1383 627 1404 vestrae
644 1381 839 1407 fraternitatem
860 1385 915 1414 129,
926 1391 945 1410 1.

188 1408 329 1440 nugonem
347 1411 485 1436 Hlotharii
501 1415 568 1445 regis
586 1416 719 1446 quondam
738 1418 778 1446 91,
789 1422 822 1442 30.

188 1487 252 1514 Iam
270 1492 341 1515 enim
360 1494 571 1524 magnitudinem
589 1499 705 1521 vestram
724 1499 780 1527 103,
791 1504 810 1523 1.

155 1520 158 1523 ’
187 1523 246 1548 Iam
265 1525 335 1549 enim
353 1528 494 1552 sanctitati
510 1532 572 1553 tuae
591 1531 690 1559 140,15.

186 1557 245 1582 Iam
265 1560 329 1591 quia
347 1564 383 1589 te,
403 1561 541 1587 karissime
561 1565 648 1593 100,5.

188 1592 246 1616 Iam
265 1594 328 1624 quia
345 1598 373 1619 te
390 1595 548 1621 lactantium
566 1599 624 1627 241,
636 1604 668 1624 10.

186 1626 290 1652 Idcirco
307 1631 382 1653 tuam
399 1630 595 1657 fraternitatem
613 1636 690 1658 tanto
707 1636 748 1663 58,
759 1639 791 1660 15.

184 1660 272 1692 Igitur
288 1663 387 1694 gloriae
404 1668 507 1690 vestrae
524 1667 673 1692 litterarum
691 1669 731 1699 99,
742 1673 775 1694 20.

185 1695 272 1727 Igitur
289 1698 353 1728 quia
370 1699 523 1724 traternitas
540 1704 588 1725 tua
607 1703 661 1731 118,
673 1707 692 1727 1.

184 1729 271 1761 Igitur
288 1732 359 1762 quia,
378 1734 447 1758 sicut
464 1735 579 1760 Domino
597 1737 654 1766 311,
665 1742 698 1762 10.

184 1763 381 1796 [Hmperfectus
398 1771 448 1797 est,
467 1770 509 1793 cui
526 1772 633 1795 tantum
651 1772 708 1801 290,
719 1776 753 1798 20.

181 1798 215 1823 In
231 1799 344 1824 lectione
361 1801 511 1828 litterarum
528 1808 677 1830 vestrarum
697 1808 753 1836 112,
764 1811 797 1832 30.

181 1832 333 1859 Industriae
351 1838 414 1860 tuae
431 1841 524 1862 notum
543 1847 598 1863 esse
615 1841 673 1869 222,
684 1844 718 1866 25.

180 1867 345 1893 Industriam
362 1878 407 1894 seu
425 1873 544 1897 omnium
561 1873 719 1899 fidelitatem
738 1877 795 1905 112,
806 1881 838 1901 10.

180 1901 336 1927 Innumeras
352 1906 499 1935 gratiarum
517 1908 635 1932 actiones
652 1913 756 1934 vestrae
773 1911 814 1939 72,
825 1915 858 1936 30.

179 1935 336 1962 Innumeras
353 1940 533 1971 omnipotenti
549 1942 605 1966 Deo
623 1946 710 1974 grates
727 1945 769 1973 22,
780 1949 812 1969 10.

180 1970 255 1994 Inter
272 1974 368 2001 cetera,
388 1981 455 2004 quae
473 1975 505 1999 de
523 1976 581 2005 248,
591 1981 624 2001 20.

179 2004 254 2029 Inter
271 2008 367 2035 cetera,
387 2015 454 2039 quae
471 2017 519 2040 pro
537 2011 578 2039 31,
589 2015 609 2035 5.

178 2038 253 2063 Inter
270 2043 357 2064 cetera
375 2042 474 2072 studia,
494 2052 561 2075 quae
578 2046 635 2074 431,
649 2051 667 2070 1.

177 2072 252 2097 Inter
269 2078 369 2099 ceteras
385 2078 487 2108 proprii
504 2078 616 2103 affectus
633 2081 690 2109 249,
701 2085 721 2105 5.

176 2106 251 2132 Inter
268 2109 353 2133 claras
370 2111 517 2142 sapientiae
535 2116 562 2137 et
581 2115 636 2142 167,
647 2119 667 2138 5.

176 2141 252 2166 Inter
268 2144 381 2168 eximios
398 2153 467 2170 nunc
486 2155 568 2178 usque
585 2149 643 2177 260,
654 2153 687 2173 25.

175 2175 287 2201 Interim
307 2180 397 2202 tamen
414 2180 557 2205 iamdictus
574 2183 711 2214 episcopus
727 2185 785 2213 298,
796 2189 829 2209 20.

175 2210 357 2242 Interpretata
374 2221 458 2245 nuper
475 2215 608 2240 decessore
625 2221 729 2242 vestrae
746 2220 804 2248 416,
816 2224 848 2244 10.

174 2244 235 2275 Ipse
252 2247 334 2276 nosti,
353 2255 369 2271 o
386 2248 572 2279 gloriosissime
589 2252 646 2280 284,
658 2256 676 2276 1.

174 2279 270 2311 Itaque
287 2281 392 2306 reddito
410 2290 440 2306 ac
458 2285 584 2308 restituto
602 2286 703 2314 281,20.

176 2312 238 2342 Iter,
258 2315 330 2345 quod
347 2324 395 2347 pro
413 2317 580 2343 dissolvendo
598 2321 638 2348 55,
649 2325 668 2344 ὅ.

175 2347 299 2379 [l]terum
318 2350 466 2382 iterumque
485 2360 532 2376 vos
550 2354 722 2379 admonemus
739 2357 797 2385 307,
808 2361 841 2382 20.

174 2382 254 2406 quta
273 2384 344 2414 quod
362 2386 489 2415 providus
508 2387 650 2419 Gregorius
667 2390 723 2419 332,
735 2395 754 2415 1.

170 2465 262 2492 Lator
279 2471 457 2499 praesentium
476 2480 563 2497 eoram
581 2474 657 2498 nobis
676 2476 775 2504 130,20.

170 2501 253 2526 Lator
269 2505 456 2534 praesentium,
475 2506 601 2531 Flavinus
618 2509 718 2534 scilicet
735 2511 835 2539 350,1⁵.

169 2535 343 2561 Laudabilem
364 2539 470 2569 quidem
490 2540 665 2567 intentionem
685 2547 712 2568 et
731 2545 773 2573 23,
783 2549 817 2569 20.

169 2569 322 2595 Laudamus
339 2574 544 2599 sanctimoniam
563 2579 647 2606 tuam,
667 2578 749 2603 irater
767 2580 808 2609 34,
819 2583 852 2604 20.

168 2604 250 2628 Lecta
268 2606 381 2637 epistola
398 2615 414 2631 a
431 2610 575 2635 sanctitate
592 2612 649 2640 349,
660 2616 680 2636 5.

167 2637 256 2663 Lectis
272 2640 422 2666 nobilitatis
438 2647 542 2668 vestrae
558 2645 656 2670 litteris
673 2647 712 2675 69,
722 2652 756 2672 30.

167 2672 255 2697 Lectis
272 2676 427 2706 sagacitatis
443 2681 547 2703 vestrae
564 2680 684 2711 apicibus
701 2682 758 2711 349,
769 2686 802 2706 20.

167 2706 283 2738 Legatus
300 2712 363 2733 tuus
379 2711 414 2734 ad
431 2713 605 2743 apostolicam
623 2715 681 2744 314,
692 2720 712 2740 1.

166 2740 332 2768 Leontardus
350 2745 458 2776 quidam
477 2750 539 2771 tuae
557 2748 704 2774 dioeceseos
721 2751 806 2779 80‚30.

165 2775 328 2801 Litterarum
347 2781 462 2809 tuarum,
482 2781 521 2806 fili
539 2782 675 2808 karissime
695 2785 795 2814 llss,10.

1062 252 1177 278 Litteras
1195 262 1211 278 a
1229 259 1318 280 vestra
1336 258 1575 286 venerabilitudine
1593 264 1692 294 358,15.

1062 286 1200 319 [L]itteras
1217 292 1280 314 tuae
1298 290 1448 317 dilectionis
1466 296 1580 325 quodam
1598 299 1655 328 289,
1665 304 1698 325 25.

1062 321 1177 347 Litteras
1194 327 1255 348 tuas
1272 326 1435 356 apostolatui
1452 332 1542 354 nostro
1560 332 1617 362 366,
1628 338 1661 358 10.

1061 355 1170 381 Litteris
1186 359 1240 382 tuis
1257 359 1342 383 multa
1358 361 1513 392 prolixitate
1529 366 1586 395 364,
1597 371 1630 392 35.

1061 390 1170 415 Litteris
1187 393 1250 421 tuis,
1269 401 1334 424 quas
1351 395 1427 419 nobis
1446 398 1500 426 142,
1512 403 1545 424 15.

1061 424 1124 449 Loci
1141 427 1226 450 nostri
1244 428 1419 454 consideratio
1438 438 1486 455 nos
1503 433 1560 462 339,
1570 445 1590 459 .›

1062 458 1274 491 [L]upenandum
1292 463 1474 494 presbiterum,
1494 474 1570 498 quern
1589 474 1697 502 captata
1714 474 1771 503 292,
1781 478 1814 500 20.

1060 537 1279 571 Magnitudinem
1299 547 1415 569 vestram
1435 546 1536 578 ingenti
1553 551 1629 575 nobis
1647 553 1703 583 220,
1714 558 1747 578 15.

1059 572 1254 600 Mercennarius
1271 585 1325 608 esse
1342 581 1471 604 veraciter
1487 585 1674 615 comprobatur
1689 589 1746 618 338,
1757 593 1790 614 25.

1058 606 1198 633 Ministerii
1216 613 1301 635 nostri
1319 616 1359 636 est
1378 615 1534 641 universalis
1551 619 1651 648 323,25.

1058 641 1185 667 Miramur
1202 644 1395 671 fraternitatem
1415 651 1499 678 tuam,
1517 660 1564 675 cur
1582 655 1636 683 107,
1648 660 1680 680 10.

1057 675 1185 701 Miramur
1201 680 1370 709 prudentiam
1389 686 1463 707 tuam
1481 685 1603 711 Cumensi
1621 690 1677 719 346,
1689 695 1721 716 15.

1057 709 1193 741 Miramur,
1213 714 1275 744 quia
1292 722 1340 738 vos
1357 718 1462 747 saepius
1480 720 1535 748 144,
1546 725 1578 745 25.

1056 744 1193 775 Miramur,
1213 748 1283 778 quod
1300 752 1377 774 tanto
1394 752 1447 775 iarn
1465 754 1551 779 260.5.

1055 778 1184 804 Miramur
1201 789 1248 806 vos
1265 787 1291 806 et
1310 784 1477 810 vehementer
1494 789 1535 817 66,
1546 794 1578 814 15.

1054 812 1159 845 [M]i.ror
1176 816 1263 840 minus
1281 817 1386 842 doctam
1405 821 1541 846 scientiam
1560 825 1646 853 304,1.

1053 847 1174 873 Misimus
1192 858 1251 874 cum
1271 852 1312 875 his
1329 855 1511 883 praesentibus
1529 859 1615 883 missis
1634 862 1689 890 155,
1701 867 1733 887 30.

1053 881 1133 906 Missa
1150 885 1314 914 praesulatui
1332 891 1421 911 nostro
1439 889 1473 913 ab
1490 891 1548 920 240,
1559 897 1592 917 10.

1052 915 1133 940 Missa
1150 919 1312 948 praesulatui
1330 925 1419 946 nostro
1437 927 1602 955 suggestione.
1620 929 1676 959 239,
1687 935 1720 955 20.

1051 949 1144 975 Missas
1161 955 1188 977 et
1207 955 1385 979 sacratissima
1402 957 1448 980 illa
1466 959 1521 987 353,
1533 965 1564 984 10.

1050 984 1187 1011 Monemus
1203 988 1354 1019 religionem
1372 994 1445 1015 tuam
1464 996 1490 1017 et
1510 995 1564 1023 159,
1575 1000 1608 1021 30.

1050 1019 1169 1045 Mortuos
1187 1023 1326 1047 suscitasse
1345 1024 1477 1050 Christum
1495 1028 1605 1059 legimus
1622 1033 1677 1061 278,
1689 1038 1710 1058 5.

1049 1052 1193 1085 [M]ortuus
1211 1060 1260 1085 est,
1279 1059 1324 1089 qui
1342 1062 1368 1083 et
1386 1061 1443 1089 301,
1454 1066 1486 1085 10.

1048 1088 1133 1112 Multa
1150 1097 1196 1121 per
1213 1098 1260 1115 nos
1276 1093 1535 1127 praedecessoresque
1552 1100 1576 1127 5,
1586 1103 1619 1124 15.

1048 1121 1134 1147 Multa
1152 1124 1228 1149 vobis
1246 1126 1314 1150 bona
1332 1127 1416 1152 facere
1433 1130 1492 1159 218,
1503 1135 1536 1155 25.

1048 1156 1148 1182 Multae
1165 1159 1377 1185 inoboedientiae
1394 1167 1475 1195 atque
1491 1168 1652 1196 perniciosae
1671 1172 1727 1201 162,
1738 1177 1772 1198 20.

1048 1190 1191 1217 Multarum
1209 1197 1408 1225 oppressionum
1426 1202 1585 1231 nostrarum,
1603 1202 1641 1227 fili
1658 1205 1715 1235 245,
1725 1210 1746 1232 5.

1047 1225 1145 1251 Multas
1162 1229 1309 1258 gratiarum
1327 1232 1444 1256 actiones
1461 1237 1542 1265 atque
1561 1237 1617 1266 137,
1628 1242 1661 1263 15.

1047 1259 1145 1285 Multas
1163 1264 1402 1293 praevaricationes
1421 1271 1513 1292 contra
1531 1271 1616 1295 totius
1635 1274 1691 1302 150,
1701 1279 1734 1300 20.

1047 1293 1145 1319 Multas
1161 1298 1247 1328 regiae
1264 1299 1435 1324 excellentiae
1454 1306 1556 1328 vestrae
1576 1306 1630 1335 158,
1641 1311 1674 1332 30,

1046 1327 1206 1361 Multiplices
1223 1334 1323 1363 gratius
1340 1338 1443 1359 vestrae
1460 1338 1596 1363 referimus
1613 1342 1669 1371 207,
1680 1347 1712 1367 10.

1046 1362 1205 1395 Multiplices
1223 1367 1359 1392 nobilitati
1377 1373 1479 1394 vestrae
1496 1373 1536 1396 his
1555 1375 1609 1403 141,
1620 1379 1653 1400 25.

1046 1397 1205 1429 Multiplices
1222 1402 1307 1432 regiae
1325 1405 1503 1434 magnitudini
1519 1411 1621 1433 vestrae
1639 1411 1695 1440 219,
1705 1416 1738 1437 20.

1046 1431 1137 1457 Multis
1154 1441 1184 1458 ac
1202 1436 1284 1460 variis
1301 1438 1501 1471 manifestisque
1518 1442 1574 1469 281,
1586 1448 1605 1467 1.

1045 1465 1138 1491 Multis
1155 1476 1222 1493 esses
1239 1470 1364 1495 nimirum
1381 1473 1467 1497 iustae
1484 1476 1525 1504 52,
1536 1481 1568 1501 10.

1045 1500 1130 1525 Multo
1148 1507 1255 1533 peracto
1272 1505 1325 1529 iam
1344 1510 1462 1538 tempore
1479 1510 1520 1538 32,
1530 1514 1564 1535 20.

1044 1534 1188 1561 Multorum
1206 1539 1334 1563 relatione
1351 1541 1502 1572 didicimus,
1522 1546 1592 1575 quod
1612 1547 1666 1577 143,
1677 1553 1710 1574 25.

1044 1568 1188 1595 Multorum
1206 1573 1333 1597 relatione
1351 1575 1492 1601 didicimus
1509 1581 1536 1602 te
1553 1580 1609 1609 278,
1620 1585 1653 1606 20.

1042 1647 1118 1674 Nam
1136 1660 1195 1676 cum
1213 1661 1298 1678 rerum
1316 1658 1443 1686 possessio
1461 1660 1518 1688 305,
1527 1664 1548 1684 5.

1042 1683 1111 1708 Nam
1129 1689 1319 1713 monasterium
1337 1694 1444 1715 sanctae
1462 1693 1560 1718 Mariae
1578 1697 1678 1725 291,15.

1041 1718 1111 1743 Nam
1128 1727 1182 1744 non
1199 1722 1285 1746 solum
1302 1725 1374 1748 intra
1391 1726 1448 1754 284,
1459 1731 1479 1751 5.

1040 1752 1080 1777 Ne
1098 1755 1207 1785 mireris,
1226 1757 1287 1787 quia
1305 1758 1418 1784 diximus
1436 1762 1492 1790 283,
1503 1766 1535 1787 15.

1040 1787 1081 1812 Ne
1098 1790 1224 1820 suscipias
1241 1793 1403 1818 occasionem
1421 1798 1599 1822 excusationis
1616 1800 1672 1830 285,
1684 1806 1716 1826 10.

1040 1821 1081 1846 Ne
1098 1824 1210 1848 tacendo
1227 1826 1327 1856 peiuris
1343 1828 1432 1852 favere
1449 1831 1506 1859 298,
1518 1836 1536 1855 1.

1040 1856 1124 1880 Nemo
1143 1861 1233 1883 autem
1252 1860 1284 1883 dc
1301 1869 1430 1886 annorum
1448 1865 1535 1893 281,5.

1039 1890 1085 1914 Nil
1101 1892 1212 1922 gratius,
1233 1894 1271 1917 nil
1288 1902 1394 1926 prorsus
1410 1899 1467 1925 434,
1479 1903 1511 1923 10.

1012 1933 1013 1939 ¹
1038 1924 1158 1949 Nimium
1175 1930 1245 1951 certe
1263 1933 1368 1954 veretur
1384 1934 1411 1955 et
1429 1933 1485 1958 311.
1496 1938 1529 1958 20.

1038 1958 1168 1984 Nolumus
1184 1961 1304 1992 ignorare
1322 1968 1437 1989 vestram
1455 1968 1649 1995 fraternitatem
1667 1973 1723 2002 232,
1734 1978 1767 1999 10.

1037 1992 1098 2017 Non
1115 1997 1204 2019 autem
1222 1997 1279 2020 sine
1297 2005 1375 2022 causa
1393 2001 1450 2029 336,
1461 2006 1494 2026 25.

1040 2047 1047 2054 .
1067 2046 1073 2051 .
1093 2047 1098 2052 ,
1115 2028 1176 2053 Non
1187 2030 1215 2053 in
1225 2039 1274 2055 con
1291 2051 1296 2056 .
1317 2051 1321 2057 .
1342 2052 1347 2058 .
1366 2034 1449 2058 sciens
1461 2044 1493 2059 ex
1505 2037 1546 2061 his
1557 2046 1611 2062 esse
1623 2041 1718 2071 quibus
1728 2043 1786 2072 426,
1798 2048 1834 2070 20.

1036 2061 1097 2085 Non
1116 2063 1205 2087 minus
1224 2066 1296 2089 mala
1316 2070 1478 2094 consuetudo
1497 2071 1597 2100 311‚25.

1035 2095 1091 2119 Nos
1109 2099 1214 2122 statuta
1231 2103 1424 2127 antecessorum
1443 2108 1593 2131 nostrorum
1611 2109 1668 2135 343.
1679 2115 1699 2134 5.

1035 2129 1090 2154 Nos
1107 2139 1170 2156 vero
1188 2134 1213 2156 ei
1229 2133 1383 2160 Immolensi
1399 2139 1457 2167 351,
1468 2143 1500 2164 20.

1034 2163 1117 2188 Nosse
1135 2168 1209 2191 tuam
1227 2170 1492 2197 venerabilitudincm
1510 2175 1632 2201 volumus
1649 2179 1706 2207 352,
1717 2185 1736 2204 1.

1034 2197 1117 2223 Nosse
1134 2201 1257 2227 volumus
1274 2203 1431 2230 fidelitatem
1448 2210 1476 2232 et
1492 2209 1550 2238 253,
1561 2214 1594 2235 25.

1033 2232 1116 2257 Nosse
1134 2235 1256 2261 volumus
1275 2242 1390 2264 vestram
1409 2241 1578 2268 dilectionem
1596 2246 1654 2275 236,
1665 2252 1697 2272 15.

1032 2266 1134 2292 Notum
1154 2277 1208 2294 esse
1228 2273 1349 2297 volumus
1368 2274 1505 2301 dilectioni
1524 2279 1612 2308 215,1.

1032 2301 1132 2326 Notum
1153 2312 1207 2329 esse
1226 2307 1348 2332 volumus
1367 2311 1507 2335 sanctitati
1526 2314 1582 2342 143,
1593 2319 1613 2338 5.

1031 2336 1132 2361 Notum
1151 2339 1187 2363 sit
1205 2339 1391 2375 [fraternitati]
1409 2346 1527 2370 omnium
1548 2349 1603 2377 113,
1614 2353 1647 2374 25.

1031 2369 1132 2395 Notum
1150 2373 1186 2397 sit
1203 2376 1321 2400 omnium
1340 2379 1479 2403 sanctitati
1497 2382 1553 2410 117,
1565 2386 1597 2407 10.

1030 2404 1131 2429 Notum
1149 2408 1185 2431 sit
1202 2411 1342 2435 sanctitati
1358 2415 1462 2437 vestrae
1481 2416 1536 2443 131,
1547 2420 1579 2440 10.

1029 2438 1130 2464 Notum
1149 2442 1185 2466 sit
1201 2443 1286 2473 vobis,
1305 2448 1436 2476 quomodo
1454 2449 1512 2478 299,
1523 2454 1556 2474 30.

1029 2472 1140 2499 Noverit
1157 2476 1290 2502 industria
1308 2483 1355 2503 tua
1372 2488 1420 2504 nos
1437 2483 1477 2511 36,
1489 2487 1521 2507 15.

1027 2506 1138 2533 Noverit
1155 2514 1244 2535 vestra
1260 2513 1424 2545 religiositas,
1443 2517 1505 2547 quia
1523 2519 1578 2547 120,
1589 2524 1621 2544 25.

1027 2541 1158 2567 Novimus
1175 2548 1290 2571 vestram
1310 2548 1501 2575 beatitudinem
1519 2560 1535 2576 a
1552 2555 1593 2583 54,
1604 2558 1638 2579 30.

1026 2575 1164 2608 Numquid
1181 2587 1234 2604 non
1251 2583 1341 2606 omnia
1358 2584 1499 2610 carismata
1516 2587 1574 2616 348,
1586 2592 1619 2613 15.

1026 2610 1196 2643 Numquidne
1214 2614 1316 2640 duabus
1333 2618 1412 2642 simul
1429 2621 1532 2650 sponsis
1549 2622 1606 2652 338,
1618 2627 1650 2648 15.

1026 2684 1056 2711 0
1075 2695 1154 2718 quam
1174 2691 1241 2715 bona
1259 2697 1299 2717 est
1319 2695 1373 2723 109,
1385 2700 1417 2720 10.

1025 2720 1127 2746 Obiisse
1144 2724 1271 2750 Lunensis
1289 2729 1411 2753 ecclcsiae
1428 2732 1572 2761 praesulem
1590 2735 1648 2763 274,
1658 2739 1691 2760 20.

1025 2755 1133 2781 Obitum
1151 2759 1266 2785 Romani
1283 2762 1445 2788 Faventinae
1462 2766 1581 2791 civitatis
1598 2769 1655 2798 244,
1665 2774 1698 2794 25.

1024 2789 1129 2821 Omnes,
1149 2794 1193 2824 qui
1211 2794 1365 2822 fidelitatem
1384 2798 1519 2824 Romanae
1537 2802 1595 2831 332,
1605 2807 1638 2828 25.
