2189 3042
91 1528 118 1548 οἱ.
135 1527 168 1546 Ps.
179 1529 212 1550 57,
223 1530 241 1547 5.

79 1736 99 1754 cf
124 1733 183 1754 Hom.
195 1735 213 1757 2,
225 1737 243 1752 ε».

61 1929 88 1948 cf.
101 1928 164 1948 Mare
177 1931 207 1948 10.
220 1930 241 1949 5:

118 1957 148 1974 lr..
162 1957 191 1974 1⁴.

249 143 311 172 240
677 134 855 161 IOHANNIS
873 134 948 160 VIII.
968 132 1086 160 PAPAE
1110 132 1307 159 EPISTOLAE
1329 132 1388 158 271.
1406 132 1466 158 272.
1497 112 1504 118 ι

249 228 430 255 sanctorum
462 225 588 263 patrum
623 222 837 252 institutiones
870 223 986 262 atque*ib
1017 222 1128 250 contra
1159 219 1241 250 hanc
1276 222 1416 249 nostram
1449 218 1693 249 saluberrimam
1726 218 1897 249 iussionem

250 286 347 316 agere
371 274 602 315 presumpseris
627 276 659 304 et
682 273 722 303 ad
746 275 833 303 tuam
859 271 1027 302 ecclesiam
1051 274 1206 311 tuumque
1230 272 1408 311 pastorem,
1440 270 1521 301 sicut
1543 270 1657 311 regula
1680 270 1898 301 ecclesiastica

251 327 354 363 (locet,
379 325 483 356 redire
508 324 748 365 contempseriS,
772 324 854 354 scias
878 326 909 354 te
933 323 995 354 Dei
1020 322 1247 363 omnipotentis
1270 322 1387 352 virtute
1411 324 1444 352 et
1466 321 1554 352 beati
1570 321 1659 352 Petri
1679 320 1898 362 apostolorum

251 377 401 418 principis
430 380 602 416 nostraque
626 376 816 406 auctoritate
844 374 962 415 atqueb
987 374 1157 404 canonicoc
1181 376 1307 414 patrum
1331 373 1449 403 iudicio
1473 372 1541 403 fore
1571 373 1656 403 omni
1680 372 1898 403 ecclesiastica

251 427 495 459 communioned
520 428 689 468 privatum,
714 436 890 467 quousque,
914 429 948 456 ut
971 425 1150 466 predictum
1176 428 1233 463 est⁷
1258 424 1319 454 ade
1343 427 1429 455 tuam
1455 424 1625 455 ecclesiam
1648 423 1754 454 redire
1777 426 1898 464 tuoque
1931 433 1943 450 ⁵

250 480 371 520 pastori
394 479 583 509 humilitatis
607 478 689 508 colla
713 477 851 508 subdere
876 477 1003 507 omnino
1029 476 1198 515 studueris,
1222 476 1373 516 quoniam
1397 475 1481 507 ferro
1504 485 1637 506 necesse
1662 477 1711 505 est
1733 477 1768 505 ut
1794 474 1898 505 absci-

252 531 367 562 dantur
390 531 532 570 vulnera,
557 540 618 570 que
643 528 827 560 utillimamf
851 528 1064 559 fomentorum
1089 538 1151 558 non
1175 527 1353 558 senserintg
1376 526 1578 558 medicinam.

1041 692 1112 721 272.

360 752 521 784 Iohannes
544 751 639 783 VIII.
661 761 750 791 papa
773 751 886 782 Attom'
909 749 1174 781 excommunicato
1196 748 1371 788 praecipit,
1400 750 1435 778 ut
1457 747 1501 778 ad
1523 747 1729 779 obedientiam
1752 747 1904 786 Anspertz·

254 804 481 843 archiepiscopi
503 813 572 834 cum
595 802 795 842 complicibus
817 802 886 832 sais
907 801 1024 832 redeat.
1588 800 1650 829 881
1673 798 1749 830 Feb.
1766 799 1815 829 15.

366 871 440 898 CocL:
468 872 495 898 R
514 873 534 905 f.
549 874 599 897 108
617 880 645 897 11.
658 875 713 897 274.
1922 877 1947 896 ιο

356 923 438 949 EM:
468 923 560 948 Editio
574 923 701 949 Romana
717 922 801 955 (1591)
815 921 871 953 ΙΙΙ,
885 924 936 947 482
956 929 982 947 η.
993 924 1048 947 262.
1079 920 1174 946 Mansi
1196 920 1271 946 Cone.
1286 919 1343 946 coll.
1359 919 1456 952 XVII,
1470 922 1518 945 193
1535 927 1562 945 n.
1576 923 1633 946 262.
1664 919 1756 952 Mz'fflze
1774 919 1848 944 Patr.
1859 919 1904 945 lat.

256 966 391 998 CXXVI,
412 970 458 992 921
477 974 503 992 11.
519 970 574 992 311.
595 981 626 984 ——
645 966 717 997 ‚Jaffei
737 965 804 998 Rey.
819 968 890 991 3336
908 964 1004 997 (2558).

850 1048 978 1072 ATTONI
1002 1046 1309 1071 EXCOMMUNICATO.

363 1105 461 1135 Missa
485 1104 660 1144 presulatui
684 1106 790 1134 nostro
821 1102 861 1133 ab
890 1103 1050 1143 Ansperto
1079 1104 1187 1141 sancte
1216 1100 1465 1131 Mediolanensis
1495 1099 1630 1139 ecclesie
1661 1099 1903 1141 archiepiscopo

255 1157 410 1187 relatione
439 1159 534 1196 atquc
559 1155 765 1196 suggestione
791 1154 958 1185 didicimus
983 1156 1014 1184 te
1045 1153 1166 1184 11111111(ει
1189 1162 1248 1193 per
1277 1151 1435 1191 horrende
1463 1152 1654 1182 temeritatis
1684 1151 1903 1192 inpudentiam
1924 1159 1947 1178 1⁵

256 1209 321 1239 sive
346 1207 514 1238 audaciam
539 1208 642 1247 egisse
667 1206 777 1236 illicita
799 1209 830 1236 et
845 1206 877 1236 in
894 1208 1078 1245 contemptu
1096 1204 1181 1235 beati
1199 1203 1361 1234 Ambrosii
1382 1206 1479 1244 atque
1496 1203 1594 1244 ipsius
1611 1203 1761 1234 antistitis
1777 1206 1903 1234 contra-

256 1261 404 1290 rietatem
432 1259 462 1289 in
491 1258 568 1288 locis
599 1262 630 1288 ct
661 1257 756 1288 rebus
780 1258 809 1287 ei
832 1256 1067 1297 pertinentibus
1090 1256 1176 1286 mala
1200 1258 1232 1286 et
1256 1265 1381 1296 queque
1406 1258 1535 1296 poteras
1557 1255 1723 1285 inormiter
1746 1265 1809 1285 una
1832 1264 1903 1285 cum

256 1310 328 1341 filiis
352 1310 412 1340 tuis
437 1309 633 1340 commisisse
658 1308 801 1339 adversa.
847 1308 877 1338 A
902 1318 1036 1348 quorum
1060 1307 1181 1338 scilicet
1204 1307 1443 1347 perpetratione
1472 1306 1600 1337 assidua
1629 1309 1660 1337 te
1691 1307 1781 1347 quasi
1811 1316 1904 1336 ovem

257 1362 383 1403 gregisb
412 1361 579 1392 Dominice
612 1360 719 1390 multis
754 1361 817 1390 iam
849 1359 971 1390 vicibus
1003 1359 1167 1400 arguendo
1203 1358 1401 1389 obsecrando
1437 1360 1470 1388 et
1503 1358 1698 1399 increpando
1734 1358 1904 1389 convenire

257 1416 353 1454 atque
378 1422 544 1443 removere
569 1411 699 1445 curavit,
724 1422 762 1442 nc
780 1411 902 1452 antiqui
919 1410 1018 1441 hostis
1036 1410 1151 1441 callida
1168 1411 1375 1451 persuasione
1393 1409 1493 1440 semel
1511 1409 1682 1450 deceptum
1698 1409 1730 1439 in
1746 1408 1903 1449 profunde
1924 1418 1949 1437 2⁰

257 1465 367 1495 mortis
392 1464 554 1494 baratrum
579 1463 702 1503 lapsum
733 1463 839 1493 iacere
865 1462 1038 1492 omitteret.
1084 1461 1147 1491 Sed
1174 1461 1247 1502 quia
1276 1464 1384 1500 sancte
1413 1461 1649 1491 ammonitionis
1672 1460 1796 1491 verbisc
1820 1460 1904 1490 salu-

258 1516 365 1546 bribus
389 1515 499 1546 humili
523 1524 650 1555 prorsus
676 1514 846 1544 devotione
870 1524 934 1544 non
958 1513 1088 1553 obedire
1112 1523 1217 1553 neque
1242 1523 1351 1543 aurem
1376 1512 1480 1542 cordis
1497 1512 1585 1543 velut
1608 1512 1753 1553 aspidem
1777 1511 1906 1542 surdam

258 1568 409 1598 inclinare
434 1566 484 1596 vel
509 1567 716 1607 adquiescere
740 1565 825 1596 nolle
849 1565 1036 1606 aspiciens‘¹‚
1066 1568 1138 1605 post
1162 1568 1209 1594 tot
1237 1564 1456 1604 correptiones
1483 1574 1546 1594 una
1576 1573 1647 1594 cum
1671 1562 1905 1593 venerabilium

259 1619 520 1659 coepiscoporum
553 1620 625 1657 cetu
660 1628 678 1647 a
707 1618 899 1647 sacrosancti
928 1617 1069 1657 corporis
1095 1619 1126 1645 et
1154 1616 1315 1656 sanguinis
1338 1615 1467 1645 Domini
1496 1614 1669 1645 secundum
1700 1614 1905 1644 institutionis

259 1674 391 1711 paterne
419 1680 584 1700 censuram
613 1669 834 1699 communione
865 1669 1026 1708 separavit
1059 1670 1090 1698 et
1118 1667 1158 1697 ab
1190 1667 1324 1706 ecclesie
1349 1666 1410 1697 Dei
1442 1667 1596 1697 societate
1625 1666 1739 1696 merito
1768 1664 1905 1695 removit
1923 1676 1948 1694 25

260 1725 292 1752 et
315 1721 419 1752 adhuc
448 1721 479 1750 in
504 1721 618 1751 eadem
646 1721 739 1751 sorde
763 1720 938 1761 iniquitatis
962 1719 1097 1750 fetidum
1129 1722 1161 1749 et
1183 1719 1382 1749 vulneratum
1413 1721 1443 1748 te
1474 1717 1562 1748 dolet
1588 1718 1695 1748 iacere
1724 1716 1902 1756 cordequee

259 1773 448 1813 inpenitenti
472 1772 556 1802 nolle
581 1772 621 1802 ad
647 1775 676 1802 te
702 1772 934 1812 percutientem
957 1771 1074 1801 reverti
1097 1771 1264 1811 aspiciens,
1289 1770 1415 1808 clamat,
1439 1772 1474 1800 ut
1489 1780 1547 1810 per
1570 1769 1680 1800 salutis
1703 1768 1904 1799 medicamen

262 1825 358 1855 animi
382 1825 426 1854 tui
450 1824 556 1854 valeat
578 1824 710 1853 vulnera
733 1823 816 1853 male
840 1823 958 1853 inflicta
982 1832 1105 1852 sanare.
1141 1822 1234 1853 Unde
1260 1824 1291 1852 et
1314 1832 1371 1851 nos
1395 1820 1549 1861 pastorali
1571 1820 1783 1851 sollicitudine
1808 1822 1905 1860 atque

263 1875 448 1906 eonfratrisf
485 1875 581 1905 nostri
619 1874 851 1915 archiepiscopi
891 1874 951 1904 hoc
989 1874 1130 1914 presenti
1165 1873 1336 1903 dilectione
1376 1873 1527 1903 commoti
1565 1871 1763 1902 auctoritatis
1801 1874 1907 1909 nostre

259 1930 377 1958 statuto
407 1926 565 1964 iubemus,
596 1930 631 1956 ut
661 1928 749 1956 tanta
781 1925 991 1966 perversitate
1021 1928 1053 1955 et
1081 1925 1185 1955 cordis
1210 1924 1325 1954 duritia
1354 1925 1417 1954 iam
1446 1923 1557 1964 procul
1586 1923 1726 1963 abiecta,
1756 1923 1907 1964 quoniam
1927 1932 1952 1951 ³0

260 1979 434 2009 hactenusg
457 1977 518 2007 Dei
549 1978 663 2007 timore
688 1977 866 2017 postposito
897 1976 1014 2007 multos
1042 1979 1094 2016 tue
1123 1975 1299 2016 iniquitatis
1327 1975 1418 2015 lepra
1448 1975 1659 2015 coinquinasti
1689 1977 1721 2004 et
1749 1976 1909 2004 tantorum

259 2030 415 2061 malorum
441 2032 551 2059 auctor
576 2039 645 2059 esse
670 2039 732 2058 non
757 2028 919 2067 dubitasti,
944 2028 1138 2068 precipimus
1163 2030 1194 2057 te
1219 2037 1290 2057 cum
1316 2026 1402 2056 omni
1426 2026 1591 2057 celeritate
1608 2025 1726 2056 reverti
1742 2024 1784 2055 ad
1800 2035 1909 2056 veram

259 2080 377 2122 prefati
410 2080 568 2121 pontificis
604 2080 648 2110 tui
683 2080 935 2109 satisfactionem
971 2089 1041 2109 cum
1076 2078 1148 2109 filiis
1184 2081 1215 2109 et
1250 2079 1312 2108 tuis
1342 2077 1488 2108 omnibus
1519 2076 1742 2118 complicibus,
1775 2086 1909 2118 quorum

259 2134 403 2163 incentor
427 2131 531 2162 adhuc
556 2131 711 2161 malorum
735 2134 809 2171 post
831 2134 936 2161 tantas
960 2130 1174 2161 correctiones
1203 2140 1273 2160 esse
1304 2140 1367 2160 non
1391 2129 1539 2169 timuisti,
1571 2132 1603 2159 et
1633 2129 1701 2159 eius
1732 2127 1910 2159 salubribus

260 2184 387 2214 monitis
413 2183 557 2214 subditus
581 2187 612 2214 et
636 2183 798 2213 subiectus
823 2183 971 2222 existash,
1001 2182 1147 2213 omnibus
1171 2185 1279 2212 tamen
1304 2181 1438 2220 ecclesie
1464 2180 1749 2221 depredationibus
1772 2180 1804 2210 in
1827 2181 1908 2210 inte-
1929 2189 1954 2208 ³5

261 2246 352 2276 grum
376 2235 530 2265 restitutis
554 2238 587 2265 et
610 2234 785 2265 secundum
810 2235 908 2274 ipsius
926 2234 1059 2273 ecclesie
1076 2233 1278 2274 privilegium
1304 2231 1495 2263 emendatisi
1512 2235 1609 2273 atque
1626 2232 1748 2262 solutis.
1788 2230 1910 2267 Quodsi

260 2290 332 2327 post
348 2286 441 2316 huius
465 2289 569 2325 nostre
588 2286 804 2326 preceptionis
821 2286 973 2316 relectam
992 2285 1161 2326 epistolam
1185 2285 1216 2314 in
1233 2288 1286 2314 tua
1308 2285 1417 2325 iniqua
1434 2283 1647 2314 obstinatione
1664 2282 1852 2323 perdurans,
1877 2286 1911 2312 ut

262 2338 381 2368 dictum
407 2340 463 2376 est,
489 2337 529 2367 ad
546 2337 705 2377 prefatum
722 2337 905 2378 pontificem
923 2340 1010 2367 tuum
1028 2335 1134 2367 redire
1151 2335 1377 2366 satisfaciendo
1396 2335 1637 2376 contempseriS,
1663 2344 1703 2365 ex
1719 2334 1910 2365 auctoritate

262 2389 323 2419 Dei
346 2388 452 2419 Patris
484 2392 515 2418 et
538 2388 611 2418 Filii
642 2398 678 2418 ac
703 2387 838 2428 Spiritus
869 2389 969 2418 sancti
992 2388 1109 2418 virtute
1133 2387 1366 2427 beatorumque
1395 2386 1611 2427 apostolorum
1637 2385 1727 2416 Petri
1757 2395 1793 2416 ac
1817 2385 1911 2416 Pauli

262 2443 294 2470 et
319 2440 458 2470 omnium
483 2442 665 2470 sanctorum
689 2442 815 2480 patrum
843 2442 1015 2480 nostraque
1040 2439 1216 2480 apostolica
1245 2438 1408 2468 sanctione
1433 2437 1607 2469 secundum
1636 2437 1778 2468 iamdicti
1802 2436 1911 2467 dilecti
1929 2447 1956 2465 40

366 2557 388 2587 ²)
408 2565 473 2581 corr.
485 2565 514 2580 esc
533 2557 615 2588 adque
634 2557 668 2580 al.
681 2565 748 2580 man.
763 2556 794 2580 lt.
866 2556 890 2587 b)
910 2566 975 2581 corr.
987 2566 1017 2581 ea·
1036 2557 1118 2588 adque
1138 2556 1172 2581 al.
1183 2564 1251 2580 mavn-
1268 2555 1298 2579 R.
1371 2554 1393 2587 c)
1413 2555 1564 2579 canonicum
1577 2554 1608 2578 R.
1681 2552 1706 2585 cl)
1725 2562 1791 2578 corr.
1802 2562 1832 2578 ex
1845 2562 1912 2578 eom-

262 2600 408 2623 munionem
423 2598 454 2623 R.
526 2599 548 2630 θ)
568 2607 634 2624 corr.
647 2607 676 2623 ez
695 2603 722 2623 at
741 2600 775 2623 al.
789 2607 857 2623 man.
873 2599 903 2623 R.
974 2598 993 2631 f)
1013 2608 1080 2623 corr.
1091 2607 1121 2623 ea:
1140 2603 1169 2623 ut
1186 2599 1223 2622 illi
1237 2606 1341 2622 manum
1361 2598 1395 2622 al.
1406 2606 1475 2622 wzan.
1490 2597 1520 2621 R.
1592 2596 1616 2628 g)
1636 2605 1703 2621 corr.
1715 2605 1745 2621 ex
1758 2596 1866 2621 senserit
1878 2595 1910 2619 B.

367 2658 424 2683 272.
454 2658 476 2690 α)
496 2667 562 2683 corr.
576 2667 606 2684 ecc
625 2659 737 2684 mulenta
756 2659 788 2684 R.
893 2658 918 2691 b)
937 2660 994 2691 -gi-
1016 2661 1042 2683 in
1065 2668 1118 2683 ras.
1137 2659 1169 2684 R.
1275 2658 1297 2689 c)
1316 2667 1328 2683 r
1346 2666 1412 2682 corr.
1427 2666 1457 2682 ex
1475 2658 1483 2682 l
1502 2657 1533 2681 R.
1638 2655 1662 2688 d)
1681 2665 1742 2682 -ens
1761 2657 1787 2680 in
1805 2664 1858 2681 ras.
1878 2655 1908 2679 R.

264 2701 286 2731 θ)
306 2710 372 2726 corr.
385 2710 415 2726 ex
434 2702 508 2727 corde
526 2710 577 2734 que
596 2702 628 2727 R.
708 2701 726 2731 s>
747 2711 812 2727 corr.
827 2710 857 2726 cx
877 2702 957 2727 eoufFi
978 2702 1008 2726 B.
1089 2702 1113 2733 Β)
1132 2706 1239 2726 actenus
1257 2701 1289 2726 R.
1369 2699 1395 2732 h)
1414 2710 1479 2725 corr.
1494 2709 1524 2725 ex
1542 2701 1636 2725 existat
1655 2700 1686 2724 R.
1765 2698 1782 2730 i)
1803 2707 1868 2723 corr.
1883 2707 1913 2723 ez·

264 2745 421 2769 hemendatis
439 2744 471 2769 B.
1930 2747 1956 2766 4⁵
