2189 3042
52 1364 243 1388 cf.Matth.16.18.

259 138 321 167 294
598 131 823 159 FRAGMENTA
843 131 1011 158 REGISTRI
1035 130 1213 158 IOHANNIS
1232 131 1307 158 VIII.
1326 131 1445 157 PAPAE
1468 131 1509 158 36.
1528 131 1570 159 37.

335 238 531 262 *JOHANNES
554 236 735 261 EPISCOPUS
757 235 1080 260 REVERENTISSIMIS⁸
1098 236 1142 259 ET
1160 235 1392 260 SANCTISSIMIS
1410 235 1669 260 CONFRATRIBUS
1692 236 1834 262 NOSTRIS

298 280 504 305 ADELFREDO
528 279 816 304 CANTUARIORUM'
840 279 884 302 ET
906 278 1090 303 UULFREDO
1116 277 1300 303 EBURAClss
1318 278 1596 303 ARCHIEPISCOPIS
1618 277 1700 303 SEUb
1720 279 1874 304 OMNIBUS

350 320 537 347 EPISCOPISb
557 322 774 346 PRESBITERlS
796 322 860 346 E'rc
878 321 1084 346 DIACONIBUS
1108 322 1152 345 ET
1170 321 1347 346 UNIVERSIS
1370 321 1523 346 CLERICIS
1546 322 1611 345 PER
1629 322 1820 347 ANGLORUM

881 364 1036 388 PATRIAM
1059 364 1290 389 CONSTITUTIS.

366 410 490 442 Interd
514 409 672 450 ceterad.
720 410 932 451 Congregatis
954 410 1082 451 itaque⁰
1105 409 1251 441 omnibus
1271 410 1451 451 Anglorum
1474 410 1669 452 proceribus,
1694 410 1747 451 qui
1770 413 1845 441 tunc
1869 410 1910 441 ad
1940 425 1952 443 s

259 463 388 494 beatum
405 461 538 493 Petrum
555 461 719 502 degebant
733 461 914 502 apostolum
924 461 946 501 ³,
963 464 1036 502 post
1055 461 1281 492 alterutrarum
1296 462 1434 502 partium
1456 472 1614 504 congruas
1635 461 1911 493 ratiocinationesr

259 513 434 556 apostolice
458 513 617 544 sententia
640 522 741 554 usque
766 511 847 543 adeo
876 512 961 544 sedis
988 513 1159 554 prevaluit,
1189 515 1225 543 ut
1252 513 1430 554 voluntarie
1461 523 1572 544 omnes
1595 513 1773 555 Anglorum
1801 513 1909 544 clerici

258 565 316 597 sub
339 566 417 606 ipsis
439 565 555 606 vigiliis
578 564 679 595 sancti
703 563 873 604 Gregorii4
896 565 1044 595 laicalem
1074 567 1106 595 et
1133 565 1296 595 sinuosum
1327 568 1376 596 set
1405 568 1437 596 et
1466 568 1610 596 curtumg
1633 565 1778 596 habitum
1808 564 1908 606 depo-

258 620 371 648 nentes
393 616 510 648 talares
534 617 657 647 tunicas
681 615 855 646 secundum
874 615 1057 647 Romanum
1081 626 1204 647 morem
1227 616 1405 648 induerent.
1443 616 1548 647 Huius
1571 617 1618 647 rei
1641 617 1755 658 gratia,
1780 617 1854 658 quia
1877 619 1909 647 et

258 679 314 699 vos
338 669 408 709 pari
434 667 531 698 modo
555 668 586 698 in
610 670 718 706 sancte
743 667 876 708 ecclesie
900 670 1007 708 nostre
1032 677 1166 708 corpore
1189 668 1289 699 veluti
1312 668 1442 709 propria
1464 667 1611 699 membra
1635 667 1908 710 complectimush‚
1929 680 1953 699 ιο

258 730 316 761 pro
351 719 551 760 deponendis
588 718 755 750 laicalibus
794 719 993 750 vestimentis
1032 722 1064 750 et
1101 719 1315 750 resumendisi
1354 719 1555 750 clericalibus
1589 719 1696 750 infulis
1734 719 1910 751 secundum

257 770 425 811 Romanek
450 770 605 811 ecclesiae
629 781 752 801 morem
776 771 967 802 auctoritate
992 771 1170 812 apostolica
1193 781 1370 802 monemus.

1058 893 1108 922 37.

366 946 524 978 Iohannes
548 946 646 978 VIII.
668 956 756 986 papa
778 946 968 978 Miclzaelem
990 957 1090 987 reyem
1111 946 1329 987 Buzqarormn
1353 950 1467 986 monet,
1492 958 1530 979 ne
1553 948 1708 987 episcopos
1731 958 1751 978 a
1777 947 1910 980 Graecis

259 995 291 1025 in
314 993 505 1033 Bulyariam
529 994 640 1025 missos
662 994 803 1033 recipiat.
1571 996 1739 1035 (874—75
1762 995 1822 1035 sin.)

363 1053 424 1080 coll.
438 1061 511 1079 cam:
538 1053 564 1079 A
582 1055 602 1087 f.
618 1057 664 1079 129
681 1062 720 1087 ep.
735 1056 778 1079 34.
1928 1061 1952 1081 15

540 1096 568 1118 2:
591 1092 620 1118 D
638 1092 681 1119 lib.
697 1092 772 1118 XIV
789 1100 810 1118 c.
824 1094 856 1118 36
874 1091 924 1125 (ed.
942 1091 1047 1118 Fronto
1061 1101 1090 1126 p.
1103 1094 1175 1125 383).
1194 1107 1227 1112 —
1244 1093 1290 1119 D¹
1310 1092 1352 1119 lib.
1370 1093 1394 1119 V
1410 1101 1432 1119 c.
1446 1097 1492 1119 105
1516 1093 1567 1126 (ecl.
1585 1093 1678 1126 Miyne
1698 1093 1804 1126 CLXI,
1825 1094 1909 1128 1234).

361 1143 444 1170 Esus
473 1143 649 1170 Corwiliorum
672 1146 688 1169 t.
705 1143 812 1169 XXIV
835 1143 963 1175 (Parisiis
987 1152 1000 1169 e
1025 1143 1202 1178 typoyraphia
1226 1144 1300 1178 reyia
1324 1145 1398 1174 1644)
1420 1153 1450 1178 p.
1467 1148 1518 1171 357
1543 1153 1571 1171 η.
1586 1148 1633 1171 312
1655 1151 1686 1170 ex
1707 1144 1736 1171 D
1759 1157 1791 1167 =
1814 1145 1911 1172 Mansi

260 1186 337 1212 Cone.
351 1187 407 1213 coll.
429 1186 532 1219 XVII,
553 1190 600 1213 225
618 1195 644 1213 n.
657 1190 713 1213 312.
737 1201 768 1205 -
792 1186 932 1213 Miklosz'ch
951 1189 974 1213 et
993 1187 1079 1213 Raeki
1097 1187 1128 1213 in
1145 1187 1276 1214 ‘Starine‘
1297 1187 1372 1220 XII,
1392 1191 1439 1214 216
1461 1196 1488 1214 n.
1504 1190 1520 1214 8
1544 1195 1577 1214 em
1595 1189 1629 1215 A.
1655 1203 1686 1206 —
1711 1188 1789 1222 Rey..¹
1812 1189 1910 1216 Ewald

258 1229 322 1256 NA.
348 1230 376 1262 V,
391 1233 442 1256 308
460 1237 486 1255 n.
501 1233 543 1256 34.
579 1229 769 1261 Jaffe-Ewald
788 1229 853 1263 Rey.
867 1233 938 1256 2996.

825 1299 1011 1330 <IOHANNES
1030 1301 1098 1325 VIII.
1118 1299 1345 1332 MICAHEL1>³¹⁵.
1927 1311 1953 1331 20

368 1351 411 1389 (1)
437 1348 515 1392 [S]ib
549 1360 626 1391 ergo
661 1360 756 1391 super
790 1350 927 1390 apostoli
954 1350 1045 1382 Petri
1074 1351 1289 1382 constanciam
1321 1351 1465 1383 Christus
1497 1352 1680 1384 aedificavit
1708 1353 1909 1395 aecclesiam,

259 1404 382 1433 constat
406 1402 544 1441 omnino,
568 1402 652 1442 quia,
677 1402 731 1442 qui
754 1402 795 1432 ab
820 1402 887 1432 eius
911 1403 1033 1433 unitate
1059 1403 1250 1443 discesserit,
1275 1403 1367 1444 regni
1391 1404 1518 1435 celestis
1542 1405 1671 1436 ianuam
1688 1415 1750 1436 non
1767 1405 1908 1437 intrabit.

258 1453 332 1493 Ipse
368 1453 486 1483 etenim
520 1453 609 1484 iuxta
640 1453 813 1484 veridicam
848 1453 1084 1494 predecessoris
1119 1455 1219 1485 nostri
1248 1456 1466 1486 sentenciam⁶
1494 1461 1523 1487 in
1553 1462 1618 1488 sede
1647 1470 1696 1487 sua
1725 1457 1909 1498 specialiter

259 1509 330 1535 vivit
353 1511 382 1536 et
404 1509 528 1543 presidet
559 1508 592 1535 et
621 1515 679 1545 per
705 1515 923 1536 successorum
953 1516 1081 1536 suorum
1114 1517 1235 1547 organa
1265 1517 1323 1547 per
1352 1508 1449 1539 totius
1478 1509 1588 1539 mundi
1617 1508 1819 1539 latitudinem
1849 1519 1907 1549 pro

259 1557 446 1587 meritorum
475 1555 585 1587 ordine
618 1556 783 1597 ligacionis
815 1560 870 1588 aut
897 1557 1112 1588 absolucionis
1145 1559 1325 1589 sentencias
1353 1560 1587 1600 perpetualiter
1615 1560 1817 1599 moderatur,
1849 1570 1908 1591 nec
1927 1571 1952 1590 25

258 1608 358 1638 habet
380 1608 411 1638 in
435 1608 663 1648 singularitatis
688 1608 855 1649 privilegio
879 1609 1014 1648 socium,
1047 1619 1142 1650 quem
1166 1609 1385 1650 apostolorum
1414 1611 1590 1652 principem
1622 1612 1723 1642 omnis
1750 1610 1907 1642 aecclesie

258 1658 320 1690 Dei
349 1660 539 1690 universitas
569 1670 640 1690 cum
669 1670 725 1690 suo
756 1660 943 1700 coapostolo
972 1661 1149 1691 confitetur.
1201 1662 1333 1701 Annon,
1361 1661 1521 1693 karissimi
1551 1662 1636 1703 filiic,
1666 1662 1780 1693 vestris
1810 1662 1907 1693 modo

258 1710 470 1751 temporibus,
500 1714 535 1741 ut
561 1713 673 1742 vetera
700 1711 930 1751 transeamusd,
961 1712 1021 1743 hec
1049 1715 1158 1742 sancta
1189 1712 1324 1752 ecclesia
1353 1712 1504 1744 Photium
1534 1714 1653 1754 repulit
1680 1716 1712 1744 et
1742 1713 1907 1754 Ignaciuni

258 1762 486 1793 restauravit7?
531 1762 695 1803 Numquid
718 1773 781 1794 non
803 1762 951 1794 viderunt
974 1763 1056 1794 oculi
1080 1764 1177 1794 vestri
1201 1766 1234 1794 et
1257 1774 1350 1795 aures
1374 1767 1478 1804 vestre
1502 1765 1672 1796 audierunt
1694 1764 1844 1796 iudicium
1867 1765 1907 1796 ab

258 1813 435 1854 apostolica
458 1813 534 1844 sede
558 1813 718 1854 prolatum
741 1814 781 1845 ab
799 1814 945 1845 omnibus
961 1815 1214 1855 patriarcharum
1239 1815 1368 1846 sedibus
1384 1816 1670 1847 inconvertibiliter
1686 1826 1757 1847 esse
1778 1827 1907 1857 suscep-
1927 1826 1952 1845 30

259 1868 345 1896 tum?
391 1864 514 1901 Quodsi
537 1865 702 1896 solutionis
726 1865 848 1906 Ignacii
872 1865 1067 1908 [iudicium]e
1090 1866 1130 1897 ab
1155 1868 1345 1908 apostolica,
1370 1870 1405 1898 ut
1428 1868 1580 1908 diximus,
1604 1867 1682 1899 sede
1704 1868 1865 1909 prolatum
1891 1879 1909 1899 a

258 1917 385 1947 nemine
410 1915 541 1947 refutari
564 1917 678 1957 potuit⁷
704 1920 837 1957 constat,
862 1918 936 1959 quia
959 1920 991 1949 et
1014 1918 1222 1958 obligacionis
1246 1920 1405 1950 sententia
1428 1919 1468 1950 ab
1493 1919 1608 1950 eadem
1631 1919 1708 1950 sede
1732 1919 1910 1960 apostolica

259 1967 464 2008 promulgata
487 1967 602 1998 resolvi
626 1968 756 2000 minime
779 1969 967 2010 prevalebit.
1013 1969 1078 2000 Sub
1103 1979 1142 2000 ea
1166 1970 1250 2000 enim
1275 1970 1461 2001 condicione
1486 1971 1631 2012 Ignatius
1654 1981 1673 2001 a
1696 1971 1812 2001 nostris
1835 1981 1909 2012 pre-

260 2018 480 2049 decessoribus
508 2019 628 2049 solutus
655 2023 716 2060 est,
746 2024 795 2058 ut,
825 2021 850 2050 si
875 2031 933 2061 per
956 2021 1156 2062 Bulgariam,
1189 2021 1274 2062 quod
1302 2031 1406 2062 neque
1434 2021 1569 2053 Photius
1598 2022 1652 2053 ille
1683 2025 1909 2063 temptaverat,

259 2069 395 2110 aliquidf
423 2073 533 2101 contra
560 2071 629 2101 iura
656 2071 835 2112 apostolica
865 2073 1102 2113 temptavissct,
1136 2072 1194 2103 sub
1226 2073 1360 2113 pristine
1390 2073 1631 2114 dampnacionis
1661 2083 1717 2104 sue
1746 2074 1909 2105 sentencia
1928 2084 1952 2104 ³5

261 2121 483 2152 nichilominus
500 2123 733 2162 permaneret&
772 2123 839 2154 Aut
862 2134 939 2164 ergo
964 2124 995 2154 in
1011 2123 1201 2165 Bulgariam
1227 2127 1338 2155 contra
1362 2125 1599 2166 institucionem
1623 2125 1709 2156 sedis
1732 2126 1909 2167 apostolice

363 2219 388 2252 ³¹³)
408 2219 520 2245 Lemma
538 2220 567 2245 in
587 2219 627 2245 B:
654 2220 694 2245 Ex
713 2220 831 2254 registro
850 2220 915 2247 VIII
935 2221 1075 2247 Iohannis.
1151 2222 1228 2249 Ena:
1254 2222 1367 2248 Ioannis
1386 2231 1478 2256 papae
1496 2223 1547 2249 VII
1568 2223 1689 2257 epistola
1707 2223 1743 2249 ad
1761 2224 1874 2258 Anglos.

363 2293 404 2319 36.
431 2294 454 2325 ²³)
473 2295 842 2320 reverentissimis-Eburaci
861 2304 909 2320 om.
920 2295 981 2320 Bal.
1051 2295 1076 2327 1’)
1095 2304 1179 2321 seu—
1189 2297 1313 2329 episcopis
1331 2306 1378 2322 om.
1390 2297 1450 2322 Bal.
1523 2298 1545 2329 ⁰)
1559 2307 1607 2323 om.
1618 2298 1679 2323 Bal.
1750 2297 1774 2329 d)
1789 2307 1836 2324 om.
1847 2299 1908 2325 Bal.

260 2337 282 2366 e)
302 2345 349 2361 om.
364 2336 425 2362 Bal.
508 2336 530 2368 f)
551 2346 612 2362 -nes
631 2346 697 2362 corr.
712 2346 742 2362 ea:
760 2338 814 2362 -nis
833 2338 864 2363 B.
947 2337 972 2369 8)
992 2343 1113 2363 cunctum
1132 2338 1192 2364 Bal.
1275 2338 1300 2370 h)
1321 2340 1499 2372 amplectimur
1518 2340 1578 2365 Bal.
1660 2340 1678 2373 i)
1699 2342 1828 2366 sumendis
1847 2342 1908 2367 Bal.

260 2377 273 2396 k

276 2379 284 2410 )
303 2380 332 2404 R,
352 2380 404 2442 {⁸1
432 2418 455 2449 a)
475 2419 597 2444 Micaheli
676 2419 802 2444 Iohannes
815 2419 886 2455 VIII,
904 2419 937 2443 A.
956 2418 1051 2451 (spatio
1069 2420 1178 2451 relicto).
1283 2419 1307 2452 b)
1327 2421 1412 2446 littera
1429 2421 1537 2446 initialis
1556 2422 1624 2447 deest
1642 2422 1674 2447 A.
1780 2422 1803 2453 ⁰)
1823 2422 1858 2448 sic
1877 2422 1910 2448 A.
1928 2389 1954 2409 40

261 2459 285 2491 d)
305 2466 436 2486 tnseamus
455 2461 488 2486 Α.
577 2460 599 2494 ⁰)
619 2470 666 2487 om.
681 2462 713 2487 A.
800 2460 819 2492 f)
839 2457 890 2493 alid
910 2462 943 2488 A.

365 2529 390 2560 1>
408 2527 605 2562 ‘Canterbury’,
629 2532 762 2555 870-89.
851 2529 878 2559 2)
895 2529 1001 2561 ‘York3
1021 2532 1146 2556 854—93.
1233 2530 1260 2563 3)
1280 2531 1341 2557 Hoe
1360 2530 1471 2564 sortasse
1489 2534 1554 2558 time
1573 2531 1682 2564 accidit,
1703 2540 1763 2558 cum
1782 2532 1911 2564 Buryrecl

261 2577 308 2595 rem
328 2570 441 2596 Romam
458 2571 539 2601 venit,
558 2573 592 2604 cf.
605 2579 631 2597 n.
647 2574 685 2603 35,
704 2579 729 2604 p.
744 2573 792 2597 *293
811 2574 902 2596 annot.
918 2576 941 2597 4.
1034 2572 1061 2602 4)
1082 2572 1104 2597 Ι.
1117 2580 1136 2598 e.
1156 2572 1232 2599 (l.11.
1247 2574 1353 2599 Martii.
1444 2575 1470 2606 5)
1490 2574 1555 2606 Regn'
1573 2574 1767 2607 Βιιῖρανονῑιηι,
1792 2577 1827 2608 ef.
1846 2583 1873 2601 n.
1889 2579 1909 2607 7,

258 2620 284 2645 1).
303 2616 356 2639 277.
462 2614 488 2645 6)
508 2613 617 2639 Nicolaz'
634 2613 659 2640 I.
677 2622 806 2646 ‘responsa
828 2613 863 2639 ml
885 2615 1006 2640 consulta
1026 2614 1209 2648 Bulyarormn
1233 2624 1253 2642 c.
1268 2620 1315 2642 106
1338 2616 1389 2649 (ed.
1406 2616 1472 2642 MG.
1494 2617 1564 2650 Epp.
1582 2617 1633 2649 VI,
1650 2617 1724 2650 599),
1752 2617 1819 2650 Rey.
1839 2617 1911 2649 Jaffe'
1928 2625 1953 2644 45

262 2659 328 2682 2812
347 2656 443 2689 (2123).
550 2658 575 2689 7)
594 2657 631 2683 In
654 2658 757 2691 synodo
776 2657 904 2683 Romana
926 2666 950 2682 α.
964 2660 1021 2684 863.
1126 2658 1152 2691 S)
1172 2658 1221 2685 Sed
1239 2660 1363 2693 Iynatius
1384 2660 1486 2686 solutus
1508 2663 1554 2692 est,
1578 2663 1722 2693 antequam
1740 2660 1856 2692 quaestio
1880 2659 1911 2685 de

262 2699 447 2732 Bzdyarorum
464 2699 619 2725 subiectione
637 2700 667 2725 iu
685 2700 738 2731 fine
756 2699 853 2733 synodi
868 2701 1183 2733 Constantinopolitanae
1203 2711 1227 2728 α.
1239 2706 1289 2729 870
1305 2702 1351 2735 (cf.
1366 2702 1461 2734 Hefele
1473 2702 1710 2736 ‘Concilienqeschss
1723 2702 1793 2736 117²,
1807 2704 1909 2736 427sq.)

262 2742 386 2774 surrexit,
406 2744 438 2775 cf.
458 2743 538 2768 etiam
557 2742 698 2769 Hadriani
717 2743 757 2769 II.
776 2743 849 2775 epist.
869 2752 894 2769 a.
909 2746 956 2768 871
976 2743 1040 2769 Nor.
1055 2748 1093 2775 10,
1113 2744 1184 2775 Jasse
1203 2745 1264 2778 Rey.
1279 2748 1343 2772 2943
1362 2746 1462 2778 (2236).
