2189 3042
629 155 806 183 IOHANNIS
826 155 900 181 VIII.
920 155 1036 181 PAPAE
1059 154 1258 181 EPISTOLAE
1281 155 1320 181 85.
1340 154 1380 180 86.
1788 155 1820 184 81

182 243 394 286 penitentiam
422 246 626 283 suscepturus
656 242 697 273 ad
727 244 815 272 tuam
847 241 1041 282 presentiam
1065 241 1196 271 veniens
1223 239 1444 271 huiuscemodi
1475 238 1555 269 dixit
1584 250 1617 270 sc
1648 238 1744 269 fuisse
1777 242 1830 269 tuo

183 295 300 326 iudicio
317 294 508 324 iudicatum:
534 296 676 323 sanctam
694 293 844 323 videlicet
868 293 1123 323 communionem
1148 292 1207 322 nisi
1231 291 1272 322 ad
1290 292 1411 322 exitum
1428 292 1490 332 vite
1515 301 1576 321 nou
1594 293 1830 331 percepturum,

184 356 295 377 carnes
320 348 352 376 et
374 345 481 375 vinum
506 346 670 385 exceptis-²
694 344 807 375 diebus
831 344 997 375 dominicis
1021 347 1053 375 et
1080 347 1261 374 sanctorum
1285 342 1512 374 festivitatibus
1536 353 1597 373 non
1622 345 1830 382 sumpturum,

184 407 308 428 comam
332 407 394 427 non
418 406 576 435 rasurum,
607 405 740 426 uxorem
766 405 827 425 non
851 398 1071 436 accepturum,
1104 404 1174 425 cum
1199 393 1381 425 hominibus
1408 404 1471 424 non
1495 396 1769 431 conversaturum,
1800 393 1832 422 iu

153 461 164 478 5
184 450 291 480 cinere
316 450 348 479 et
371 447 474 478 cilicio
498 447 701 488 gemiturum,
727 447 824 477 servis
849 446 1008 487 rebusque
1032 446 1096 476 suis
1119 456 1181 476 non
1203 445 1470 484 dominaturumh,
1495 444 1652 475 seniorem
1678 447 1709 474 et
1733 444 1831 474 bene-

184 500 290 531 ficium
320 510 382 529 non
412 499 594 529 habiturum
625 502 656 529 et
684 498 753 529 aliis
782 499 831 529 his
855 499 1010 529 similibus
1040 498 1122 529 forte
1147 498 1288 529 fruendis
1315 509 1378 529 non
1407 498 1583 528 fruiturum.
1632 497 1700 537 Queg
1726 497 1833 527 omnia

184 551 352 582 audientes
377 553 410 581 et
432 550 543 581 intimo
569 550 664 581 corde
682 553 853 591 pensantes
876 551 1064 589 invenimus,
1088 550 1209 591 aliquid
1233 550 1362 591 gravius
1386 553 1416 580 te
1442 560 1536 590 quam
1562 548 1716 589 expediit,
1741 549 1766 578 si
1790 549 1834 579 ita

185 605 243 641 est,
267 601 433 632 iudicasse.
472 601 577 632 Huius
601 602 646 632 rei
663 602 766 642 gratia
790 612 883 632 omne
901 602 993 632 huius
1017 601 1169 632 iudicium
1193 601 1251 631 tibi
1271 601 1458 631 dimittimus
1483 603 1524 640 et,
1549 603 1584 630 ut
1607 604 1715 631 nostra
1739 610 1834 640 super

183 654 245 684 hoc
269 654 337 684 vice
361 653 402 683 ad
426 653 585 684 mitiorem
615 654 646 683 in
671 664 709 684 eo
734 653 959 693 proferendam
984 653 1175 683 sententiam
1198 652 1388 693 perfruaris,
1419 652 1522 682 modis
1547 651 1692 682 omnibus
1717 651 1833 681 exhor-

143 720 166 738 ιο
186 708 299 744 tamur,
324 707 481 745 quatenus
504 715 561 745 pro
586 714 695 735 amore
719 704 935 745 apostolorum
961 707 993 734 et
1016 706 1123 734 nostro
1152 706 1184 734 et
1212 703 1355 734 laborem
1380 704 1501 734 itineris
1525 706 1557 734 et
1584 702 1833 733 lacrimabilemc

186 756 321 797 predicti
344 755 454 786 latoris
478 756 687 786 intentionem
708 755 759 786 vel
783 756 956 796 penitentie
981 755 1226 785 amaritudinem
1251 755 1379 785 omnino
1404 754 1608 785 considerans
1631 754 1738 785 mitius
1762 764 1834 784 cum

186 818 225 839 eo
249 818 347 849 agere
371 818 434 838 non
458 808 619 838 detrectes
648 810 680 838 et
704 818 753 845 eo,
778 807 863 848 quod
887 807 927 838 ad
955 809 1082 837 sanctos
1110 806 1273 847 apostolos
1301 806 1378 836 fecit
1406 806 1604 847 confugium,
1636 807 1666 836 in
1690 806 1749 845 his,
1774 817 1835 847 que

187 860 379 900 oportuerit,
410 870 448 890 ne
479 859 561 890 forte
591 860 622 889 iu
653 859 911 900 desperationem
942 857 1077 897 labatur,
1108 858 1252 888 misereri
1280 857 1364 887 illius
1392 868 1553 898 nunquam
1587 858 1729 897 omittas,
1760 858 1835 898 quia

185 911 352 950 Dominus,
377 911 457 941 sicut
480 921 538 951 per
554 911 745 951 prophetam
763 910 912 951 loquitur,
929 908 1191 940 ‘misericordiam
1208 908 1275 939 vult
1299 911 1331 939 et
1354 919 1416 939 non
1440 908 1649 939 sacrificium’.
1688 908 1833 949 Ideoque
1848 916 1902 937 Osee
1916 918 1966 941 as.

145 976 167 995 15
187 961 374 994 monentes‘l
397 973 557 1004 rogamus,
581 966 616 993 ut
632 961 883 993 misericordiam
906 961 935 992 ei
957 960 1134 1001 impendas,
1153 963 1311 1001 quatenus
1328 960 1368 990 de
1385 960 1601 1000 impensione⁹
1618 960 1834 1001 misericordie

184 1014 353 1045 audientes
383 1015 545 1045 sanctitati
577 1017 629 1055 tue
660 1013 865 1044 multimodas
891 1013 1011 1053 gratias
1040 1012 1226 1042 referamus
1275 1011 1432 1052 Optamus
1457 1012 1660 1042 sanctitatem
1688 1015 1775 1042 tuam
1804 1013 1834 1042 in

186 1066 312 1097 Christo
336 1066 419 1097 bene
443 1066 562 1097 valere.

290 1123 384 1146 DATA
408 1123 453 1147 III.
473 1122 656 1146 KALENDAS
680 1121 886 1151 NOVEMBRls,
910 1120 1110 1144 INDICTIONE
1128 1120 1170 1144 XI.

987 1257 1037 1287 sc.

295 1314 452 1345 Iohannes
475 1313 571 1344 VIII.
600 1312 754 1351 chc'ferc‘o
773 1312 915 1351 principi
939 1311 1172 1351 (salernitano)
1196 1311 1305 1342 scribit
1326 1310 1538 1349 Amalfitanos
1561 1311 1755 1342 adiutorium
1777 1311 1837 1342 siba*

142 1380 167 1399 20
188 1365 365 1397 eomzictmn
379 1375 443 1396 uon
461 1365 522 1396 iam
539 1364 647 1395 tulisse
663 1367 691 1395 et
707 1363 807 1395 dolose
823 1373 960 1394 asserere
976 1363 1136 1394 duodecim
1152 1362 1241 1393 milia
1257 1372 1480 1394 mcmcusorzmb
1495 1363 1575 1401 ipsis
1589 1363 1748 1401 promissa
1764 1374 1836 1394 esse.

1603 1415 1666 1444 578
1689 1415 1750 1445 in.l

304 1459 378 1486 CocL:
406 1458 433 1484 R
450 1460 472 1491 f.
485 1461 519 1484 43
537 1466 563 1483 n.
578 1462 619 1484 35.

290 1505 375 1532 EM:
403 1505 498 1531 Editio
513 1505 637 1531 Romana
657 1505 741 1538 (1591)
761 1504 818 1536 III,
837 1507 888 1530 349
908 1512 932 1529 a.
950 1507 987 1530 74.
1024 1504 1118 1529 Mami
1140 1504 1218 1529 Cone.
1232 1503 1286 1529 coll.
1306 1503 1407 1536 XVII,
1425 1506 1456 1529 62
1476 1512 1501 1529 η.
1518 1507 1554 1529 74.
1592 1503 1684 1537 Migmc
1703 1504 1778 1531 Patr.
1792 1505 1837 1531 lat.

191 1548 328 1581 CXXVI,
350 1552 400 1574 750
418 1557 444 1574 υ.
460 1551 516 1574 100.
536 1562 566 1566 —
586 1547 663 1579 Jaffe'
681 1547 747 1581 Rey.
761 1550 826 1573 3127
841 1548 942 1581 (2349).

143 1632 167 1652 25
630 1626 865 1651 AMANTISSIMO
890 1625 981 1650 FILIO
1003 1625 1208 1650 GUAIFERIOa
1226 1624 1399 1649 PRINCIPN.

295 1678 508 1709 Devotionem
532 1677 647 1718 igiturb
671 1677 769 1707 animi
793 1677 838 1707 tui
863 1687 903 1707 ex
928 1677 989 1716 die,
1015 1687 1078 1718 qua
1101 1679 1132 1707 te
1157 1676 1301 1717 cognovi,
1326 1676 1437 1716 paucis
1461 1675 1566 1707 verbis
1591 1676 1752 1717 explicare
1776 1687 1838 1707 non

186 1740 331 1772 possum;
363 1730 424 1760 hoc
453 1732 562 1760 tamen
585 1729 744 1760 veraciter
771 1729 901 1769 scimus,
927 1729 1001 1769 quia
1026 1727 1113 1769 apud
1135 1728 1241 1758 Deum
1272 1730 1305 1758 et
1336 1727 1422 1768 apud
1452 1738 1509 1758 nos
1538 1727 1595 1758 tibi
1620 1728 1725 1758 omnia
1749 1728 1838 1758 salva

186 1784 406 1813 reservanturc
421 1785 567 1822 tempore
585 1784 752 1821 oportuno.
791 1780 915 1811 Idcirco
939 1783 1106 1811 monentes
1123 1780 1289 1810 hortamur
1313 1782 1346 1810 et
1369 1779 1512 1820 rogando
1536 1779 1714 1819 iubemusss,
1739 1780 1785 1810 uti
1808 1780 1839 1810 iu

187 1834 287 1865 semel
311 1836 366 1864 tua
390 1836 562 1874 perceptae
585 1832 729 1863 bonitate
753 1842 955 1873 perseveres,
985 1833 1135 1873 quoniam
1160 1833 1312 1873 scriptum
1338 1834 1398 1862 est:
1426 1830 1514 1861 ‘Nou
1539 1831 1661 1862 tardatf
1682 1831 1839 1862 Dominus

143 1896 168 1916 ³0
186 1886 377 1927 promissum
404 1884 521 1925 suum’,
552 1884 655 1915 donec
679 1884 904 1925 adimpleatur,
930 1883 1015 1925 quod
1044 1883 1169 1915 locutus
1193 1887 1251 1915 est.
1298 1883 1339 1914 Et
1366 1883 1439 1914 ideo
1468 1894 1562 1914 nosse
1587 1882 1721 1923 gloriam
1752 1886 1840 1913 tuam

187 1938 342 1978 cupimus,
364 1937 439 1978 quia
461 1946 502 1967 ex
522 1939 614 1977 parte
630 1935 899 1966 Amalfitanorum
920 1935 1064 1966 nullumg
1080 1935 1171 1966 nobis
1195 1936 1284 1966 iuxta
1309 1935 1490 1966 condictum
1515 1935 1667 1975 placitum
1677 1934 1688 1953 ³
1709 1934 1839 1965 studue-

187 1988 278 2020 runth
306 1988 457 2030 preberei
484 1988 678 2019 adiutorium
708 1987 814 2019 navali
842 1987 1016 2018 certamine
1048 1997 1067 2018 a
1095 1987 1244 2018 Traiecto
1274 1997 1376 2028 usque
1408 1985 1653 2018 Centumcellas.
1707 1986 1841 2027 Insuper

188 2040 327 2081 quadam
344 2040 519 2071 calliditate
536 2042 681 2071 asserunt
697 2050 759 2070 non
776 2039 808 2070 in
824 2038 936 2070 decem
954 2038 1076 2069 milium
1092 2041 1216 2069 tantum
1233 2048 1469 2077 mancusorum,
1494 2037 1550 2068 sed
1571 2041 1602 2068 ct
1622 2038 1653 2068 in
1671 2037 1839 2069 duodecim

187 2092 310 2123 milium
333 2092 431 2123 fuisse
455 2094 597 2122 nostram
620 2090 895 2132 promissionemk,
913 2090 999 2131 quod
1016 2100 1127 2121 verum
1144 2089 1230 2121 nullo
1247 2089 1344 2121 modo
1362 2092 1496 2128 constat,
1518 2099 1589 2119 cum
1607 2092 1639 2120 et
1659 2090 1719 2130 ipsi
1740 2089 1839 2120 abba-

145 2154 168 2173 35
188 2146 237 2174 tes
246 2143 268 2183 ⁴,
293 2153 372 2184 quos
394 2143 470 2174 illuc
494 2143 565 2184 prol
581 2146 690 2174 nostra
706 2146 797 2183 parte
815 2142 999 2181 direximus,
1024 2141 1228 2173 iureiurando
1253 2152 1317 2173 non
1341 2152 1375 2172 se
1393 2141 1512 2172 dixisse
1537 2141 1685 2172 fatentur.
1724 2141 1774 2171 De
1791 2140 1839 2171 his

187 2204 263 2225 vero
288 2194 422 2235 aliisque
446 2194 614 2235 similibus,
640 2198 793 2235 quantum
817 2195 848 2225 in
872 2194 964 2225 nobis
987 2197 1049 2234 est,
1079 2204 1137 2234 per
1159 2193 1296 2234 gloriam
1322 2196 1375 2233 tue
1404 2192 1580 2224 nobilitatis
1604 2193 1839 2233 correptionem

189 2256 380 2287 omnemque
404 2256 569 2287 speramus
593 2246 689 2277 studii
706 2246 976 2285 emendationem,
993 2245 1089 2287 quod,
1107 2256 1216 2286 queso,
1241 2245 1348 2276 facere
1366 2247 1492 2275 mature
1510 2244 1682 2275 acceleres.
1717 2243 1838 2285 Optam.

291 2307 385 2331 DATA
408 2307 454 2331 UT
478 2307 595 2331 SUPRA.

293 2426 317 2457 Β)
340 2431 446 2459 excepto
469 2435 536 2452 corr.
555 2435 586 2451 ecc
609 2434 664 2451 erro
686 2427 721 2451 al.
741 2434 810 2452 πιαπ.
829 2426 860 2451 R.
969 2426 992 2457 b>
1011 2433 1073 2450 -na-
1096 2434 1177 2457 supra
1200 2426 1295 2450 lineam
1318 2425 1380 2449 add.
1400 2426 1435 2449 al.
1455 2433 1523 2450 man.
1543 2424 1580 2456 R,
1606 2428 1664 2449 -tu-
1687 2425 1713 2449 ln
1736 2432 1787 2449 ras.
1806 2423 1838 2448 R.

145 2472 171 2492 40
190 2468 212 2500 c)
232 2469 248 2493 b
266 2477 332 2494 corr,
346 2477 377 2494 επ
395 2478 412 2494 u
431 2470 466 2494 al.
480 2478 549 2494 man.
568 2469 600 2493 R.
688 2468 713 2501 d)
731 2478 864 2494 monemus
883 2469 915 2494 R.
1005 2468 1026 2500 e)
1046 2476 1112 2493 corr.
1126 2477 1155 2492 ea·
1173 2469 1322 2501 inpensione
1341 2468 1373 2493 R.

292 2518 332 2545 86.
361 2520 383 2551 ³)
403 2527 549 2549 QUAIJERIO
567 2521 599 2546 R.
679 2520 703 2552 b)
723 2521 810 2553 agitur
827 2521 860 2546 R.
938 2520 961 2552 0)
980 2529 1020 2546 res
1038 2521 1190 2551 scribantur,
1210 2521 1321 2545 -bantur
1340 2520 1366 2544 ἰη
1387 2528 1439 2544 ras.
1459 2519 1490 2544 B.
1569 2518 1593 2550 (¹)
1612 2519 1628 2543 b
1647 2528 1712 2543 corr.
1726 2527 1756 2543 ea:
1774 2527 1786 2542 r
1803 2519 1838 2542 al.

188 2571 256 2587 man.
270 2563 302 2588 R.
373 2563 395 2595 e)
414 2564 506 2596 §cepta
518 2564 550 2589 R.
620 2562 640 2596 f)
659 2572 725 2589 corr.
738 2573 768 2589 ex
786 2564 871 2588 tradat
888 2563 919 2588 R.
991 2564 1015 2592 Β)
1035 2572 1101 2589 corr.
1115 2572 1145 2588 ea:
1163 2564 1260 2588 nullam
1280 2563 1312 2587 R.
1386 2561 1411 2594 h)
1431 2562 1564 2586 studerunt
1576 2561 1608 2586 R.
1679 2559 1696 2591 i)
1715 2561 1793 2592 Fuere
1806 2560 1838 2585 R.

188 2604 213 2636 ιι>
233 2614 298 2631 corr.
314 2614 344 2631 ex
362 2607 496 2638 promissio
514 2607 549 2632 αἰ.
563 2615 632 2631 man.
651 2607 683 2632 R.
754 2605 773 2638 ¹)
792 2615 859 2631 corr.
873 2615 903 2631 ea*
922 2615 966 2639 per
985 2607 1019 2631 al.
1034 2615 1102 2630 man.
1115 2606 1147 2631 R.
1218 2606 1250 2637 m)
1268 2606 1304 2630 sic
1317 2605 1354 2635 R;
1375 2605 1409 2637 cf.
1430 2604 1489 2629 NA.
1510 2604 1640 2635 XXXVI,
1655 2606 1700 2628 117
1717 2607 1802 2628 cuntot.
1815 2605 1840 2627 ὑ.

295 2682 319 2714 1)
338 2681 416 2708 Haec
439 2683 549 2715 epistola
572 2683 659 2708 eodem
680 2683 738 2714 fere
760 2685 874 2715 tempore
899 2690 930 2708 ac
953 2690 978 2707 η.
995 2685 1025 2708 79
1047 2682 1148 2714 scripta
1166 2684 1210 2707 est.
1316 2681 1342 2713 2)
1364 2680 1551 2711 Salernitana,-
1576 2679 1607 2705 ‹Ic
1630 2687 1680 2711 quo
1702 2678 1735 2709 cf.
1755 2685 1839 2710 supra

147 2733 172 2752 45
192 2732 237 2751 ιιιι.
255 2727 283 2757 3,
301 2728 343 2756 29,
361 2728 400 2751 53.
506 2726 533 2757 3)
553 2725 596 2751 De
619 2733 670 2758 (11⁶0
693 2725 727 2756 cf.
747 2733 830 2758 supra
856 2733 881 2751 n.
897 2729 941 2756 79,
961 2733 989 2758 p.
1006 2729 1033 2751 75
1052 2725 1068 2751 l.
1081 2729 1112 2751 21
1133 2733 1191 2751 cam
1210 2726 1302 2750 annot.
1316 2728 1340 2749 4.
1448 2724 1475 2754 4)
1495 2722 1629 2748 Iohannes
1648 2720 1792 2752 Fen-sensis
1815 2722 1837 2745 et

192 2767 356 2793 Amcstasius
375 2775 394 2793 s.
409 2767 555 2793 salvatoris
573 2767 694 2800 Reatini,
714 2768 749 2799 cf.
768 2776 795 2795 n.
812 2771 848 2800 79,
862 2776 891 2800 p.
907 2771 934 2794 75
952 2770 1044 2793 cwznoc.
1059 2770 1082 2793 6.

294 2818 445 2845 EPISTOLAE
462 2818 524 2844 VII.
1602 2815 1629 2840 11

1853 1841 1871 1860 2.
1880 1839 1938 1859 Petr.
1949 1841 1967 1864 3,
1977 1841 1996 1860 9.
