2189 3042
77 399 108 422 cf.
115 400 135 422 2.
143 398 192 420 Cor.
202 398 271 422 11‚21›.

123 1374 198 1398 cLPs.
210 1376 255 1398 125,
264 1376 283 1394 6.

284 146 344 174 410
524 136 717 163 ANASTASH
737 133 1036 161 BIBLIOTHECARII
1056 131 1255 158 EPISTOLAE
1273 130 1355 157 SIVE
1374 129 1652 156 PRAEFATIONES
1671 131 1695 156 5.

383 226 485 256 Porro
510 223 674 265 proprium
699 230 816 252 nomen
839 219 933 250 huius
960 219 1020 251 rite
1046 218 1229 260 quaerimus
1257 216 1400 258 synodia.
1446 215 1529 247 Nam
1554 216 1580 246 si
1603 214 1726 256 hydrae
1758 226 1795 247 ac
1823 216 1937 258 hippo-

284 280 519 315 centaurorum,
545 275 599 316 qui
627 284 689 304 non
713 275 795 311 sunt,
822 272 932 312 utique
956 271 1086 301 nomina
1117 270 1272 309 dicuntur,
1301 271 1420 310 quanto
1451 267 1677 309 congruentius
1705 267 1798 298 huius
1827 267 1940 308 synodi

284 339 401 360 nomen
432 327 504 358 sciri
536 325 644 365 debet,
676 334 760 365 quae
790 323 902 364 utique
930 324 988 361 est,
1018 332 1058 353 ne
1088 321 1239 352 videlicet
1268 320 1396 351 nomine
1428 329 1539 350 carens
1564 320 1767 360 comparetur
1790 319 1886 350 rebus
1908 319 1940 350 in

286 380 382 412 maris
407 377 564 420 profundo
589 377 711 418 positis,
741 385 824 416 quae
849 373 978 415 quidem
1009 376 1091 413 sunt,
1121 372 1178 404 sed
1209 372 1285 413 quia
1313 371 1354 402 ad
1382 371 1530 402 notitiam
1560 369 1746 401 hominumb
1774 380 1838 401 non
1867 381 1941 412 per-

285 434 451 469 venerunt,
480 429 635 460 hactenus
667 427 795 458 nomine
828 428 947 456 carent.
1005 424 1121 466 Itaque
1154 425 1180 454 si
1214 423 1354 465 synodus
1388 426 1512 454 tantum
1546 422 1682 461 dicatur,
1713 432 1777 453 non
1809 423 1938 464 proprie

288 484 416 518 dicitur3
443 481 542 512 habet
558 481 643 511 enim
659 479 720 510 hoc
743 488 862 509 nomen
885 486 1055 508 commune
1081 487 1152 507 cum
1176 475 1246 506 aliis
1269 475 1448 506 numerosis
1465 473 1616 505 conciliis·
1655 472 1689 504 Si
1712 474 1852 515 synodus
1875 475 1944 505 uni-

287 534 419 565 versalis
444 532 636 574 appelletur,
666 541 725 561 nec
749 530 794 561 sic
818 529 858 560 de
881 529 952 568 hac,
983 528 1069 570 quod
1097 528 1301 569 singulariter
1324 526 1474 568 possidet,
1506 525 1758 567 praedicabitur;
1787 536 1860 557 nam
1884 526 1945 557 hoc

285 586 413 617 nomine
442 595 513 615 cum
537 583 743 625 generalibus
771 584 896 623 septem
928 580 1100 622 synodibus
1127 579 1259 611 utitur?
1304 579 1405 610 Porro
1434 579 1460 609 si
1489 577 1629 619 synodus
1654 576 1946 619 Constantinopoli-

286 642 362 669 tana
386 637 519 677 dicatur,
543 646 605 667 non
630 634 759 676 proprie
783 633 920 670 dicetur;
946 636 1019 663 sunt
1043 632 1127 663 enim
1152 634 1184 663 et
1207 631 1291 662 aliae
1309 630 1686 671 Constantinopolitanae
1711 629 1833 670 synodi.
1875 629 1946 660 Iam

287 700 364 720 vero
396 689 421 718 si
452 686 590 729 synodus
624 686 812 717 universalis
842 683 1197 725 Constantinopolitano.
1230 686 1263 714 et
1292 685 1405 714 octava
1434 685 1576 722 vocetur,
1614 692 1674 713 nec
1703 682 1747 712 sic
1775 681 1942 712 diffinitive

287 752 406 773 nomen
431 741 499 771 eius
522 738 776 780 praedicabitur3
801 748 863 768 non
888 737 974 768 enim
998 739 1047 768 est
1070 738 1212 776 octavae,
1240 734 1297 766 sed
1322 737 1435 776 quarta
1458 733 1598 775 synodus
1621 744 1742 774 earum,
1767 744 1849 775 quae
1866 733 1949 765 Con-

289 791 497 833 stantinopoli
521 790 744 822 universaliter
774 788 959 820 celebratae
984 787 1086 820 suntd.
1132 785 1355 828 Nuncupanda
1379 788 1428 817 est
1457 796 1534 827 ergo
1564 786 1631 816 sine
1662 786 1749 816 omni
1772 785 1949 816 contradic-

289 846 375 876 tione
400 843 539 885 synodus
555 842 743 873 universalis
760 844 884 881 octava,
901 843 937 871 ut
953 842 986 871 et
1008 839 1192 881 appellatio,
1211 849 1306 880 quam
1331 848 1403 869 cum
1428 840 1554 878 septem
1577 837 1648 868 aliis
1671 837 1813 868 conciliis
1836 837 1949 868 sortita

290 900 348 936 est,
371 907 435 927 non
459 895 590 935 celetur,
615 896 648 924 et
670 903 788 924 nornen
812 892 986 933 proprium,
1011 890 1098 932 quod
1122 890 1326 931 singulariter
1349 889 1504 931 possidet,
1530 889 1724 931 designetur.

395 947 498 989 Igitur
528 957 599 977 cum
629 945 710 976 haec
740 944 959 975 celebraretur
988 943 1182 974 venerabilis
1212 942 1362 983 synodUS,
1393 941 1510 972 accidit
1536 952 1588 972 me
1616 941 1773 972 famulum
1801 944 1944 973 vestrum

290 1001 422 1032 missum
447 1010 465 1030 a
487 997 680 1030 Hludowico
707 996 851 1038 piissimo
882 996 1077 1036 imperatore
1106 1004 1178 1026 cum
1208 994 1333 1025 duobus
1360 993 1431 1024 aliis
1460 993 1535 1024 viris
1564 992 1741 1034 insignibus
1776 994 1950 1025 interesse²

292 1052 450 1084 ferentem
481 1051 579 1082 etiam
609 1049 803 1090 legationem
835 1047 875 1078 ab
905 1047 1089 1088 apostolicis
1124 1046 1247 1077 meritis
1280 1045 1431 1076 decorato
1461 1044 1665 1085 praesulatue
1698 1047 1820 1084 vestro,
1854 1056 1952 1076 causa

293 1103 445 1145 nuptialis
470 1102 663 1140 commercii,
688 1099 774 1141 quod
799 1097 1002 1130 efficiendum
1027 1108 1067 1129 ex
1090 1097 1155 1128 filio
1179 1097 1382 1138 imperatoris
1406 1096 1517 1127 Basilii
1541 1099 1573 1127 et
1596 1097 1705 1137 genita
1728 1097 1866 1138 praefati
1888 1097 1953 1128 Dei

293 1155 423 1186 cultoris
450 1153 578 1194 augusti
607 1151 647 1183 ab
677 1155 812 1192 utraque
842 1153 935 1191 parte
964 1149 1153 1190 sperabatur
1186 1149 1279 1179 simul
1312 1152 1345 1179 et
1374 1148 1577 1189 parabatur2.
1623 1148 1661 1179 In
1688 1151 1754 1180 tam
1784 1150 1868 1180 enim
1898 1149 1951 1190 pio

294 1207 424 1248 negotio
450 1209 482 1237 et
505 1204 591 1246 quod
614 1203 656 1234 ad
678 1203 844 1243 utriusque
868 1201 994 1242 imperii
1018 1201 1184 1240 unitatem,
1207 1201 1306 1231 immo
1330 1201 1427 1231 totius
1444 1200 1561 1231 Christi
1584 1200 1742 1232 ecclesiae
1765 1200 1950 1232 libertatem

294 1259 456 1300 pertinere
480 1256 591 1298 procul
608 1256 705 1287 dubio
723 1253 924 1292 credebatur,
939 1252 1113 1294 praecipue
1137 1252 1253 1283 summi
1277 1252 1431 1292 pontificii
1446 1253 1544 1283 vestri
1561 1252 1778 1293 quaerebatur
1794 1262 1950 1283 assensus.

295 1311 357 1341 Dei
382 1320 459 1350 ergo
483 1312 562 1339 nutu
586 1311 692 1339 actum
717 1308 775 1345 est,
792 1308 827 1336 ut
850 1305 930 1336 tanti
953 1305 1076 1346 negotii
1100 1314 1170 1335 cum
1188 1304 1249 1334 loci
1273 1303 1489 1335 servatoribus
1506 1304 1702 1344 apostolicae
1720 1303 1805 1334 sedis
1829 1308 1862 1335 et
1883 1304 1953 1345 ipse

298 1362 360 1392 fine
385 1360 562 1402 gauderem
587 1362 620 1391 et
641 1359 774 1390 veniens
802 1355 978 1388 fructuumf
998 1357 1029 1386 in
1061 1356 1258 1387 exultatione
1286 1358 1473 1396 portaremg
1501 1356 1691 1396 manipulos,
1722 1356 1775 1397 qui
1802 1366 1860 1397 per
1883 1366 1955 1397 sep-

297 1414 440 1445 tennium
470 1412 571 1442 ferme
603 1421 661 1451 pro
687 1421 725 1441 eo
756 1408 920 1439 indefesse
952 1407 1176 1438 laboraveram
1207 1410 1240 1438 et
1268 1417 1326 1448 per
1358 1410 1461 1438 totum
1491 1407 1602 1438 orbem
1625 1407 1798 1438 verborum
1831 1407 1953 1438 semina

297 1465 409 1496 sedule
434 1463 602 1494 scribendo
621 1462 836 1503 disperseram
846 1459 868 1490 3.
904 1459 990 1490 Nam
1013 1470 1096 1500 pene
1122 1459 1239 1499 omnia,
1264 1468 1347 1500 quae
1364 1458 1404 1489 ad
1428 1469 1581 1500 praesens
1604 1459 1769 1500 negotium
1792 1459 1956 1500 pertinent

299 1526 449 1558 quaeque
474 1525 493 1546 a
516 1514 593 1545 sede
618 1513 795 1555 apostolica
810 1512 927 1542 Latino
952 1521 1099 1542 sermone
1116 1511 1243 1552 prolata
1266 1513 1339 1541 sunt
1361 1511 1427 1541 sive
1445 1521 1527 1551 quae
1551 1511 1582 1541 in
1605 1511 1697 1542 huius
1714 1511 1827 1552 synodi
1843 1511 1953 1542 codice

298 1569 364 1599 sive
382 1577 464 1608 quae
481 1567 514 1597 in
531 1565 624 1596 aliisll
640 1564 854 1595 voluminibus
871 1563 1083 1599 continentur,
1099 1572 1159 1602 ego
1177 1562 1308 1592 summis
1324 1561 1529 1602 pontificibus
1546 1562 1779 1602 obsecundans,
1793 1562 1956 1593 decessori

299 1620 421 1650 scilicet
434 1618 558 1649 vestro4
571 1627 608 1647 ae
621 1617 721 1653 vobis,
736 1616 872 1656 exposui
881 1617 892 1635 ⁵
906 1618 937 1646 et
950 1615 1156 1656 postmodum
1170 1614 1447 1655 Constantinopoli
1461 1625 1517 1656 pro
1530 1615 1695 1656 praedicta
1712 1625 1807 1646 causa
1823 1625 1955 1656 repper-

301 1675 352 1702 tus
366 1681 427 1701 non
440 1679 544 1711 pauca
559 1669 591 1699 in
607 1668 656 1698 his
668 1667 782 1699 vestris
797 1667 859 1698 loci
872 1666 1098 1704 servatoribus,
1111 1669 1145 1696 ut
1157 1666 1217 1707 ipsi
1234 1665 1375 1707 quoquei
1387 1669 1554 1706 testantur,
1574 1667 1689 1698 solatia
1701 1667 1845 1708 praestiti
1856 1668 1877 1697 ⁶.
1895 1666 1958 1702 Qui

303 1723 400 1754 etiam
415 1721 558 1752 diversos
574 1720 739 1750 hominum
758 1722 891 1749 eventus
907 1718 1113 1749 considerans
1129 1721 1220 1758 gesta
1236 1717 1329 1748 huius
1346 1717 1467 1758 synodi,
1482 1728 1564 1758 quae
1582 1719 1779 1758 apostolicae
1796 1718 1880 1749 sedis
1897 1718 1959 1749 loci

302 1776 484 1806 servatores
500 1773 531 1802 in
548 1782 611 1802 uno
629 1770 790 1801 volumine
815 1780 924 1801 secum
941 1770 1099 1810 portaturi
1115 1770 1377 1810 conscripserant,
1394 1770 1425 1799 in
1442 1769 1544 1800 altero
1561 1769 1671 1800 codice
1688 1771 1878 1811 transcripta
1893 1770 1958 1801 Ro-

303 1836 390 1857 mam
408 1823 535 1864 aequek
551 1821 693 1854 deferrel
710 1822 872 1863 proposui.
904 1820 997 1852 Unde
1015 1821 1134 1852 factum
1157 1824 1214 1861 est,
1236 1824 1270 1851 ut
1292 1821 1414 1851 eisdem
1436 1820 1498 1851 loci
1519 1820 1763 1851 servatoribusm
1778 1821 1959 1862 praedones

304 1875 519 1908 incidentibus
546 1877 579 1905 et
603 1874 747 1905 codicem
771 1873 877 1914 ipsum
901 1883 972 1903 cum
997 1872 1143 1903 omnibus
1167 1871 1421 1913 supellectilibus
1444 1872 1508 1902 suis
1532 1872 1771 1903 amittentibus7
1788 1883 1849 1914 ego
1872 1872 1959 1904 codi-

303 1939 383 1969 cem,
401 1937 496 1969 quem
515 1925 706 1966 detuleram,
722 1925 860 1956 Romam
879 1924 1003 1955 vexisse
1021 1924 1238 1964 dinoscerern,
1256 1935 1351 1966 quem
1373 1924 1524 1955 sanctitas
1540 1926 1647 1954 vestra
1669 1927 1761 1965 grato
1785 1925 1960 1966 suscipiens

415 2107 441 2139 *)
461 2107 499 2132 'hd
520 2111 563 2137 (z
577 2105 622 2131 hic
643 2105 732 2137 deest)
757 2104 818 2130 add.
833 2104 891 2129 <ulia
910 2113 997 2135 man.;
1021 2105 1057 2138 hp
1076 2105 1119 2136 (=
1135 2104 1181 2130 hie
1201 2105 1283 2138 pone)
1303 2104 1713 2139 Nuncupanda—designetur
1730 2105 1759 2137 (l.
1773 2106 1881 2136 12—14)
1901 2105 1961 2132 add.

462 2150 496 2175 (ιῖ.
511 2158 542 2175 m.
552 2156 692 2182 perperam
711 2148 741 2173 in
759 2155 841 2180 υιιινῃ.
857 2148 906 2181 inf.
925 2147 955 2178 V,
974 2156 1042 2179 qnae
1061 2147 1201 2173 minoratio
1220 2147 1362 2173 admodum
1380 2147 1496 2173 evanuit.

415 2254 438 2285 ⁸)
458 2262 505 2278 om.
525 2253 576 2278 Vi».
682 2251 707 2283 b)
733 2252 841 2276 humiuu
867 2260 934 2276 corr.
954 2256 981 2275 ut
1005 2252 1054 2277 vid.
1073 2260 1103 2276 ea:
1126 2252 1242 2277 humana
1261 2251 1312 2277 V1.
1420 2251 1442 2283 c)
1461 2260 1528 2277 corr.
1543 2261 1573 2277 ex
1591 2257 1648 2277 octa
1665 2252 1695 2278 V.
1800 2251 1824 2284 d)
1844 2261 1891 2277 om.
1910 2252 1963 2278 V3.

309 2297 332 2330 e)
350 2297 498 2330 presulatur
519 2296 574 2321 Va
679 2294 699 2325 f)
717 2303 782 2319 corr.
797 2303 827 2319 ea·
845 2295 957 2319 fructum
975 2294 1005 2326 V,
1020 2294 1076 2323 V1;
1101 2296 1213 2320 fructum
1231 2294 1285 2325 V2‚
1294 2296 1317 2320 3.
1429 2294 1453 2326 Β)
1477 2299 1620 2327 portantem
1639 2295 1692 2320 V1.
1806 2294 1832 2327 ¹¹)
1851 2296 1891 2321 his
1910 2295 1962 2320 V2.

309 2340 327 2373 i)
349 2348 476 2372 superscr.
493 2339 520 2364 V.
590 2337 616 2369 k)
635 2343 713 2369 atque
731 2337 784 2362 V3.
856 2337 874 2369 l)
894 2339 998 2368 deferre,
1018 2340 1083 2364 serre
1102 2339 1128 2363 in
1147 2348 1199 2363 ras.
1213 2347 1262 2363 scr.
1282 2338 1307 2363 1⁷.
1378 2339 1409 2370 m)
1429 2339 1455 2362 in
1474 2339 1535 2363 add.
1550 2339 1622 2370 edd.;
1641 2340 1674 2370 cf.
1688 2338 1759 2371 epist.
1773 2339 1911 2364 Hadriani
1924 2339 1963 2364 II.

310 2383 480 2408 verisimiliter
500 2382 532 2406 ab
545 2382 684 2406 Anastasio
704 2381 834 2411 dictatam,
860 2381 897 2406 ed.
912 2382 975 2407 ΜΟ.
992 2382 1070 2413 Epist.
1084 2381 1128 2412 VJ,
1146 2384 1193 2407 760
1212 2382 1227 2406 Z.
1241 2384 1272 2406 5.·
1297 2386 1326 2406 ut
1350 2382 1377 2406 in
1401 2382 1570 2406 barbarorum
1592 2382 1692 2414 gladios
1712 2400 1718 2406 .
1733 2401 1739 2406 .
1758 2382 1901 2413 inciderint,
1920 2382 1965 2407 sed

311 2431 333 2451 ee
351 2434 432 2457 supra
445 2435 474 2457 p.
487 2427 536 2449 392
554 2425 572 2449 l.
587 2427 633 2449 12:
653 2428 682 2449 ut
700 2424 785 2449 nullos
804 2443 810 2449 .
824 2443 829 2449 .
849 2425 968 2449 incursus
988 2425 1135 2450 inciderent.
1207 2423 1232 2457 ¹³)
1251 2428 1392 2457 patesceret
1411 2424 1468 2454 del„
1487 2424 1632 2449 dinoscerer
1650 2433 1777 2456 superecr.
1794 2424 1821 2450 V.

418 2532 443 2563 1)
463 2531 503 2565 Cf.
517 2532 590 2557 Ann.
601 2530 754 2556 Bertinian.
768 2529 804 2555 ad
821 2538 845 2555 a.
859 2533 914 2561 872,
934 2529 974 2557 ed.
989 2530 1026 2555 W
1023 2530 1075 2555 aaz
1089 2538 1117 2562 p.
1132 2534 1191 2562 120‚·
1212 2529 1272 2556 Lib.
1281 2532 1358 2563 pont.
1370 2529 1433 2557 Vita
1447 2529 1589 2555 Hadriani
1602 2529 1641 2555 11.
1654 2537 1712 2563 cap.
1725 2533 1767 2562 42,
1780 2529 1817 2556 ed.
1828 2529 1967 2556 Duchesne

314 2575 353 2607 ΙΙ,
364 2577 420 2600 181.
491 2575 518 2607 2)
535 2574 575 2608 Cf.
585 2581 670 2607 supra
684 2581 712 2606 p.
724 2576 774 2599 390
785 2581 850 2598 ann.
861 2576 883 2598 2.
956 2572 982 2605 3)
1003 2572 1044 2604 Cf.
1055 2581 1119 2605 quos
1137 2573 1234 2599 similes
1251 2573 1321 2599 locos
1333 2572 1436 2606 collegit
1449 2572 1536 2599 Perels
1555 2573 1570 2598 l.
1584 2573 1600 2599 l.
1610 2581 1639 2606 p.
1650 2576 1706 2599 250.
1776 2573 1804 2606 4)
1817 2573 1928 2599 Nicolao
1941 2572 1966 2600 I.

315 2618 341 2649 5)
362 2617 424 2643 Hoc
443 2617 500 2643 loco
518 2617 686 2643 Anastasius
707 2624 736 2643 se
755 2616 908 2642 dictatorem
932 2616 1103 2648 epistolarum
1130 2624 1147 2641 α
1166 2615 1278 2641 Nicolao
1297 2616 1318 2642 Ι.
1338 2618 1362 2641 et
1379 2615 1528 2642 Hadriano
1547 2616 1586 2642 ΙΙ.
1624 2616 1883 2650 Constantinopolim
1906 2615 1968 2642 ‘mis-

315 2668 406 2686 sarum
426 2668 478 2694 esse.
497 2659 646 2690 centenam,-
665 2660 701 2692 cf.
715 2659 804 2685 Perels
822 2659 837 2685 I.
852 2659 868 2685 l.
877 2667 905 2692 p.
920 2662 969 2684 242
975 2666 1029 2692 sqq.
1130 2660 1155 2691 13)
1172 2659 1211 2692 Cf.
1223 2659 1283 2686 Lib.
1293 2661 1368 2692 pont.
1382 2659 1398 2686 l.
1412 2659 1428 2686 l.
1526 2660 1552 2691 7)
1573 2658 1612 2693 Cf.
1626 2659 1700 2692 epist.
1713 2659 1856 2686 Hadriani
1868 2659 1909 2686 ΙΙ.
1921 2662 1968 2686 871

316 2703 438 2729 Νοτεηιὸ.
454 2706 485 2728 10
508 2703 609 2734 datam,
635 2703 702 2736 Rey.
720 2702 797 2734 ι1017ὶὲ
822 2705 896 2734 2943,
920 2701 958 2728 ed.
978 2702 1048 2728 MG.
1064 2702 1152 2736 Epist.
1170 2702 1216 2734 VI,
1233 2706 1291 2734 759;
1317 2701 1378 2728 Lib.
1394 2704 1472 2736 pont.
1489 2701 1549 2728 Vita
1567 2701 1708 2728 Hadriani
1726 2702 1767 2729 ΙΙ.
1791 2710 1847 2736 cap.
1864 2706 1904 2734 59,
1929 2701 1966 2728 ed.

317 2746 457 2772 Duchcsne
475 2745 515 2778 ΙΙ,
532 2750 594 2775 184,·
611 2753 695 2778 supra
708 2753 737 2778 p.
750 2747 798 2771 392
816 2753 881 2772 ann.
895 2748 918 2771 2.

1971 688 1996 707 10

1972 949 1996 969 15

1978 1207 2003 1226 20

1983 1466 2007 1485 25

1986 1723 2011 1743 30

1989 2109 2013 2129 35

1990 2385 2016 2405 40

1993 2666 2018 2685 45
