2189 3042
572 165 797 192 FRAGMENTA
816 165 984 193 REGISTRI
1003 165 1185 193 STEPHANI
1198 165 1231 193 V.
1251 166 1370 192 PAPAE
1389 167 1428 193 11.
1445 166 1485 193 12.
1794 168 1855 198 339

1009 255 1056 284 11.

317 311 494 353 Stephanus
517 311 552 345 V.
574 321 663 353 papa
685 311 788 343 Paulo
813 312 951 352 episcopo
974 312 1160 344 Placentino
1188 313 1295 344 scribit
1322 312 1358 343 de
1388 313 1541 344 servanda
1565 313 1756 345 decessorum
1778 323 1856 344 anc-

206 363 341 397 toritate.
1666 365 1767 406 (886.)

314 422 377 449 Coll.
392 430 468 450 can.:
491 424 516 449 A
534 425 554 457 f.
568 425 630 450 154¹
647 431 675 449 n.
688 427 726 450 11.
751 438 783 442 —-
808 422 838 448 Ε
853 423 875 456 1,
888 423 979 455 64‚1f'.
994 426 1036 450 89.
1063 438 1095 442 -
1123 423 1148 449 G
1167 431 1188 450 c.
1202 427 1218 449 2
1237 424 1264 450 Ο.
1281 423 1404 450 XXXV
1420 432 1464 457 qu.
1477 427 1492 450 9
1509 423 1559 457 (ed.
1573 423 1719 458 Friedberq
1732 424 1755 455 Ι,
1769 425 1852 457 1283).

307 473 391 501 Edd..·
416 474 513 501 BIansi
533 474 596 501 Goll.
609 482 682 500 cone.
695 473 810 506 XVIII,
824 477 856 500 26
880 487 910 497 =
931 474 1026 508 Miyne
1046 474 1123 500 Patr.
1137 474 1182 500 lat.
1198 474 1337 506 CXXIX,
1354 478 1398 501 798
1422 483 1450 502 n.
1470 478 1494 502 8.
1524 490 1556 494 —
1578 475 1669 509 Re99.:
1694 475 1793 501 Ewald
1825 476 1856 502 in

165 524 175 541 5
206 517 269 544 NA.
285 517 376 548 V,403
393 526 420 544 n.
434 522 469 544 11.
505 518 582 550 Jaffe
599 520 664 544 3418
679 518 776 550 (2644).
812 516 889 543 Kehr
906 516 991 543 Italia
1005 517 1149 550 pontificia
1167 517 1197 550 V,
1209 522 1260 544 444
1277 525 1304 544 n.
1318 521 1357 544 10.

820 603 957 638 [PAUL10
975 603 1240 632 PLACENT1N0*1.
1388 636 1395 641 ,

334 655 441 687 [ιοοίῧ2
472 660 563 687 nostri
592 658 779 687 consideratio
811 669 862 687 nos
893 660 1028 687 admonet
1062 656 1194 687 rationis
1229 656 1433 696 auctoritate,
1465 665 1547 697 quae
1579 666 1598 686 a
1630 654 1852 687 decessoribus

207 707 342 738 nostrisb
365 712 474 739 utiliter
489 712 582 739 decisa
604 712 717 744 fuerint,
741 712 873 739 roborare
897 710 929 738 et
946 718 1027 749 quae
1045 718 1064 738 a
1082 708 1261 739 temerariis
1278 710 1485 749 praesumpta
1502 707 1629 748 fuerint,
1654 707 1685 738 in
1701 709 1851 748 promptu
1867 717 2058 739 cf.2.00r.10‚s.

204 758 406 790 nihilominus
421 759 540 790 ulcisci.
567 758 673 790 Reum
690 759 807 800 quippe
824 761 898 790 ante
915 762 1122 800 conspectum
1139 758 1236 790 divini
1252 759 1365 790 iudicis
1381 768 1415 790 se
1432 759 1557 790 noverit
1574 769 1655 798 esse,
1673 759 1727 800 qui
1743 759 1854 789 nititur

149 818 175 838 ιο
204 810 324 841 utiliter
345 810 434 841 finita
454 810 636 842 rescindere
652 820 689 841 ac
705 809 857 841 roborata
873 809 1016 851 quolibet
1033 821 1112 841 ausu
1129 810 1259 841 violare.
1288 810 1500 841 Ecclesiastiei³
1518 810 1637 852 quippe
1655 814 1759 848 vigoris
1781 813 1848 840 ordo

205 866 395 899 confunditur,
416 866 440 892 si
462 867 512 892 aut
531 867 636 892 temere
652 865 753 892 illicita
768 865 1003 899 praesumantur⁰
1018 867 1068 892 aut
1083 873 1140 892 non
1156 874 1289 892 concessa
1311 865 1426 900 impune
1450 866 1634 899 temptentur.
1667 860 1807 892 Proinde
1825 865 1848 891 si

205 917 382 952 negligenter
404 926 448 950 ea,
472 925 544 951 quae
567 917 640 943 male
663 918 842 951 usurpantur,
866 917 1036 949 omittimus,
1065 926 1194 944 excessus
1218 911 1314 943 viamd
1337 912 1449 954 procul
1473 911 1569 943 dubio
1594 916 1677 943 aliis⁹
1700 917 1850 951 aperimus.

1007 1077 1054 1107 12.

311 1134 489 1174 Stephanus
511 1135 546 1167 V.
568 1144 661 1177 papa
686 1135 827 1168 Girardo
849 1136 1014 1167 Laudensi
1042 1136 1181 1178 episcopo
1204 1134 1375 1179 praecipit,
1403 1137 1440 1166 nt
1463 1135 1601 1175 primum
1627 1144 1659 1166 se
1681 1134 1718 1166 de
1740 1134 1853 1174 ereptis

204 1186 265 1219 sibi
284 1186 375 1219 rebus
396 1187 573 1219 reinvestiri
593 1186 704 1225 faciat,
727 1198 856 1228 eumque
878 1187 915 1219 de
937 1187 1042 1229 officio
1064 1187 1235 1228 episcopali
1256 1187 1350 1219 docet.
1659 1186 1763 1227 (886.)

146 1264 172 1282 15
307 1254 370 1282 Gon.
383 1262 457 1282 can.:
482 1255 510 1281 A
526 1257 547 1287 f.
561 1257 620 1282 154¹
637 1263 665 1282 n.
679 1258 717 1282 12.

429 1302 454 1324 1;
479 1298 509 1324 Ε
523 1298 548 1331 I,
562 1301 630 1331 64,2
647 1298 668 1331 f.
681 1299 736 1325 89¹.
755 1313 790 1318 —
812 1298 837 1325 G
854 1307 874 1325 e.
887 1301 903 1326 3
924 1299 951 1326 0.
963 1299 1019 1325 III
1034 1307 1078 1332 qn.
1092 1302 1108 1325 2
1127 1298 1178 1331 (ed.
1191 1298 1339 1332 Friedberq
1358 1299 1381 1330 I,
1397 1298 1469 1331 507).

303 1348 374 1376 Edd.
389 1353 414 1376 1:
436 1349 531 1376 Mansi
544 1349 607 1376 Con.
619 1357 693 1376 cone.
705 1349 736 1375 X
744 1349 824 1382 VIII,
835 1354 868 1376 26
885 1358 917 1376 ea:
929 1350 955 1377 G
968 1363 997 1373 =
1010 1351 1105 1385 Miqne
1118 1351 1194 1377 Patr.
1205 1351 1253 1377 lat.
1265 1350 1403 1380 CXXIX,
1416 1352 1469 1375 807
1484 1357 1511 1376 n.
1522 1352 1560 1375 22.
1580 1363 1613 1368 -
1632 1353 1660 1375 2.·
1680 1348 1847 1381 Loewenf'eld

200 1391 286 1425 Met.
295 1395 370 1425 pont.
382 1392 460 1419 Rom.
471 1392 589 1419 ineditae
609 1401 638 1426 p.
650 1395 682 1419 35
699 1400 726 1419 n.
739 1396 769 1419 61
793 1401 826 1419 eo:
837 1393 872 1420 A.
898 1407 930 1412 —
951 1394 1047 1427 Reyya
1076 1393 1175 1419 Ewazd
1198 1393 1230 1419 in
1251 1393 1314 1419 NA.
1331 1392 1360 1425 V,
1372 1395 1424 1419 403
1450 1400 1477 1419 n.
1492 1395 1528 1418 12.
1566 1391 1639 1424 Jaffe'
1664 1395 1730 1418 3419
1754 1392 1848 1425 (2657).

203 1435 281 1461 Kehr
297 1435 384 1462 Italia
397 1436 539 1469 pontificia
556 1436 601 1467 VI,
616 1440 628 1462 1
643 1444 673 1469 p.
686 1439 737 1462 240
753 1444 780 1462 n.
794 1439 817 1462 2.

151 1520 176 1540 20
808 1515 961 1540 GIRARDO
979 1515 1183 1540 LEODICENSI
1191 1513 1222 1529 ²¹⁸*
1231 1514 1248 1540 ⁴.

308 1565 352 1607 (1)
377 1564 541 1607 Oportet⁹¹‚
565 1568 600 1596 ut
627 1566 764 1607 primum
787 1565 865 1597 vosb
888 1569 954 1597 tam
978 1565 1018 1597 de
1048 1565 1166 1597 invasis
1189 1564 1372 1596 civitatibus
1406 1564 1627 1596 monasteriis⁰
1652 1567 1684 1595 et
1708 1563 1846 1595 mansisd

198 1626 358 1658 quamque
382 1619 414 1648 et
437 1616 477 1648 de
504 1617 635 1659 reliquis
658 1617 853 1658 generaliter
876 1616 970 1648 rebus
994 1617 1181 1648 reinvestire
1206 1616 1344 1657 faciatis,
1369 1617 1443 1658 quia
1466 1626 1525 1647 nec
1548 1615 1625 1647 nudi
1649 1615 1844 1647 contendere

198 1678 257 1700 nec
279 1668 417 1699 inermes
439 1668 574 1700 inimicis
597 1673 672 1699 nos⁰
695 1668 852 1700 debemus
875 1667 1090 1709 opponeref5.

304 1719 351 1761 (2)
375 1719 543 1751 Habentes
572 1724 722 1761 semperg
751 1730 829 1761 prae
860 1720 969 1760 oeulis⁷
1003 1719 1044 1751 ad
1073 1719 1160 1761 quod
1190 1719 1297 1750 divina
1325 1717 1551 1760 providentiah
1574 1729 1665 1749 suam
1691 1717 1782 1749 vobis
1814 1718 1845 1748 in

143 1782 168 1802 25
194 1772 287 1803 terris
309 1772 412 1803 vicem
435 1772 576 1804 contulit.
615 1772 731 1814 Itaque
755 1772 808 1813 qui
833 1782 888 1803 vos
912 1771 952 1803 de
976 1771 1067 1803 caelo
1090 1771 1220 1813 respicit
1242 1781 1399 1812 suumque
1421 1770 1513 1801 vobis
1537 1769 1673 1801 conferti
1696 1770 1728 1800 in
1751 1770 1846 1801 terris

195 1826 306 1865 typum
329 1834 453 1865 gerere,
476 1823 510 1855 id
532 1835 551 1855 a
573 1823 663 1856 vobis
687 1824 835 1866 exquirit,
864 1827 899 1855 ut
921 1824 986 1855 suis
1009 1823 1180 1855 consulatis
1203 1823 1290 1854 omni
1312 1822 1383 1854 nisu
1406 1821 1554 1853 fidelibus
1579 1824 1611 1852 et
1634 1822 1666 1852 in
1691 1831 1847 1863 quocum-

199 1885 262 1917 que
284 1886 378 1916 posse
402 1875 558 1916 tribuitur,
582 1885 712 1907 manum
735 1875 925 1917 porrigatisk
948 1875 1146 1917 patientibus
1168 1873 1449 1906 necessitudinem.
1859 1884 2055 1909 ef.12:ccius.7‚³⁶.

304 2088 331 2122 ³⁴²)
351 2089 458 2115 Lemma
482 2092 506 2115 et
531 2090 720 2123 superscriptio
747 2089 777 2115 in
796 2089 834 2115 E:
860 2089 1018 2124 Stephanus
1033 2089 1066 2116 V.
1086 2089 1172 2115 Paulo
1199 2088 1331 2123 episcopo
1352 2086 1524 2114 Placentino.
1560 2085 1603 2112 Ne
1624 2085 1734 2112 utiliter
1767 2084 1848 2111 finita

347 2131 540 2158 rescindantur
557 2140 608 2158 nec
626 2134 729 2159 temere
748 2131 853 2159 illicita
865 2133 1078 2166 praesumantur
1096 2133 1146 2158 aut
1159 2140 1213 2158 non
1227 2139 1357 2158 concessa
1376 2130 1489 2164 impune
1508 2129 1691 2162 temptentur.
1707 2142 1740 2146 —
1752 2127 1788 2153 ln
1805 2126 1830 2153 G
1841 2136 1850 2153 :

143 2185 169 2205 30
351 2175 427 2205 Quae
445 2175 554 2201 utiliter
572 2175 665 2202 decisa
687 2177 759 2208 sunt,
782 2184 799 2202 a
823 2174 1027 2202 successoribus
1051 2175 1223 2206 roborentur,
1249 2183 1266 2201 a
1285 2173 1440 2201 temerariis
1466 2173 1648 2207 praesumpta
1675 2171 1847 2197 resecentur.

355 2217 426 2244 Item
444 2217 602 2251 Stephanus
615 2217 648 2245 V.
666 2217 754 2244 Paulo
773 2217 904 2252 episcopo
924 2217 1098 2244 Placentino.

288 2270 329 2301 **)
347 2268 455 2295 Lemma
473 2271 496 2295 et
513 2269 697 2302 superscriptio
708 2269 739 2295 in
752 2269 793 2295 E.-
811 2268 888 2296 Idem
900 2268 1016 2295 Girardo
1030 2267 1219 2296 Laeodieensi.
1245 2268 1324 2299 Quod
1336 2276 1387 2295 nec
1400 2267 1467 2294 nudi
1482 2266 1647 2294 contendere
1662 2274 1712 2292 nec
1726 2265 1844 2291 inermes

348 2311 469 2338 inimicis
481 2320 530 2338 nos
544 2311 675 2339 debemus
687 2320 835 2346 opponere.
850 2326 881 2330 —
895 2312 931 2338 In
946 2311 984 2338 G:
1002 2312 1075 2339 Ante
1089 2311 1169 2339 litem
1183 2312 1370 2338 contestatam
1384 2310 1521 2338 violenter
1534 2309 1630 2336 ablata
1648 2308 1842 2335 restituantur.

355 2355 426 2382 Item
445 2353 602 2388 Stephanus
615 2355 648 2382 V.
667 2355 788 2382 Gerardo
806 2354 961 2382 Lodicensi.

142 2447 167 2466 35
301 2433 340 2459 11.
370 2433 393 2465 ²³)
413 2433 511 2458 Littera
528 2433 636 2458 initialis
654 2434 720 2459 deest
737 2432 770 2459 A.
866 2433 891 2465 b>
910 2442 958 2459 om.
970 2433 1002 2459 A.
1102 2434 1124 2465 ⁰)
1144 2436 1325 2466 presumautur
1345 2432 1378 2458 A.
1475 2430 1500 2464 d)
1520 2432 1598 2456 vitam
1620 2430 1650 2455 A.
1750 2430 1772 2460 θ)
1790 2428 1848 2453 aliis

202 2477 291 2510 procul
309 2477 386 2502 dubio
405 2476 437 2502 A.
1024 2501 1030 2507 ,

300 2519 340 2545 12.
367 2520 393 2551 a)
411 2519 509 2545 Littera
526 2520 633 2545 initialis
651 2523 740 2545 notata
757 2520 786 2545 in
803 2520 918 2552 maraine
931 2520 963 2545 A.
1052 2519 1076 2551 b)
1094 2528 1141 2545 nos
1160 2519 1192 2551 A,
1207 2519 1238 2544 Ε.
1325 2518 1347 2551 c)
1367 2518 1498 2543 monastiis
1518 2516 1557 2547 A;
1584 2520 1609 2541 et
1627 2516 1790 2541 monasteriis
1811 2514 1843 2539 G.

196 2562 221 2595 d)
241 2564 331 2589 massis
343 2562 376 2589 A.
429 2561 452 2594 e)
470 2571 521 2588 non
534 2562 567 2588 A.
620 2561 639 2594 f)
659 2571 768 2595 oponere
781 2562 814 2588 A.
868 2562 892 2594 Β)
912 2571 955 2595 sep
970 2562 1001 2588 A.
1054 2561 1080 2594 h)
1099 2562 1288 2595 providenciam
1302 2561 1334 2586 A.
1397 2560 1416 2593 i)
1436 2561 1526 2586 confer
1539 2560 1571 2584 A.
1634 2557 1659 2589 k)
1679 2558 1799 2591 porigatis
1814 2557 1848 2582 A.

301 2648 326 2681 1)
345 2647 386 2681 Cf.
399 2655 485 2681 snpra
505 2655 535 2680 p.
550 2651 597 2673 125
621 2655 647 2673 n.
662 2651 710 2674 146
727 2649 751 2673 et
770 2651 824 2679 147,
846 2650 934 2680 12:249
957 2655 985 2673 n.
999 2650 1054 2673 282.
1091 2645 1196 2672 Panlns
1223 2646 1360 2679 episcopus
1388 2644 1454 2671 sedit
1481 2644 1514 2669 ab
1543 2652 1568 2670 ιι.
1585 2651 1605 2670 e.
1622 2646 1674 2669 870
1698 2649 1781 2674 nsque
1812 2641 1848 2667 ad

143 2704 170 2723 40
197 2700 222 2718 a.
233 2691 331 2724 889l90,
344 2691 379 2723 cf.
389 2690 455 2725 Req.
466 2690 539 2722 Jaffe‘
551 2693 626 2717 3455.
696 2690 724 2724 2)
740 2690 780 2722 C'f.
795 2690 919 2723 Greyorii
933 2690 954 2716 Ι.
970 2689 1032 2723 Ray.
1044 2689 1124 2721 VIII,
1138 2692 1174 2720 12,
1188 2688 1256 2715 MG.
1266 2688 1356 2721 Epist.
1368 2688 1406 2719 II,
1419 2691 1448 2714 14
1456 2695 1494 2720 sq.
1563 2686 1590 2719 3)
1607 2686 1647 2717 Cf.
1659 2685 1674 2710 l.
1685 2685 1702 2711 l.
1717 2684 1798 2717 VIII,
1809 2688 1847 2716 27,

199 2742 226 2768 p.
240 2737 280 2761 28.
384 2733 411 2765 4)
430 2733 569 2760 Laudensi
591 2733 719 2767 (‘Lodi⁵),
736 2733 781 2759 cui
801 2732 930 2759 Marinus
949 2733 972 2759 Ι.
991 2741 1016 2758 a.
1030 2735 1081 2759 383
1104 2732 1230 2758 concessit
1252 2731 1427 2764 privileqium,
1452 2731 1487 2763 ef.
1503 2729 1566 2762 Rea.
1581 2727 1654 2759 Jaffe'
1673 2730 1750 2759 3389,
1771 2726 1847 2753 Kehr

201 2779 218 2805 l.
233 2778 250 2804 l.
264 2785 293 2810 p.
306 2779 354 2804 239
375 2784 402 2802 n.
417 2780 437 2803 1.
542 2776 567 2809 5)
587 2776 628 2808 Cf.
642 2776 790 2803 Decretales
809 2775 976 2803 P3.-1sidor.
990 2775 1030 2802 ed.
1044 2775 1196 2801 Hinsehins
1216 2781 1244 2807 p.
1257 2777 1315 2806 503,
1329 2777 1390 2805 676;
1416 2772 1484 2799 MG.
1497 2771 1586 2804 Epist.
1606 2769 1652 2802 VI,
1666 2773 1715 2797 383
1741 2777 1808 2796 ann.
1823 2773 1847 2796 6.

1590 2821 1641 2848 43⁴k
