2189 3042
666 147 845 175 IOHANNIS
864 147 939 174 VIII.
958 147 1076 173 PAPAE
1098 146 1299 174 EPISTOLAE
1321 146 1471 174 301—303.

241 157 260 186 ¹0

264 157 281 186 C}

285 156 304 185 Ν)

348 262 596 288 DILECTISSIMIS
620 261 719 286 FILIIS
742 260 967 285 HLUDOUUICO
986 260 1030 284 ET
1048 260 1289 285 KARLOMANNO
1308 260 1575 285 GLORIOSISSIMIS
1596 260 1785 285 REGIBUS&

348 322 470 353 Audita
493 321 570 362 perb
735 318 953 350 venerabilem
978 318 1164 360 episcopum
1188 318 1358 350 devotione
1383 322 1498 360 vestra,
1523 329 1620 360 quam
1644 320 1727 350 circa
1750 322 1893 351 sanctam

241 374 423 405 Romanam
451 372 620 404 ecclesiam
644 371 765 402 habere
789 373 922 411 totoque
946 370 1114 401 conamine
1139 379 1291 401 exercere
1316 371 1444 411 cupitis,
1472 371 1630 402 maximas
1652 371 1724 403 Deo
1749 374 1781 403 et
1803 372 1895 402 vobis

241 425 361 466 gratias
385 425 519 465 agimus.
566 422 660 454 Unde
688 432 707 453 a
730 425 838 453 nostra
862 424 954 462 parte
978 431 1034 452 vos
1058 424 1162 452 certos
1187 422 1326 452 existere
1350 422 1510 463 volumus,
1535 423 1623 464 quia,
1651 423 1733 454 sicut
1760 423 1895 454 domnus

242 476 398 507 Karolus2
420 475 492 516 dive
514 475 668 514 memorie
685 475 861 515 imperator
877 483 954 504 avus
970 475 1077 504 vester
1093 483 1130 504 ac
1147 473 1352 514 postmodum
1369 474 1495 515 genitor
1509 477 1635 505 vester⁰
1649 474 1894 505 ffludouuieus³
1925 485 1936 504 5

242 538 299 559 rex
323 527 381 558 sub
397 527 597 568 protectione
614 525 760 566 Romane
779 524 914 564 ecclesie
931 527 1104 565 nostraque
1122 524 1300 565 apostolica
1316 525 1471 556 tuitioned
1487 536 1544 557 vos
1560 525 1894 566 commendaverunffl,

242 580 288 610 ita
309 582 452 610 nostrum
476 578 689 619 apostolicum
713 577 865 608 affectum
896 577 980 607 circa
1007 586 1063 606 vos
1090 576 1123 606 in
1150 575 1298 607 omnibus
1329 576 1499 608 ostendere
1527 587 1648 618 vosque
1676 577 1830 608 adiuvare
1858 587 1896 608 ac

242 633 413 671 protegere
443 633 578 671 paterna
603 629 775 660 dilectione
804 631 901 669 atque
930 637 1040 658 amore
1069 637 1197 668 semper
1225 628 1330 668 parati
1359 629 1534 660 existimus.
1580 629 1737 661 Preterea
1767 629 1807 660 de
1835 629 1894 670 his,

243 693 304 723 que
329 693 386 723 per
409 681 596 712 iamdictum
621 681 848 722 coepiscopum
870 679 1064 710 verbotenus
1088 679 1274 719 mandastis,
1298 680 1343 710 ita
1359 679 1449 710 vobis
1472 690 1531 721 per
1548 690 1622 711 eum
1646 680 1738 711 dictis
1761 691 1894 722 respon-

244 734 349 764 dendo
384 733 568 764 direximus.
623 732 707 763 Nam
743 742 797 771 ea,
832 730 912 772 quef
944 733 1052 762 nostro
1089 730 1219 761 consilio
1255 732 1455 772 repperimus
1484 734 1516 763 et
1544 732 1634 763 vobis
1665 731 1895 763 innotescendo
1917 742 1940 761 10

244 784 476 825 mandavimus,
501 784 542 816 ad
566 786 707 815 vestrum
731 783 887 814 honorem
910 782 1054 823 proficua
1077 792 1148 813 esse
1172 783 1356 814 omnimodo
1381 782 1512 814 credite.

1036 938 1108 969 302.

354 1002 511 1034 Iohannes
540 1001 638 1033 VIII.
666 1011 755 1042 papa
785 1001 916 1041 Huyom·
946 1001 1054 1032 abbati
1084 1001 1123 1041 (s.
1149 1000 1304 1033 Germani
1332 1001 1637 1044 Autissiodorensis)
1672 1004 1700 1033 et
1733 1001 1897 1034 Bernazdo

244 1054 461 1095 (Arveruico),
489 1053 636 1091 Guitoui,
665 1053 806 1084 Albuirto
835 1052 998 1084 comitibus
1023 1053 1147 1093 qratias
1174 1053 1240 1093 agyit
1264 1063 1325 1092 pro
1354 1053 1507 1092 fidelitate
1540 1063 1613 1093 crya
1642 1053 1840 1085 Ludovicum
1869 1057 1898 1085 et

249 1105 519 1137 Karolomarmum
542 1115 626 1145 reyes
642 1105 788 1145 probata.
1706 1106 1811 1145 (882.)

361 1172 435 1199 Οοιῖ.;
464 1173 491 1199 R
508 1174 604 1206 f.117‘
623 1180 649 1198 n.
663 1175 720 1199 304.
1916 1178 1941 1198 15

350 1224 437 1251 Eridu
464 1224 561 1250 Editio
575 1224 702 1250 Romanu
716 1224 800 1259 (1591)
820 1224 880 1257 III,
899 1228 947 1251 502
964 1232 992 1250 u.
1005 1227 1052 1250 291
1071 1236 1103 1246 =
1122 1223 1248 1250 Sirmoiul
1269 1223 1349 1250 Cone.
1363 1226 1421 1249 (cut.
1437 1223 1542 1249 Galliac
1560 1223 1617 1256 III,
1631 1227 1678 1250 517
1693 1232 1720 1250 ri.
1737 1227 1772 1250 72.
1804 1224 1900 1250 Mausi

251 1267 326 1294 Cone.
340 1268 398 1294 coll.
420 1267 450 1293 X
456 1267 517 1300 VII7
538 1270 584 1293 213
603 1276 629 1293 n.
644 1270 697 1293 291.
735 1267 827 1301 Missae
845 1267 922 1294 Patr.
936 1267 981 1294 lat.
999 1266 1134 1300 CXXVI,
1154 1270 1203 1294 895
1220 1275 1248 1293 ri.
1262 1270 1318 1293 278.
1338 1281 1369 1285 —-—
1390 1266 1463 1298 Jaffe'
1482 1266 1549 1300 Rey.
1562 1269 1631 1293 3373
1650 1266 1743 1300 (2525).

276 1359 403 1384 UGONIa
420 1359 543 1383 EXIMIO
566 1358 710 1382 ABBAT1⁴
729 1359 791 1382 SEU
813 1359 998 1383 BERNALDO
1020 1358 1163 1383 GUITONI
1185 1358 1230 1382 ΕΤ
1248 1356 1423 1382 ALUUINOb
1442 1358 1619 1383 GLORIOSIS
1642 1358 1870 1383 COMITIBUSc⁵.

354 1418 535 1449 Audientes
569 1417 686 1448 bonam
722 1418 841 1448 famam
874 1418 913 1448 de
941 1418 1046 1459 vobis,
1082 1417 1168 1458 quod
1203 1419 1403 1458 protectores
1437 1416 1625 1448 defensores
1660 1420 1757 1459 atque
1786 1417 1899 1450 fideles

246 1469 452 1501 Hludouuieo
485 1473 517 1500 et
544 1469 758 1501 Carlomanno
788 1469 1085 1500 excellenfissimisd
1117 1469 1261 1510 regibus,
1297 1469 1350 1509 qui
1378 1468 1470 1499 nobis
1499 1480 1518 1500 a
1546 1469 1807 1510 progenitoribus
1836 1470 1900 1500 suis
1919 1478 1945 1497 20

248 1522 411 1553 commissi
435 1524 516 1561 sunt,
541 1522 571 1551 in
589 1520 734 1552 omnibus
752 1520 915 1561 existisse,
941 1522 1060 1562 gratias
1084 1520 1253 1551 referimus
1276 1520 1443 1551 maximas.
1484 1520 1688 1562 Quapropter
1704 1520 1753 1551 his
1769 1523 1899 1562 aposto-

246 1573 316 1604 licis
348 1573 463 1604 nostris
498 1572 613 1603 litteris
644 1572 916 1613 magnificentiam
943 1575 1082 1603 vestram
1112 1571 1344 1612 exhortamurf,
1375 1575 1409 1602 ut
1438 1582 1527 1602 more
1555 1571 1700 1603 fidelium
1729 1575 1898 1613 parentum

247 1627 427 1655 vestrorum
439 1624 543 1664 magis
556 1633 592 1654 ac
609 1623 712 1664 magis
729 1623 813 1654 circa
831 1633 886 1654 eos
902 1626 1041 1654 vestram
1059 1623 1304 1654 sincerissimam
1322 1623 1525 1654 devotionem
1544 1623 1729 1663 ostendatis,
1748 1625 1899 1664 quoniam

249 1678 282 1706 et
305 1685 362 1706 nos
378 1674 449 1706 Deo
474 1675 613 1716 propitio
636 1675 667 1705 in
692 1685 802 1705 eorum
826 1674 984 1705 adiutorio
1008 1674 1173 1706 vobiscum
1197 1675 1318 1715 pariter
1340 1674 1372 1704 in
1397 1673 1544 1705 omnibus
1567 1675 1706 1715 promtig
1722 1675 1898 1715 existimus,

248 1730 283 1757 ut
306 1726 435 1767 dignam
461 1726 577 1757 exinde
602 1737 658 1757 vos
681 1737 700 1757 a
715 1726 786 1757 Deo
812 1728 845 1757 et
867 1736 886 1757 a
910 1725 1012 1767 nobis,
1036 1736 1146 1757 verum
1171 1726 1268 1757 etiam
1286 1728 1318 1757 et
1334 1725 1375 1756 ab
1392 1725 1455 1756 illis
1471 1725 1713 1757 retributionem
1730 1727 1898 1767 percipere
1919 1734 1943 1754 2⁵

249 1788 447 1809 mereamim.

1039 1908 1109 1937 303.

357 1970 514 2002 Ioleauries
530 1970 624 2001 VIII.
642 1980 733 2009 papa
751 1969 902 2002 Otramuo
923 1970 1154 2009 archiepiscopo
1174 1970 1342 2001 Viennensi
1363 1969 1527 2009 praecipit,
1551 1971 1585 2000 ut
1600 1969 1767 2008 Aptadum
1786 1970 1901 2009 episco-

246 2033 325 2061 pum
351 2021 558 2053 Genevensem
581 2022 716 2061 turpiter
739 2022 778 2053 ab
801 2031 834 2053 eo
856 2024 984 2061 captum
1007 2024 1035 2052 et
1060 2022 1093 2051 iu
1116 2021 1291 2053 custodiam
1314 2023 1473 2051 retrusum
1490 2020 1643 2059 propriae
1665 2020 1731 2051 sedi
1753 2020 1903 2052 restituat

250 2076 279 2105 ct
293 2073 427 2104 Romam
450 2073 494 2104 acl
515 2073 669 2113 synodum
691 2073 720 2104 d.
737 2074 788 2104 24.
803 2072 992 2112 Septembris
1015 2072 1228 2104 celebrandam
1251 2072 1364 2103 veniat.
1487 2071 1566 2111 (882
1585 2071 1816 2110 Mat-Iutfi

365 2140 441 2167 Coa.-
471 2140 498 2166 R
516 2141 536 2174 f.
552 2143 598 2166 118
616 2148 643 2166 rt.
656 2143 715 2167 305.
1920 2145 1945 2164 30

354 2191 440 2217 Edas
468 2190 562 2216 Editio
575 2190 702 2217 Romana
715 2190 798 2224 (1591)
819 2189 877 2222 ΙΙΙ,
896 2193 946 2216 503
964 2198 990 2215 ri.
1006 2193 1056 2216 292
1077 2201 1108 2211 =
1127 2189 1252 2215 Sirmond
1274 2189 1350 2216 Cone.
1365 2192 1425 2216 ant.
1438 2189 1544 2216 Galliae
1562 2190 1620 2223 III,
1633 2194 1681 2217 517
1696 2198 1723 2216 ri.
1736 2193 1771 2216 73.
1808 2190 1903 2216 Mansi

254 2234 331 2261 Cone.
345 2234 402 2260 coll.
418 2234 515 2265 XVII,
528 2236 575 2260 213
592 2242 618 2259 ri.
630 2236 686 2259 292.
722 2233 815 2266 Miyne
832 2234 907 2259 Patr.
921 2233 966 2259 lat.
981 2232 1067 2258 CXX
1073 2233 1117 2265 VI,
1138 2236 1189 2259 952
1206 2241 1233 2259 u.
1245 2236 1298 2259 357.
1319 2247 1349 2251 -
1369 2232 1447 2264 Jaffe
1466 2233 1530 2267 Rey.
1545 2235 1613 2259 3374
1631 2233 1729 2267 (2604).

356 2338 414 2363 301.
443 2338 466 2371 a)
486 2338 617 2370 inscriptio
635 2338 699 2363 sicut
716 2338 743 2362 in
761 2346 786 2363 π.
801 2340 850 2363 295
868 2338 963 2370 scripta
982 2342 1016 2362 est
1034 2338 1066 2363 R.
1142 2337 1165 2370 b)
1185 2338 1295 2370 spatium
1314 2339 1431 2363 relictum
1449 2339 1475 2363 in
1489 2338 1514 2362 R
1528 2347 1579 2370 pro
1598 2338 1689 2362 omisso
1707 2337 1818 2368 nomine,
1835 2338 1904 2369 quoa

253 2386 297 2406 aut
315 2382 342 2406 in
360 2382 458 2406 minuta
471 2382 559 2406 deerat
576 2386 621 2406 aut
639 2390 656 2405 a
673 2381 796 2413 scriptore
814 2381 862 2413 1292·
880 2390 932 2406 nori
945 2382 1036 2413 potuit,
1055 2382 1089 2414 cf.
1104 2380 1162 2406 NA.
1177 2381 1310 2413 XXXVI,
1323 2384 1370 2406 116
1388 2386 1474 2407 annot.
1485 2385 1509 2407 4.
1581 2381 1603 2413 c)
1622 2382 1653 2406 ffr
1670 2380 1703 2406 B.
1775 2379 1800 2412 d)
1818 2381 1904 2406 tuitio-

252 2425 279 2450 in
297 2433 350 2449 ras.
363 2424 391 2449 in
409 2433 489 2456 rizarq.
504 2425 539 2450 at.
552 2433 620 2449 man.
640 2424 672 2449 R.
760 2422 782 2455 e)
801 2427 876 2449 -runt
895 2424 921 2448 in
939 2432 992 2449 ras.
1006 2425 1041 2449 al.
1055 2433 1123 2449 man.
1143 2424 1174 2449 R.
1262 2423 1282 2455 f)
1301 2433 1368 2450 corr.
1383 2433 1413 2450 ex
1431 2433 1486 2456 eaq;
1505 2424 1537 2449 R.
1922 2436 1947 2455 35

356 2474 415 2501 302.
443 2476 465 2506 a)
486 2483 546 2500 -0N1
564 2476 591 2500 in
610 2484 663 2500 ras.
682 2475 714 2499 R.
815 2473 840 2505 b)
860 2476 894 2500 ali
910 2474 914 2507 Ι
931 2476 976 2500 uni
995 2484 1062 2500 corr.
1077 2484 1107 2501 ecc
1125 2476 1168 2501 alii
1185 2475 1188 2508 Ι
1205 2477 1260 2501 iuni
1278 2476 1309 2500 R.
1414 2476 1437 2507 c)
1456 2476 1519 2501 Ιιαεε
1537 2475 1668 2507 inscriptio
1687 2475 1751 2500 sicut
1768 2475 1796 2499 in
1813 2483 1839 2500 u.
1853 2476 1903 2499 295

253 2519 349 2550 scripta
367 2523 409 2543 est.
498 2517 522 2549 d)
544 2519 605 2543 -mis
625 2527 691 2543 corr.
705 2527 735 2543 ex
754 2526 825 2542 ·mus
843 2518 875 2543 R.
964 2518 987 2549 e)
1000 2519 1117 2550 primum
1136 2520 1144 2543 i
1163 2519 1224 2545 ada.
1243 2527 1324 2551 supra
1343 2518 1438 2543 lineam
1457 2518 1488 2544 R.
1571 2517 1590 2549 s)
1610 2526 1676 2542 corr.
1689 2525 1720 2542 ex
1738 2517 1903 2542 exhortemus

254 2562 289 2586 at.
302 2570 371 2586 mart.
390 2561 422 2586 R.
510 2560 534 2592 Β)
555 2562 650 2597 spromti
669 2561 701 2587 R.

358 2629 382 2661 1)
405 2628 445 2660 Cf.
464 2637 491 2655 ri.
504 2632 560 2655 268.
641 2629 668 2661 2)
688 2629 725 2655 ΙΙ.
749 2628 852 2655 Calmes.
931 2629 956 2661 3)
976 2629 1018 2655 ΙΙ.
1039 2629 1153 2655 Balbus.
1238 2629 1265 2661 4)
1285 2629 1310 2655 S.
1327 2629 1457 2655 Germani
1472 2627 1722 2659 Autissiodorensis,
1739 2629 1774 2660 ef.
1786 2635 1834 2652 rm.
1847 2630 1905 2659 105,

255 2675 309 2704 219,
328 2675 389 2704 220,
407 2675 463 2698 268.
553 2672 578 2704 5)
598 2671 759 2698 Ber-riardus
776 2679 858 2697 comes
871 2672 1032 2697 Arrerrzicus
1049 2671 1096 2705 (cf.
1115 2672 1193 2698 etiam
1211 2672 1312 2706 u.140)
1330 2674 1353 2698 et
1372 2671 1509 2697 Albuiuus
1528 2678 1612 2697 comes
1629 2678 1688 2696 um
1705 2677 1764 2696 cum
1782 2669 1902 2703 Huyorze
1920 2675 1947 2694 40

255 2715 347 2741 abbate
369 2715 399 2740 in
419 2715 562 2741 Hiucmari
580 2714 654 2741 Arm.
672 2714 709 2740 acl
727 2723 752 2741 a.
767 2717 817 2741 379
835 2714 886 2747 (ed.
903 2714 990 2740 Waitz
1008 2714 1109 2747 12147)
1129 2714 1288 2741 laudantur.
1323 2714 1366 2740 De
1390 2714 1505 2740 Gaitone
1526 2713 1595 2739 nihil
1614 2715 1724 2739 constat.
1813 2712 1839 2744 6)
1858 2711 1901 2737 De

255 2760 369 2790 tempore
387 2757 469 2784 huius
486 2757 609 2790 epistolae
626 2760 660 2791 cf.
680 2757 742 2784 NA.
764 2757 908 2789 XXXVI,
926 2761 974 2783 156
991 2760 1082 2784 annot.
1098 2761 1121 2784 3.
