2189 3042
175 1819 204 1838 et.
218 1817 254 1838 ΡΞ.
265 1819 298 1841 2²7,
308 1820 326 1837 6.

337 220 373 246 94
764 208 941 237 IOHANNIS
960 208 1035 234 VIll.
1054 206 1173 234 PAPAE
1195 205 1394 233 EPISTOLAE
1417 206 1474 233 100.
1495 206 1552 233 101.

337 301 477 341 aliquam
509 298 677 329 ecclesiam
709 295 903 337 aliquodque
932 295 1160 326 monasterium
1191 293 1242 325 vel
1272 293 1384 334 predia
1414 293 1475 334 ipsi
1505 303 1633 334 quoquo
1663 293 1759 324 modo
1790 294 1983 334 pertinentia

337 351 488 382 invadere
512 354 692 391 presumat²¹
716 348 863 388 ullosque
887 346 1037 378 colonosb
1054 355 1163 377 servos
1186 345 1376 385 ancillasvee
1398 347 1509 376 contra
1532 345 1579 375 sui
1604 345 1747 386 episcopi
1762 345 1846 376 velle
1870 345 1983 377 tollere

337 402 464 433 audeat.
515 400 579 431 Sed
608 401 703 431 liceat
730 399 828 440 ipsius
856 398 991 438 ecclesie
1021 397 1180 438 Hegfrido
1208 396 1360 428 videlicet
1387 397 1559 437 episcopo¹
1592 397 1720 438 suisque
1749 397 1984 428 suecessoribus

336 454 404 493 illu,
429 464 489 494 quq
514 453 561 483 sui
585 455 805 483 antecessores
828 450 972 491 legitimo
1002 449 1130 480 tramite
1161 449 1311 489 canonice
1335 448 1534 479 auctoritatis
1560 447 1756 488 habuerunt,
1786 448 1844 479 sub
1875 452 1983 480 nostra

336 506 469 536 tuitione
494 503 614 534 habere
639 506 684 542 et,
709 505 744 533 ut
767 501 982 542 possiderunt,
1007 500 1173 542 possidere
1198 503 1244 540 et,
1267 503 1302 531 ut
1330 500 1570 540 ordinaverunt,
1599 510 1655 531 suo
1680 499 1811 531 arbitrio
1836 500 1984 532 ordinare

337 568 405 588 cum
438 555 579 587 consulto
608 564 827 594 consensuque
856 564 911 594 sue
941 553 1075 593 ecclesie
1104 553 1343 591 canonicorum,
1373 555 1408 582 ut
1439 551 1543 592 prisea
1575 551 1770 582 consuetudo
1800 551 1983 592 dinoscitur,

337 610 404 639 sine
433 610 539 638 vestro
567 609 810 647 vestrorumque
842 605 1007 636 obstaculo
1039 605 1179 635 omnium
1208 604 1361 635 haetenus
1390 604 1466 634 talia
1495 604 1756 644 presumeutium.
1808 603 1897 635 Inter
1923 604 1984 644 hee

337 659 484 689 volumus
513 666 673 698 quasquas
703 666 815 687 causas
845 655 989 697 predicto
1018 654 1173 696 ngridod
1202 655 1353 695 episcopo
1381 654 1552 685 undeunde
1583 654 1735 685 iniectasc
1762 654 1885 686 nostres
1909 666 1982 696 pre-

338 709 454 741 sentief
483 707 698 739 adducendas.
753 707 786 738 Si
818 708 887 748 quis
917 717 992 738 vero
1023 706 1225 738 sacerdotum
1255 706 1395 737 iudicum
1426 709 1523 747 atque
1554 706 1744 737 secularium
1774 716 1984 747 personarum

336 762 418 792 hanc
442 759 674 791 constitutionis
697 762 803 799 nostre
827 760 978 800 paginam
1002 768 1180 799 agnoscens
1203 760 1314 789 eontra
1337 768 1408 789 eam
1425 758 1533 788 venire
1557 757 1773 797 temptaverit,
1797 759 1986 798 potestatisg

337 811 525 851 honorisveh
549 811 704 852 dignItate
728 821 896 851 percussus
920 810 1097 850 apostolico
1122 809 1328 840 anathemate
1353 812 1462 840 careat
1490 818 1645 849 reumque
1676 818 1710 839 se
1738 808 1843 840 divino
1868 809 1985 841 iudicio

338 865 476 896 existere
501 863 540 893 de
564 865 749 904 perpetrata
772 862 938 903 iniquitate
962 865 1135 903 cognoscat
1160 864 1201 902 et,
1225 861 1283 891 nisi
1300 861 1351 891 vel
1373 871 1421 901 ea,
1443 859 1519 901 quei
1535 860 1575 891 ab
1596 860 1651 891 illo
1676 862 1749 890 sunt
1768 860 1853 891 male
1877 860 1987 892 ablata

338 914 531 947 restitueritk
548 915 599 945 vel
623 917 807 955 presumpta
831 914 1006 944 correxerit
1027 913 1077 944 vel
1101 912 1198 954 digna
1222 912 1398 953 penitentia
1421 911 1531 943 illicita
1554 915 1626 943 acta
1642 911 1819 951 defleverit,
1843 922 1862 942 a
1879 922 1984 943 sacra-

338 968 459 998 tissimo
483 976 616 1007 corpore
632 965 693 997 Dei
718 965 837 996 domiui
860 976 897 996 ae
920 964 1134 1005 redemptoris
1150 964 1250 995 nostri
1266 963 1341 994 Iesu
1359 963 1476 994 Christi
1493 963 1616 994 alienus
1631 963 1696 994 fiat.
1733 963 1862 995 Cunctis
1878 966 1986 995 autem

340 1019 444 1050 eidem
472 1018 595 1059 prefate
621 1017 754 1057 ecclesie
777 1017 859 1048 iura¹
883 1016 1084 1048 servantibus
1108 1016 1148 1047 sit
1170 1026 1235 1057 pax
1259 1015 1378 1046 domini
1402 1016 1500 1046 nostri
1523 1015 1597 1046 Iesu
1621 1015 1752 1056 Christi,
1782 1016 1931 1056 quatinus
1955 1018 1987 1046 et

339 1071 389 1101 hic
411 1070 545 1101 fructum
563 1069 646 1100 bone
670 1069 864 1109 operationis
886 1068 1080 1109 recipiantm,
1105 1071 1137 1098 et
1161 1067 1246 1108 apud
1270 1077 1427 1098 summum
1452 1066 1604 1097 arbitrem
1628 1067 1751 1107 premia
1775 1070 1882 1107 eterne
1899 1067 1988 1108 pacis

338 1122 510 1153 inveniant.

443 1175 536 1198 DATA
556 1175 600 1198 III.
620 1173 803 1197 KALENDAS
826 1172 1046 1203 SEPTEMBRIS,
1070 1171 1272 1196 INDICTIONE
1290 1171 1342 1202 XL,
1366 1171 1412 1195 DE
1434 1171 1564 1195 TRECAS
1587 1171 1729 1195 CIVITAS.

1131 1310 1199 1338 101.

449 1365 646 1396 Hincmarus
668 1364 825 1404 quondam
848 1363 1072 1395 Lamlmzensis
1094 1364 1254 1402 episcopus
1277 1363 1311 1393 in
1334 1362 1450 1403 synodo
1468 1362 1611 1393 Trecensc’
1633 1362 1677 1393 ad
1698 1362 1872 1394 Iohannem
1893 1362 1986 1394 VIII.

335 1427 456 1457 papam
473 1416 703 1449 reclamationis
725 1416 877 1455 seriptum
893 1416 1009 1455 (liriyit,
1033 1416 1068 1446 rm
1087 1425 1146 1454 quo
1170 1415 1206 1445 (Ze
1229 1414 1418 1453 depositione
1440 1424 1500 1445 sua
1524 1412 1664 1445 Daciam·
1686 1414 1730 1453 (a.
1748 1415 1826 1455 871)
1849 1414 1937 1453 βαθέα
1959 1416 1988 1445 et

342 1469 483 1500 custodia
500 1479 560 1507 per
583 1468 660 1499 duos
682 1477 783 1498 (waizos
799 1470 966 1506 protracta
988 1467 1063 1506 assit.
1537 1465 1677 1505 (Trecis)
1701 1466 1763 1496 878
1787 1465 1902 1506 (Any.)

457 1531 530 1558 CocL:
559 1531 585 1557 R
602 1533 622 1564 f.
636 1532 680 1557 49¹
699 1539 726 1557 η.
741 1534 780 1557 99.

446 1578 527 1604 Ε(ῖιῖ.;
555 1577 649 1603 Editio
668 1577 793 1604 Romana
812 1578 900 1611 (1591)
920 1577 980 1609 III,
1000 1580 1050 1603 330
1067 1585 1088 1603 s.
1101 1585 1127 1603 n.
1167 1576 1292 1602 sirmond
1313 1576 1390 1602 Cone.
1411 1579 1465 1602 ant.
1484 1576 1589 1602 Galliae
1608 1576 1671 1608 111,
1691 1580 1742 1602 482
1764 1577 1793 1601 in
1812 1577 1876 1603 actis
1894 1577 1990 1611 synodi

346 1621 477 1648 Treccnsis
496 1630 522 1647 n.
536 1626 550 1647 9
569 1632 600 1642 =
620 1620 715 1646 Mami
735 1620 811 1647 Cone.
824 1621 879 1646 coll.
894 1620 992 1651 XVH,
1012 1623 1059 1646 352
1077 1628 1103 1645 oz.
1120 1624 1134 1645 9
1153 1620 1198 1652 (ef.
1215 1628 1243 1653 p.
1260 1620 1313 1652 90).
1349 1619 1441 1652 Miyne
1459 1619 1535 1646 Patr.
1549 1620 1595 1646 lat.
1612 1618 1747 1651 CXXIV,
1766 1624 1839 1646 1071.

342 1700 563 1725 RECLAMATIO
582 1700 625 1723 ET
644 1698 887 1723 PROCLAMATIO
907 1699 1089 1729 IIINCMARI,
1110 1698 1168 1729 QUI
1190 1698 1334 1723 CONDAM
1356 1698 1540 1722 PREERAMa
1559 1698 1721 1735 ECCLESII}
1745 1699 1988 1723 LAUDUNENSI2.

449 1754 575 1785 Domne
604 1758 636 1784 et
663 1764 786 1784 summe
810 1756 901 1794 pater
924 1756 1050 1793 patrum
1075 1756 1106 1784 et
1129 1755 1235 1783 rector
1258 1752 1457 1793 pontificum,
1486 1752 1637 1784 Iohannis
1661 1753 1788 1784 nomine
1813 1756 1845 1784 et
1868 1753 1989 1784 meritis

344 1810 469 1845 vocate,
494 1805 568 1836 audi
591 1815 703 1836 vocem
726 1805 985 1846 proclamationis
1008 1814 1079 1844 mee
1105 1807 1136 1835 et
1159 1804 1276 1835 exaudi
1300 1814 1412 1835 vocem
1437 1803 1671 1844 deprecationis
1693 1814 1779 1844 mee,
1804 1814 1990 1845 eompassus

343 1867 437 1888 cause
462 1857 653 1887 calamitatis
675 1867 756 1896 mee.
796 1857 826 1886 A
842 1856 1015 1887 Remorum
1040 1855 1303 1896 archiepiscop0³
1327 1855 1368 1886 ad
1391 1855 1548 1895 synodum
1572 1865 1641 1885 sum
1658 1859 1789 1886 vocatus
1812 1855 1854 1886 ad
1869 1855 1989 1886 Dueia-

344 1919 414 1940 cum
431 1908 539 1939 villam
548 1908 570 1947 4,
595 1919 690 1949 quam
714 1908 877 1938 constituit
900 1907 1082 1938 ebdomada
1101 1907 1203 1947 prima
1226 1907 1344 1937 mensis
1360 1906 1497 1947 Augusti
1508 1908 1528 1946 ⁵,
1554 1909 1586 1937 et
1608 1907 1731 1937 monuit
1754 1917 1805 1938 me
1830 1906 1870 1937 de
1895 1907 1991 1937 certis

344 1960 447 1991 causis
469 1963 616 2000 paratum
641 1969 711 1990 esse
728 1959 857 1999 ibidem,
882 1962 917 1989 ut
933 1958 1172 2000 responderem.
1208 1958 1260 1989 Ad
1277 1969 1372 1999 quam
1390 1968 1461 1989 cum
1479 1958 1690 1997 festinassem,
1714 1958 1867 1989 violentia
1883 1958 1991 1989 hostili

344 2012 373 2042 in
402 2011 510 2042 medio
540 2011 652 2041 itinere
678 2013 866 2051 segregatus
893 2021 962 2041 sum
986 2010 1026 2040 ab
1050 2010 1161 2040 ovibus
1189 2010 1282 2049 meis,
1312 2010 1454 2050 privatus
1484 2019 1553 2040 sum
1583 2012 1615 2040 et
1645 2009 1821 2050 spoliatusb
1845 2009 1991 2040 omnibus

344 2062 458 2094 rebusb
482 2062 571 2101 meis,
595 2062 767 2103 perductus
790 2072 860 2092 sum
884 2061 924 2092 ab
949 2061 1069 2093 eisdem
1093 2061 1238 2092 hostibus
1260 2071 1362 2102 usque
1386 2061 1427 2092 ad
1451 2061 1609 2101 prefatam
1633 2060 1751 2091 villam.
1786 2061 1824 2091 In
1840 2071 1903 2102 qua
1920 2071 1991 2091 cum

345 2114 562 2152 consisterem,
586 2114 649 2144 iam
672 2113 778 2144 stabat
801 2123 859 2144 rex
875 2113 1033 2144 Karolus⁶
1049 2116 1122 2144 ante
1142 2114 1245 2153 ipsum
1269 2112 1543 2153 arehiepiscopum
1567 2122 1685 2153 meum,
1709 2115 1821 2143 tenens
1844 2112 1875 2142 in
1895 2122 1992 2143 manu

345 2166 546 2206 scripturam,
578 2168 729 2205 reputans
756 2175 808 2196 me
838 2175 907 2196 esse
935 2165 1111 2205 periurum,
1141 2165 1215 2205 quia
1240 2163 1376 2195 Romam
1405 2164 1472 2195 sine
1500 2174 1558 2194 sua
1581 2163 1745 2195 voluntate
1773 2164 1927 2205 miserim,
1961 2167 1993 2195 et

345 2217 514 2258 imputans,
539 2216 624 2256 quod
648 2227 719 2247 eum
744 2216 968 2247 accusaverim.
1011 2216 1064 2246 Ad
1088 2221 1167 2257 quee
1190 2216 1275 2247 idem
1299 2215 1577 2256 archiepiscopusd
1599 2226 1650 2246 me
1674 2215 1869 2256 respondere
1892 2217 1991 2246 iussit.

347 2267 405 2299 Cui
430 2278 490 2309 ego
514 2267 677 2308 respondi:
709 2278 765 2308 pro
789 2267 853 2307 his,
881 2267 921 2298 de
946 2267 1060 2308 quibus
1083 2277 1134 2298 me
1158 2267 1369 2298 admonuerat
1396 2267 1427 2297 in
1452 2266 1565 2297 eadem
1594 2266 1716 2307 synodo
1741 2277 1811 2298 esse
1835 2270 1992 2307 paratum,

449 2368 472 2398 a)
496 2374 542 2398 pre
567 2370 677 2391 summat
701 2366 732 2391 12¹.
838 2365 863 2397 b)
887 2366 991 2398 ulloque
1015 2367 1121 2391 colonus
1143 2366 1173 2390 B.
1281 2365 1303 2399 ⁰)
1327 2375 1394 2391 corr.
1413 2375 1444 2391 ex
1469 2367 1566 2391 ancilla
1591 2373 1638 2397 sue
1661 2365 1693 2390 R.
1800 2364 1825 2397 d)
1849 2366 1937 2390 eifrido
1961 2365 1993 2391 R.

347 2409 369 2441 e)
388 2410 482 2434 inestas
501 2409 532 2434 R.
632 2407 652 2441 f)
670 2413 755 2433 nostra
776 2409 904 2441 presentia
923 2408 954 2433 R.
1055 2407 1079 2440 8)
1099 2413 1209 2441 potestas
1228 2409 1259 2433 R.
1359 2408 1384 2441 ¹¹)
1403 2409 1494 2434 honori
1513 2416 1559 2440 sue
1578 2409 1610 2434 R.
1715 2408 1732 2441 ¹')
1751 2417 1818 2434 corr.
1832 2417 1863 2434 ex
1881 2417 1940 2441 eaq3
1961 2408 1994 2433 R.

346 2451 372 2484 k)
391 2452 431 2477 -ti-
450 2460 516 2477 corr.
530 2460 560 2476 ex
578 2460 595 2476 u
614 2451 646 2476 R.
736 2450 755 2483 1)
775 2451 843 2476 iusta
861 2451 892 2476 R.
980 2451 1012 2483 m)
1032 2452 1138 2484 recipiat
1156 2451 1186 2476 R.

451 2502 508 2528 101.
537 2502 560 2534 a)
579 2510 613 2527 —M
633 2511 698 2527 corr.
718 2503 744 2527 in
766 2508 776 2528 t
799 2504 834 2527 al.
852 2511 920 2528 man.
940 2502 971 2527 R.
1068 2502 1093 2535 b)
1110 2503 1289 2528 -tus—rebu-
1310 2504 1336 2528 ἰη
1355 2512 1407 2529 ras.
1426 2503 1459 2529 R.
1555 2503 1578 2535 c)
1597 2503 1627 2528 -d
1645 2510 1696 2536 que
1714 2503 1741 2527 in
1759 2511 1812 2528 ras.
1825 2503 1860 2528 al.
1874 2511 1942 2527 man.
1961 2502 1993 2527 R.

348 2545 371 2577 d)
391 2554 454 2579 -pus
473 2554 538 2571 corr.
552 2554 581 2571 ex
600 2554 676 2578 -pum
695 2547 728 2571 (ιί.
743 2555 811 2571 man.
830 2546 861 2570 R.

453 2614 477 2646 1)
498 2612 539 2644 Cf.
558 2621 585 2640 n.
599 2617 641 2646 93,
661 2621 688 2646 p.
702 2618 735 2639 158
754 2615 845 2638 cwnot.
857 2615 880 2638 3.
985 2614 1010 2645 2)
1031 2613 1119 2639 Hodie
1135 2613 1245 2639 ‘Laon'.
1283 2613 1461 2645 Hincnmras,
1485 2613 1559 2645 filins
1576 2613 1675 2639 sorort's
1694 2612 1839 2638 Hincmarz'
1858 2612 1996 2639 Remensis

348 2656 547 2689 archiepiscopi,
567 2665 591 2682 α.
607 2660 656 2683 858
675 2656 810 2689 episcopus
827 2655 925 2687 factus,
945 2656 975 2681 in
993 2656 1092 2689 synodo
1110 2656 1187 2689 apud
1203 2656 1356 2682 Duciacum
1375 2665 1399 2683 a.
1413 2660 1460 2683 871
1477 2656 1570 2682 habita
1589 2656 1620 2682 ob
1638 2655 1804 2685 manifestam
1818 2655 1996 2689 proditionem

349 2699 482 2733 depositus
504 2701 567 2725 erat.
604 2699 648 2724 De
672 2707 735 2724 vera
757 2706 856 2724 causae
878 2698 935 2724 eins
956 2699 1073 2730 ratione,
1098 2707 1178 2731 qnam
1203 2699 1233 2724 rin
1255 2702 1345 2725 ‘nostro
1369 2699 1453 2725 libello
1472 2699 1509 2724 acl
1527 2707 1606 2725 saum
1627 2699 1745 2731 favorem
1762 2700 1857 2724 vertere
1875 2700 1995 2729 conatur,

348 2743 382 2774 cf.
406 2742 542 2768 Dz'tmmler
570 2742 586 2769 Z.
604 2742 620 2768 Ζ.
640 2742 695 2775 11²,
715 2744 763 2768 323
771 2749 821 2775 sq,
850 2741 881 2767 cle
906 2749 1024 2767 successa
1050 2742 1129 2767 huius
1152 2742 1369 2775 proclamationis
1393 2742 1428 2774 cf.
1453 2741 1515 2768 ibid.
1539 2740 1612 2773 111²,
1628 2745 1667 2768 87.
1708 2741 1748 2772 Cf.
1777 2741 1855 2767 etiam
1884 2740 1995 2766 Sem-ors

346 2785 494 2811 ιΗίηΙεηιαν
512 2793 563 2811 von
583 2784 690 2811 Rlzeims
709 2783 856 2817 (Freiburg)
872 2784 890 2810 i.
905 2783 946 2809 B?
965 2784 1040 2817 1884)
1059 2793 1088 2817 p.
1102 2788 1160 2811 424.
1257 2785 1283 2812 33
1303 2785 1464 2818 Hinemaro,
1490 2787 1624 2812 845—82.
1723 2785 1749 2816 4)
1768 2783 1855 2810 Hodie
1873 2782 1994 2816 ‘Dousy’

349 2836 430 2861 prope
451 2827 592 2854 Sabutum.
680 2828 706 2859 5)
726 2828 759 2853 Α.
779 2830 833 2853 871.
921 2827 947 2859 6)
967 2826 1068 2852 Can-us.

2004 765 2029 784 10

2007 1023 2030 1041 15

2006 1424 2031 1444 20

2008 1704 2031 1722 25

2010 1968 2035 1987 30

2013 2224 2037 2244 35

2012 2507 2038 2526 40

2013 2748 2037 2766 45
