2189 3042
680 105 858 132 IOHANNIS
876 105 950 132 VIII.
971 104 1089 130 PAPAE
1113 103 1310 130 EPISTOLAE
1335 104 1374 130 12.
1395 103 1434 130 13.
1842 107 1877 136 11

1036 193 1085 222 12.

342 244 501 275 Iohannes
521 243 618 275 VIII.
638 253 727 283 papa
751 242 882 281 (Karoh'
908 241 1009 282 Calvi)
1033 241 1232 281 imperatoris
1254 244 1283 272 et
1306 241 1504 282 (Richz‘lclae)
1528 241 1739 280 imperatricis
1761 242 1882 273 miseri-

233 295 374 326 cordiam
397 294 545 334 implorat
570 305 630 334 pro
654 293 847 333 Madelyer‹io
874 294 1023 333 quodam,
1053 294 1109 333 qui
1135 292 1312 324 Oclelricum
1341 293 1498 332 quendam
1514 296 1691 332 peremerat
1719 296 1747 324 et
1770 293 1884 325 limina

234 346 445 385 apostolorum
466 346 631 389 poenitens
653 345 786 376 adierat.
1611 346 1675 375 &76
1697 344 1796 385 (Oct.)

351 405 426 432 Cod.:
455 405 481 431 R
499 408 519 438 f.
534 406 561 431 5⁴
580 408 659 431 rz.12.

205 459 216 476 5
339 448 428 474 Ede:
454 448 549 474 Editio
569 448 694 474 Romana
712 448 797 481 (1591)
817 447 874 480 III,
894 450 943 473 296
961 456 987 474 π,
1002 451 1031 472 12
1051 459 1082 469 =
1102 447 1228 473 Sirmond
1250 447 1327 472 Cone.
1340 449 1395 473 αηΐ.
1414 446 1518 472 Galliae
1537 447 1593 479 III,
1613 451 1661 473 450
1680 456 1706 474 n.
1720 451 1756 474 13.
1788 448 1884 473 ΙΙΙαπεί

240 490 317 517 Cone.
330 491 386 517 coll.
408 491 510 523 XVII,
530 495 560 517 12
577 495 656 517 n.12.
696 491 788 523 Miqne.
807 490 884 516 Patr.
900 490 945 516 lat.
961 490 1100 523 CXXVI,
1122 494 1169 516 692
1187 498 1214 516 n.
1230 493 1271 515 39.
1291 505 1323 508 —
1342 489 1414 521 Jaffe'
1434 489 1494 522 Rey.
1508 493 1574 515 3057
1590 490 1686 523 (2:³36).

489 570 673 601 (IOHANNES
692 567 907 600 EPISCOPUSV·
927 569 974 592 AD
997 569 1265 593 IMPERATOREMa
1283 569 1327 592 ET
1350 569 1609 593 IMPERATRICEM
1618 568 1635 593 ¹.

344 620 429 651 Dum
446 631 508 651 non
524 621 627 650 minus
644 630 701 660 pro
718 619 934 658 misericordie
955 619 1071 649 intuitu
1088 618 1356 658 delinquentibus,
1382 618 1612 660 [satisfactione
1621 619 1680 658 (2²)b
1696 618 1883 661 aliqua(?)¹³]

237 675 371 713 accepta
396 671 577 711 dumtaxat,
607 671 766 711 exhibito,
791 681 887 711 quam
910 670 1018 701 iudicii
1042 670 1213 701 severitate
1237 670 1268 700 in
1291 670 1455 710 improbos
1480 670 1660 701 exercenda
1684 671 1884 711 omnipotens

195 734 218 753 10
236 723 326 754 Deus
349 724 484 765 gloriam
514 723 694 754 serenitatis
723 726 828 762 vestre
860 722 1019 762 imperiali
1048 722 1184 752 voluerit
1215 721 1386 752 sublimare
1418 721 1549 762 decore,
1580 721 1710 762 dignum
1740 722 1884 762 profecto

238 785 308 806 esse
343 775 405 805 rati
437 785 559 813 sumus,
597 774 748 814 pastorali
781 783 856 804 cura
889 773 1072 814 fungentes,
1107 772 1192 813 apud
1222 773 1399 803 maiestatis
1431 776 1536 812 vestre
1567 773 1791 803 excellentiam
1826 783 1883 814 pro

237 826 410 857 multorum
438 825 540 856 salute
565 826 615 856 vel
638 826 702 865 vite
730 825 928 866 indulgentia
957 827 990 855 et
1019 825 1171 865 precipue
1199 823 1341 861 illorum,
1373 824 1426 864 qui
1457 824 1614 854 diabolico
1638 824 1714 855 ficet
1736 824 1886 854 instinctu

237 877 377 908 nefanda
407 878 656 917 committentes,
691 877 732 907 ad
762 877 980 918 apostolorum
1006 876 1184 917 principum
1207 875 1296 906 Petri
1328 885 1365 906 ac
1393 875 1487 905 Pauli
1520 875 1680 906 fautorum
1708 879 1885 906 vestrorum

236 929 347 960 limina
378 929 484 960 divina
513 932 620 960 tamen
651 929 771 969 pietate
802 928 951 959 commoti
980 928 1089 958 venire
1121 927 1272 958 festinant
1302 930 1334 957 et
1363 927 1615 957 misericordiam
1646 926 1758 957 humili
1789 937 1885 967 prece

194 991 218 1009 15
236 980 423 1021 implorant,
456 983 523 1011 toto
559 981 675 1011 mentis
709 980 821 1011 annisu
848 978 1066 1010 intercederec
1094 981 1191 1019 atque
1222 988 1280 1019 pro
1310 978 1428 1008 viribus
1458 978 1683 1009 consolationis
1713 988 1824 1019 opem,
1855 979 1886 1009 in

238 1036 392 1072 quantum
416 1032 464 1063 fas
488 1035 545 1069 est,
569 1031 753 1073 petentibus
777 1031 933 1072 impertiri
953 1031 1137 1061 clementer.
1174 1029 1269 1060 Unde
1292 1040 1350 1070 pro
1374 1029 1466 1060 huius
1489 1030 1557 1069 viri,
1581 1029 1774 1070 Madelgerii
1796 1029 1886 1060 vide-

237 1082 313 1114 licet
335 1084 496 1123 nomine2,
521 1083 574 1124 qui
598 1083 780 1114 adversario
804 1083 955 1113 incitante
984 1082 1144 1123 quendam
1167 1079 1331 1112 hominem
1349 1081 1533 1112 Odelricum
1560 1080 1715 1111 vocabulo
1740 1082 1886 1121 peremit,

239 1134 356 1174 salute,
387 1135 603 1166 membrorum
632 1135 771 1165 omnium
802 1134 986 1175 integritate
1016 1136 1048 1164 et
1075 1143 1181 1163 rerum
1212 1143 1339 1163 suarum
1364 1134 1565 1163 restitutione
1597 1133 1758 1163 maiestati
1784 1136 1886 1173 vestre

239 1187 466 1227 suggessimus,
489 1186 626 1217 filiorum
643 1186 815 1226 carissime,
840 1185 893 1216 etd
916 1195 972 1226 pro
997 1195 1106 1215 amore
1123 1184 1186 1215 Dei
1214 1187 1246 1214 et
1269 1184 1391 1215 domini
1414 1185 1513 1215 nostri
1529 1184 1603 1215 Iesu
1621 1183 1738 1214 Christi
1762 1187 1887 1215 sancto-

195 1252 220 1270 20
239 1248 372 1279 rumque
397 1238 624 1279 apostolorum,
650 1242 801 1278 quorume
824 1237 934 1267 limina
958 1236 1102 1277 prefatus
1125 1235 1340 1276 Modelgerisf
1361 1235 1449 1275 adiit,
1478 1238 1651 1276 nostreque
1676 1236 1886 1276 patei-nitatiS‚

241 1300 337 1330 quam
361 1290 605 1320 sincerissimam
630 1299 707 1330 erga
730 1299 787 1319 nos
811 1287 952 1327 habetis,
983 1287 1154 1318 dilectione
1178 1292 1376 1327 precamurg,
1405 1290 1561 1327 quatenus
1587 1287 1725 1327 gratiam
1748 1290 1887 1318 vestram

241 1341 418 1382 plenariam
442 1341 471 1372 ei
494 1340 631 1371 reddere
654 1351 717 1370 non
741 1339 974 1380 dedignemini,
1008 1349 1111 1379 eoque
1143 1348 1212 1368 cum
1237 1341 1342 1378 vestre
1367 1339 1548 1369 serenitatis
1571 1341 1721 1378 respectu
1744 1341 1887 1379 accepto,

241 1403 298 1433 pro
323 1393 385 1423 suis
408 1392 514 1423 valeat
538 1391 722 1423 excessibus
745 1391 955 1432 penitentiam
978 1390 1174 1421 fructuosam
1197 1391 1354 1430 accipere,
1379 1400 1442 1431 qua
1466 1390 1626 1420 commissi
1649 1390 1749 1430 possit
1771 1389 1889 1431 piaculi

240 1444 353 1475 noxias
376 1443 486 1474 sordes
509 1443 650 1483 abluere,
673 1443 719 1473 ‘ut
743 1443 870 1483 spiritus
893 1442 998 1473 salvus
1022 1443 1062 1472 sit
1085 1442 1116 1472 in
1140 1441 1191 1472 die
1209 1441 1364 1480 Domini³,
1389 1441 1429 1472 de
1452 1441 1598 1472 omnibus
1622 1441 1766 1471 ultricem
1784 1441 1888 1471 dantis
1903 1446 2035 1471 1-Cor-5‚5.

197 1508 222 1527 25
241 1495 423 1526 vindictam.
469 1494 553 1525 Nam
577 1505 634 1535 pro
658 1495 738 1525 tanti
760 1495 882 1525 itineris
905 1493 1015 1525 labore
1040 1493 1218 1531 durissimo,
1244 1503 1340 1534 quem
1357 1493 1515 1523 veniendo
1531 1503 1702 1534 perpessus
1726 1496 1784 1532 est,
1809 1493 1890 1523 sicut

242 1546 414 1583 credimus,
450 1546 681 1587 aliquantulum
717 1545 756 1577 de
795 1548 925 1587 peracto
963 1545 1085 1576 scelere
1116 1545 1350 1586 indulgentiam
1381 1545 1510 1583 meruit,
1547 1545 1614 1575 eius
1647 1544 1758 1585 utique
1790 1545 1888 1574 inter-

242 1598 437 1630 cessionibus
453 1598 590 1637 adiutus,
615 1598 664 1628 cui
689 1597 810 1628 dictum
834 1607 903 1628 esse
928 1607 946 1627 a
962 1597 1101 1627 Domino
1119 1600 1255 1628 constat:
1280 1596 1363 1627 ‘Tibi
1386 1595 1469 1626 dabo
1494 1595 1600 1627 claves
1624 1596 1714 1635 regni
1737 1595 1888 1635 celorum,
1902 1604 2064 1629 Matth.16,19.

242 1653 275 1681 et
298 1649 521 1691 quodcumque
545 1649 715 1691 ligaverish
739 1652 979 1689 superterram,
1004 1649 1064 1679 erit
1083 1649 1217 1689 ligatum
1235 1650 1267 1679 et
1289 1649 1321 1679 in
1338 1647 1428 1684 celis;
1454 1650 1486 1678 et
1502 1646 1740 1688 quodcumquei
1756 1647 1887 1677 solveris

242 1712 337 1743 super
359 1704 492 1739 terram,
523 1702 583 1732 erit
606 1701 745 1732 solutum
770 1703 801 1732 et
823 1701 855 1731 in
880 1700 978 1731 celis‚³
1024 1700 1117 1736 Quod
1141 1710 1212 1730 cum
1236 1701 1281 1730 ita
1303 1700 1356 1737 sit,
1385 1709 1552 1740 precamur
1576 1699 1687 1739 etiam,
1718 1698 1772 1729 utk
1796 1698 1887 1729 eumk

200 1765 225 1783 30
242 1764 314 1785 cum
340 1753 526 1794 parentibus
554 1753 636 1793 eius,
666 1753 719 1794 qui
743 1752 910 1784 defunctus
934 1756 996 1791 est,
1027 1752 1191 1793 paciscere
1215 1752 1365 1791 iubeatis,
1397 1761 1437 1781 ne
1461 1751 1562 1781 maius
1584 1750 1736 1791 deinceps
1760 1749 1888 1789 malum,

242 1816 304 1846 quo
328 1805 500 1836 multorum
525 1805 629 1844 anime
654 1803 851 1844 noceanturl,
875 1806 1088 1845 perpetretur.

344 1866 439 1889 DATA
458 1866 503 1890 UT
522 1866 638 1890 SUPRA.

831 1993 833 1995 .
1046 1964 1091 1993 13.

351 2014 510 2046 Iohannes
533 2013 626 2046 VIII.
646 2025 736 2054 papa
759 2013 1016 2045 Bituricensibus
1038 2014 1183 2058 mandat,
1207 2016 1243 2044 ut
1265 2012 1450 2050 Frotlcario,
1474 2012 1518 2043 (ιιῐ
1540 2012 1761 2052 εῑιῃῃθείίοηθυι
1784 2022 1889 2043 eorum

243 2069 272 2097 et
293 2066 477 2097 relationem
500 2065 671 2105 lecatorum
693 2076 823 2097 suorum
846 2066 883 2097 de
898 2065 1128 2105 Bur-diqalensz·
1146 2065 1276 2108 penitus
1292 2064 1430 2096 desolata
1452 2064 1579 2095 ecclesia
1604 2065 1637 2094 m
1660 2074 1765 2094 eorum
1787 2064 1890 2094 archi-

203 2132 227 2152 ³5
244 2118 456 2159 episcopatum
479 2117 641 2155 translato,
665 2118 747 2148 sicut
770 2117 1006 2156 rrzetropolitano
1030 2117 1184 2148 obediant.
1580 2117 1643 2146 876
1670 2114 1733 2147 Oet.
1750 2116 1801 2146 28.

347 2178 433 2247 Ec'vgds
459 2178 558 2246 ξ’ἅζέίῗ)
573 2181 702 2247 7Ιῐο111ῗοιηα
721 2221 805 2255 (1591)
824 2221 880 2253 ΙΙΙ,
900 2224 949 2246 296
967 2229 994 2245 n.
1008 2223 1038 2246 13
1058 2231 1089 2241 =
1109 2218 1233 2245 Sirmoml
1253 2218 1331 2245 Corte.
1351 2221 1406 2245 ant.
1422 2218 1527 2244 Galliac
1545 2218 1604 2250 111,
1624 2220 1676 2243 448
1693 2226 1719 2243 n.
1734 2221 1757 2243 9.
1795 2217 1890 2243 IlIansi

247 2264 325 2291 Corte.
338 2264 393 2290 coll.
408 2263 507 2296 XVII,
527 2267 557 2289 12
574 2272 600 2289 n.
615 2267 652 2290 13.
689 2264 784 2298 Miyne
803 2264 878 2289 Patr.
893 2263 940 2290 lat.
957 2263 1094 2294 CXXVI,
1113 2266 1162 2288 690
1181 2270 1206 2288 n.
1219 2265 1257 2288 36.
1278 2277 1310 2280 —
1329 2261 1405 2293 Jaffe
1424 2261 1488 2295 Rey.
1501 2264 1567 2287 3054
1586 2262 1684 2294 (2233).

365 2345 391 2378 ᾖ)
410 2345 471 2371 add.
491 2354 562 2372 man.
582 2345 788 2372 correctorisz.

200 2411 226 2429 40
349 2406 389 2432 12.
417 2407 440 2438 ³)
459 2414 540 2432 -RAT-
560 2407 586 2431 in
604 2415 657 2432 ras.
676 2407 708 2431 R.
779 2406 803 2438 b)
822 2407 949 2432 basallum
967 2408 1024 2431 ussm
1042 2414 1094 2438 qua
1112 2406 1144 2430 R.
1178 2406 1260 2430 Verba
1279 2405 1404 2430 basallum
1424 2408 1545 2435 vestrum,
1564 2413 1616 2428 non
1635 2408 1757 2435 corrupta
1775 2412 1805 2428 ecc
1824 2404 1890 2434 allis,

245 2459 309 2482 quae
327 2450 466 2475 seeundum
484 2458 592 2479 sensum,
610 2458 659 2481 quo
677 2449 844 2474 verosimilius
857 2450 950 2480 potuit,
969 2449 1147 2481 supplevimus,
1166 2449 1210 2473 sed
1227 2449 1255 2473 in
1270 2449 1351 2473 locum
1371 2456 1458 2472 eor-um
1472 2456 1610 2479 perperam
1629 2455 1658 2471 ea:
1676 2446 1792 2478 margine
1809 2446 1888 2470 intro-

245 2493 322 2518 ducta
340 2501 391 2517 esse
408 2493 533 2523 videntur,
551 2493 588 2517 ad
606 2493 622 2517 l.
634 2494 665 2517 17
679 2492 763 2523 potius
781 2497 803 2517 et
820 2493 897 2517 verba
916 2492 1061 2517 Odelricum
1080 2492 1206 2516 vocabulo
1221 2491 1385 2523 pertinentia.
1466 2489 1488 2521 c)
1508 2494 1518 2514 t
1536 2490 1563 2514 ivn
1579 2498 1632 2514 ras.
1652 2489 1683 2514 R.
1764 2487 1789 2520 d)
1809 2492 1838 2513 ut
1856 2488 1888 2512 R.

245 2536 267 2567 θ)
286 2544 358 2560 -rum
376 2536 403 2560 in
421 2544 473 2560 ras.
493 2536 524 2560 R.
602 2534 622 2568 f)
641 2535 676 2560 sic
694 2535 727 2567 R,
744 2544 766 2560 v.
783 2544 863 2567 supra
882 2536 926 2560 lin.
937 2537 974 2560 16.
1056 2534 1080 2566 Β)
1100 2534 1146 2565 ᾖα·
1165 2534 1192 2558 in
1210 2543 1262 2559 ras.
1281 2534 1312 2558 R.
1390 2532 1413 2565 h)
1431 2533 1464 2557 li-
1483 2533 1510 2557 in
1528 2542 1580 2557 ras.
1600 2532 1631 2557 R.
1709 2531 1726 2563 i)
1746 2532 1838 2563 quodq3
1856 2531 1888 2554 B.

244 2577 270 2610 k)
289 2583 349 2604 ute.
369 2578 434 2609 (una
452 2579 537 2603 littera
555 2579 583 2603 in
595 2580 650 2611 fine
668 2578 746 2610 eras.)
765 2587 831 2603 corr.
852 2578 878 2602 in
901 2582 944 2603 ute
960 2577 963 2610 Ι
980 2581 1012 2603 esi
1036 2578 1070 2602 al.
1084 2586 1152 2602 man.
1171 2577 1203 2601 R.
1291 2575 1309 2606 1)
1329 2580 1420 2601 noceat
1442 2576 1470 2601 R.

201 2651 226 2670 45
351 2645 375 2677 1)
394 2644 557 2677 Rficlcildam,
582 2645 665 2677 filiam
689 2645 791 2671 Biwini
814 2645 926 2677 comitis,
951 2652 1063 2670 sororem
1086 2644 1202 2670 Bosonis
1225 2644 1336 2677 comitis,
1365 2652 1445 2676 qnam
1471 2642 1593 2668 Karalus
1616 2641 1760 2667 secundam
1782 2648 1888 2666 umorem

246 2696 271 2714 a.
284 2690 336 2714 869
354 2690 415 2720 post
436 2690 541 2713 mortem
561 2687 737 2713 Irmintrmlis
760 2687 885 2720 duxerat,
910 2688 945 2719 cf.
964 2687 1102 2713 Dammler
1119 2688 1135 2713 l.
1150 2688 1165 2713 l.
1185 2687 1242 2719 11²,
1261 2690 1316 2713 236.
1422 2686 1448 2719 2)
1471 2686 1537 2718 Hic,
1564 2685 1669 2718 iynotzts
1691 2684 1722 2709 de
1741 2686 1832 2715 cetero,
1856 2682 1888 2708 (le

249 2729 404 2756 Carrwtensi
422 2730 519 2756 diocesi
536 2730 619 2762 fuisse
637 2730 750 2756 videtur.
788 2730 827 2762 Cf.
848 2739 872 2757 n.
887 2735 922 2756 15.

1652 2769 1684 2785 os

1653 2786 1667 2794 u
