2189 3042
601 184 779 212 IOHANNIS
798 185 872 212 VIII,
892 185 1009 212 PAPAE
1032 186 1230 213 EPISTOLAE
1254 187 1312 213 119.
1333 186 1390 213 120.
1762 191 1820 221 109

170 275 204 304 et
226 272 267 304 ad
290 272 519 303 monasterium
543 273 663 312 quanto
685 271 796 302 eitius²
812 271 949 314 confuge
966 272 1027 310 vel,
1052 273 1077 303 si
1102 272 1141 304 de
1159 275 1212 304 tua
1229 272 1362 304 confidis
1378 274 1582 314 conscientia,
1606 274 1647 305 ad
1663 275 1818 316 synodum

170 326 311 354 nostram
336 323 376 354 de
400 322 516 354 illatisb
538 322 596 353 tibi
619 325 716 363 atque
739 322 872 354 obiectis
897 326 928 354 te
956 324 1157 365 purgandum
1185 334 1326 364 occurre,
1352 335 1400 364 ne7
1425 326 1451 355 si
1474 326 1717 366 pretermiseris,
1742 336 1819 358 ana-

171 374 339 406 thematis⁰
361 374 486 405 vinculo
509 376 620 414 utpote
645 375 793 414 apostata
817 377 850 405 et
873 374 1001 406 rebellis
1024 375 1175 416 alligeris.

273 440 367 464 DATA
386 440 431 465 UT
449 439 566 465 SUPRA.

953 559 1040 590 120.ι

137 628 149 647 5
276 618 435 650 Iohannes
454 617 548 650 VIII.
568 628 657 657 papa
680 617 871 659 (Rostayno)
895 618 1126 658 archiepiscopo
1148 619 1330 651 Arelatensi
1356 631 1449 651 usam
1473 620 1568 659 pallii
1590 623 1619 652 ct
1641 621 1721 653 vices
1743 632 1820 653 suas

164 680 223 709 per
238 669 364 701 Gallias
384 670 531 708 concedit,
554 679 686 709 sequens
701 671 836 701 tenorem
856 669 1015 710 privileyii
1033 670 1178 709 Gregorii
1193 671 1222 702 Ι.
1247 670 1378 711 Virgilio
1393 671 1623 713 archiepiscopo
1639 673 1820 704 Arelatensi

168 722 304 753 concessi
326 732 357 754 a.
371 722 433 753 595
450 722 533 762 Any.
546 721 601 759 12;
624 720 837 760 metropolitas
852 724 925 753 ante
935 721 1033 761 pallii
1048 722 1273 761 susceptionem
1291 723 1536 754 consecrationes
1548 722 1655 762 facere
1668 724 1817 765 prohibet.

281 807 356 834 Coa„-
383 807 410 833 R
427 809 448 840 f.
463 808 505 833 55¹
524 814 552 832 n.
566 808 622 832 121.
642 809 699 832 120.
1384 773 1507 814 (Al-les)
1531 775 1594 805 878
1617 775 1732 816 (Imma)

125 866 149 885 10
271 858 359 885 Echi.-
387 858 483 884 Editio
498 857 623 884 Romana
636 857 720 891 (1591)
741 857 791 883 111
802 864 831 890 p.
844 860 892 884 369
910 865 937 884 n.
954 861 1000 889 94,·
1018 865 1043 890 p.
1057 860 1109 884 368
1127 866 1154 884 n.
1168 860 1200 884 93
1218 869 1250 879 z
1268 858 1396 884 Sirmond
1417 858 1494 885 Cone.
1508 861 1563 885 cmc.
1576 859 1680 886 Galliac
1698 860 1758 894 III,
1771 864 1819 887 466

169 910 195 928 n.
208 905 246 928 26.
277 902 374 928 Mansi
393 901 472 928 Cone.
485 901 542 928 coll.
557 900 588 926 X
593 900 656 933 VII,
679 904 713 927 80
730 908 757 927 n.
771 904 810 927 94.
841 899 933 934 Miyne
953 900 1031 927 Patr.
1042 900 1088 927 lat.
1106 900 1240 933 CXXVI,
1257 904 1300 927 775
1318 909 1345 927 n.
1357 904 1410 927 123.
1425 916 1457 920 ——
1474 901 1547 933 Jaffe'
1566 902 1628 935 Req.
1642 905 1710 929 3148
1723 903 1818 935 (2371).

274 987 337 1021 [l.]³‹
360 986 402 1013 Ο2
421 995 504 1020 quam
524 986 596 1013 bona
615 988 657 1013 est
677 986 792 1018 caritas,
816 993 869 1022 que
892 985 1022 1012 absentia
1041 994 1091 1019 per
1109 985 1260 1020 imaginem
1284 985 1425 1020 presentia
1449 986 1617 1021 sibimetipsi
1637 987 1751 1014 exhibet
1770 996 1818 1022 per

169 1047 303 1070 amorem,
324 1038 434 1065 divisab
454 1038 527 1070 unit,
547 1038 660 1065 confusa
679 1037 800 1069 ordinat,
825 1036 970 1071 inequalia
988 1037 1088 1068 sociat,
1113 1037 1268 1070 inperfecta
1290 1039 1492 1064 consummate!
1529 1038 1618 1068 Quam
1637 1041 1711 1065 recte
1730 1039 1819 1073 precli-

170 1092 248 1117 cator
271 1090 400 1124 egregius
418 1089 559 1116 vinculum
578 1089 756 1124 perfectionis
776 1091 871 1121 vocat,
891 1089 957 1122 quia
978 1089 1095 1115 virtutes
1119 1088 1230 1122 quidem
1250 1090 1341 1123 cetere
1365 1088 1563 1122 perfectionem
1586 1090 1750 1124 generatum,
1771 1091 1818 1117 sed
1833 1094 1918 1116 cnoel.
1931 1097 1949 1119 3,
1962 1097 1994 1116 ιι.

125 1149 148 1167 15
168 1143 262 1169 tamen
282 1150 327 1168 eas
347 1141 449 1168 caritas
469 1142 554 1168 etiam
573 1141 653 1175 ligat,
672 1143 704 1168 ut
722 1141 757 1167 ab
777 1140 897 1167 amantis
916 1142 1010 1166 mente
1024 1139 1138 1166 dissolvi
1157 1139 1213 1166 iam
1233 1141 1381 1173 nequeant.
1409 1140 1467 1166 Hac
1487 1140 1583 1173 itaque
1603 1141 1713 1172 virtute,
1734 1141 1819 1168 frater

168 1194 324 1226 carissime,
353 1194 467 1228 plenum
490 1196 519 1220 te
543 1202 602 1221 esse
626 1193 778 1228 repperie,
809 1198 879 1219 cum
904 1198 961 1229 pro
986 1191 1167 1219 sanctarum
1191 1187 1253 1219 Dei
1282 1188 1490 1219 ecclesiarum
1518 1189 1766 1221 restaurationes
1787 1191 1819 1221 in

167 1241 406 1273 Arelatensium
434 1241 563 1272 civitate
591 1241 655 1271 mei
685 1240 885 1281 corporalem
913 1240 1108 1280 presentiam
1138 1239 1387 1280 exhibuissem³‚
1420 1244 1493 1271 sicut
1515 1245 1600 1271 michi
1624 1245 1657 1272 de
1681 1247 1709 1272 te
1737 1241 1817 1272 mul-

168 1296 272 1324 torum
296 1292 551 1323 testimoniorum
575 1291 662 1323 fama
685 1301 761 1322 vera
785 1291 879 1332 longe
903 1290 1033 1332 lateque
1058 1294 1212 1322 narraret.
1253 1295 1332 1327 Quod
1349 1304 1414 1322 vero
1438 1296 1519 1322 iuxta
1541 1296 1690 1330 antiquum
1713 1306 1818 1324 morem

168 1357 247 1374 usum
261 1347 341 1381 pallii
361 1355 393 1373 ac
407 1346 480 1373 vices
500 1346 572 1373 sedis
585 1346 740 1380 apostolice
754 1345 911 1380 postulasti,
931 1345 1013 1376 absit,
1033 1354 1067 1372 ne
1083 1347 1132 1372 aut
1151 1345 1311 1380 transitorie
1325 1346 1474 1379 potestatis
1490 1346 1599 1373 culmen
1613 1349 1662 1374 aut
1676 1348 1818 1374 exterioris

124 1403 149 1423 20
170 1399 261 1426 cultus
281 1400 470 1424 ornamentum
494 1397 522 1424 in
541 1397 649 1424 vicibus
672 1397 772 1424 nostris
792 1406 824 1424 ac
843 1397 931 1431 pallio
950 1397 1092 1433 quesisse&
1111 1399 1138 1424 te
1157 1397 1288 1431 suspicer.
1325 1397 1377 1424 Sed
1396 1397 1463 1431 quia
1488 1398 1595 1425 cunctis
1619 1399 1719 1432 liquet,
1746 1399 1816 1426 unde

168 1451 196 1477 in
221 1450 374 1477 Galliarum
398 1449 558 1483 regionibus
580 1449 646 1476 fides
668 1450 766 1475 sancta
790 1448 938 1483 prodierit,
964 1457 1025 1475 cum
1052 1448 1172 1482 priscam
1197 1449 1425 1476 consuetudinem
1449 1449 1522 1476 sedis
1547 1450 1701 1484 apostolice
1725 1452 1818 1477 vestra

167 1501 328 1529 fraternitas
351 1500 484 1535 repetith,
508 1500 576 1534 quid
598 1500 686 1526 aliudi
706 1509 790 1534 quam
811 1489 888 1527 =bona
912 1500 1022 1527 suboles
1049 1500 1083 1526 ad
1103 1500 1192 1526 sinum
1216 1500 1312 1527 matris
1335 1501 1470 1528 recurrit?
1507 1501 1618 1528 Libenti
1642 1511 1707 1536 ergo
1726 1503 1817 1529 animo

168 1554 313 1589 postulata
336 1552 522 1585 concedimus,
546 1561 580 1579 ne
604 1554 653 1579 aut
676 1551 780 1589 vestre
805 1548 939 1589 ecclesie
963 1553 1113 1587 quicquam
1138 1548 1213 1585 [de]k
1229 1553 1325 1580 debito
1349 1553 1455 1580 honore
1479 1554 1645 1581 subtrahere
1669 1557 1719 1581 aut
1742 1561 1816 1582 eon-

168 1601 297 1642 dignam
320 1604 488 1639 petitionem
511 1600 607 1631 vestri
636 1604 838 1639 contempsisse
862 1600 1029 1631 videamurl.
1067 1605 1120 1631 Sed
1144 1605 1198 1631 iam
1223 1614 1297 1632 nunc
1320 1605 1414 1632 studio
1438 1606 1544 1633 maiore
1568 1615 1612 1633 res
1636 1606 1753 1640 indiget,
1778 1609 1816 1639 ut,

123 1664 148 1684 25
168 1665 229 1683 cum
252 1656 339 1683 honor
358 1655 470 1686 crescit,
496 1654 582 1682 etiam
602 1654 761 1682 sollicitudo
781 1655 909 1689 proficiat
928 1656 956 1681 et
975 1664 1041 1689 erga
1061 1657 1213 1682 ceterorum
1233 1655 1389 1682 custodiam
1408 1656 1558 1690 vigilantia
1582 1658 1736 1688 excrescat,
1761 1657 1817 1694 vite

165 1716 275 1742 quoque
297 1707 397 1734 merita
419 1706 552 1733 subiectis
575 1705 603 1732 iu
626 1707 783 1740 exemplum
803 1707 916 1733 veniant
938 1708 967 1733 et
989 1715 1138 1741 numquam
1166 1713 1242 1734 suam
1264 1716 1313 1741 per
1331 1708 1453 1742 suscepti
1478 1708 1588 1735 honoris
1612 1708 1746 1743 gratiam,
1770 1709 1817 1735 sed

166 1760 244 1786 lucra
263 1758 373 1793 celestis
398 1758 489 1792 patrie
509 1760 601 1785 vestra
623 1758 804 1785 fraternitasn
825 1758 961 1792 exquirat.
998 1759 1093 1785 Nostis
1117 1759 1201 1791 enim,
1227 1759 1295 1792 quid
1313 1759 1412 1786 beatus
1431 1760 1575 1794 apostolus
1597 1768 1710 1794 gemens
1729 1760 1817 1787 dicat:

163 1811 275 1838 ‘Omnes
298 1810 383 1843 enim,
407 1818 460 1844 que
484 1818 533 1836 sua
557 1812 634 1841 sunt,
658 1811 789 1844 querunt,
815 1819 881 1842 non,
905 1818 959 1844 que
983 1812 1048 1837 sunt
1065 1810 1169 1837 Christi
1187 1810 1268 1837 Iesu.'
1303 1810 1474 1841 Quibusdam
1497 1820 1616 1845 namque
1638 1812 1815 1838 narrantibus
1831 1818 1959 1841 P11i1.2,21.

166 1862 281 1897 agnovi,
303 1862 376 1896 quod
399 1862 427 1888 in
446 1861 600 1888 Galliarum
621 1861 664 1888 vel
683 1861 830 1896 Germanie
850 1862 994 1895 partibus4
1013 1862 1106 1888 nullus
1130 1862 1185 1888 ad⁰
1205 1871 1312 1889 sacrum
1332 1863 1453 1889 ordinem
1473 1863 1533 1889 sine
1552 1863 1687 1889 commodi
1707 1863 1818 1890 datione

122 1925 148 1944 30
167 1914 321 1949 perveniat.
358 1913 436 1945 Quod
459 1913 482 1939 si
505 1913 547 1940 ita
570 1915 623 1945 est,
649 1912 716 1940 flens
735 1913 810 1944 dico,
835 1922 946 1947 gemens
968 1914 1113 1946 denuntio,
1139 1914 1218 1947 quia,
1244 1923 1305 1941 cum
1329 1915 1510 1941 sacerdotalis
1529 1915 1594 1941 ordo
1614 1915 1689 1941 intus
1709 1915 1817 1945 cecidit,

166 1966 232 1992 foris
250 1974 359 1999 quoque
378 1965 425 1991 diu
444 1967 517 1991 stare
540 1973 594 1990 non
618 1964 731 1998 poterit.
768 1965 875 1991 Scimus
893 1965 1000 1999 quippe
1020 1974 1053 1992 ex
1072 1966 1226 2000 evangelio,
1247 1966 1333 1999 quidv
1352 1966 1523 2000 Redemptor
1541 1968 1634 1993 noster
1653 1975 1702 2000 per
1720 1969 1817 1993 semet-

166 2017 257 2051 ipsum
276 2016 382 2047 fecerit,
400 2015 467 2050 quia
480 2016 618 2050 ingressus
636 2016 773 2050 templum
786 2016 946 2043 ‘cathedras
961 2016 1139 2044 vendentium
1154 2017 1296 2043 columbas
1309 2016 1426 2044 evertit?
1453 2018 1602 2044 Columbas
1615 2018 1686 2044 enim
1700 2018 1818 2044 vendere
1833 2023 1908 2045 naeth.
1919 2025 1951 2045 21,
1965 2026 1996 2044 ι·;.

166 2071 216 2100 est,
236 2068 269 2095 de
288 2070 384 2095 sancto
403 2067 518 2102 Spiritu,
537 2077 619 2101 quem
636 2068 709 2095 Deus
730 2068 905 2102 omnipotens
925 2068 1195 2095 consubstantialem
1214 2069 1267 2095 sibi
1288 2078 1337 2103 per
1356 2069 1562 2103 impositionem
1582 2078 1711 2095 manuum
1731 2069 1817 2095 homi-

166 2120 246 2146 nibus
265 2119 374 2151 tribuit,
394 2120 566 2146 commodum
585 2120 740 2154 temporale
759 2120 911 2154 percipere.
942 2120 983 2146 Ex
1002 2129 1065 2154 quo,
1084 2122 1116 2147 ut
1135 2120 1252 2155 predixi,
1271 2120 1344 2146 malo
1364 2120 1419 2147 iam
1440 2121 1572 2153 innuitur,
1591 2121 1658 2154 quid
1677 2123 1816 2154 sequatur,

122 2226 147 2246 35
270 2214 293 2247 a)
312 2223 379 2240 corr.
392 2223 422 2240 ez·
441 2215 589 2247 quantotius
609 2216 643 2240 al.
657 2224 726 2240 man.
745 2216 777 2241 R.
865 2215 890 2247 b)
909 2225 975 2241 corr.
989 2224 1019 2241 ex
1037 2215 1123 2241 inlatis
1142 2216 1176 2241 al.
1190 2224 1259 2240 man.
1279 2215 1310 2240 R.
1399 2216 1422 2247 e)
1441 2224 1505 2241 ana·
1524 2225 1589 2242 corr.
1603 2225 1633 2242 ea:
1651 2225 1714 2242 ane-
1733 2217 1764 2242 R.

270 2266 329 2292 120.
356 2267 379 2298 ²2)
399 2275 525 2299 superscr.
544 2268 633 2292 Eidem
652 2276 731 2292 manu
749 2267 884 2293 recentiori
903 2268 929 2292 in
949 2268 981 2299 R,
999 2276 1020 2292 v.
1039 2272 1125 2292 annot.
1139 2271 1159 2292 1.
1249 2266 1273 2298 b)
1293 2276 1321 2292 -a
1340 2268 1366 2292 in
1384 2277 1437 2293 ras.
1455 2268 1490 2293 al.
1508 2277 1577 2293 man.
1595 2268 1627 2294 R.
1716 2269 1737 2299 c)
1757 2276 1816 2293 con-

165 2310 244 2335 sumit
262 2309 293 2334 R.
382 2308 407 2342 (¹)
427 2318 493 2335 corr.
507 2318 536 2334 ex
554 2314 660 2342 generat
678 2311 713 2336 al.
730 2319 799 2335 man.
819 2311 851 2336 R.
934 2311 956 2341 θ)
975 2318 1041 2336 corr.
1055 2319 1085 2335 ece
1104 2311 1250 2343 repperiens
1269 2310 1301 2335 R.
1383 2310 1402 2342 f)
1422 2320 1488 2337 corr.
1502 2320 1533 2336 ex
1551 2312 1761 2336 restaurationem
1781 2311 1814 2337 R.

165 2352 190 2384 8)
209 2361 265 2377 -sse
282 2352 310 2377 in
328 2360 380 2377 rae.
394 2352 426 2377 R.
497 2351 522 2384 h)
540 2353 663 2385 repetitur
675 2352 708 2377 R.
777 2352 795 2384 i)
815 2353 831 2378 (l
850 2362 915 2378 corr.
930 2361 960 2378 ert:
978 2358 988 2378 t
1006 2353 1038 2378 R.
1109 2352 1136 2384 k)
1156 2362 1204 2378 om.
1218 2354 1250 2378 R.
1322 2352 1340 2385 l)
1359 2354 1492 2379 videamus
1511 2354 1543 2380 B.
1614 2354 1646 2385 m)
1665 2355 1814 2386 numquiani

165 2404 237 2420 suam
261 2403 328 2420 corr.
347 2403 377 2420 ex
400 2396 524 2427 numquid
547 2403 595 2421 sua
617 2396 652 2421 al.
671 2404 740 2421 nzan.
760 2395 791 2421 R.
897 2395 921 2427 ι1)
945 2396 1084 2421 secundum
1106 2400 1117 2422 t
1139 2405 1204 2421 corr.
1224 2405 1255 2422 ex
1278 2406 1295 2421 n
1318 2397 1350 2422 12.
1456 2397 1480 2429 o)
1501 2406 1527 2422 -s
1546 2406 1576 2422 a·
1599 2406 1666 2422 corr.
1684 2406 1714 2422 ese
1737 2406 1760 2421 ni
1784 2397 1814 2421 R.

119 2443 146 2462 40
163 2438 189 2471 Ρ)
208 2439 276 2471 quod
293 2438 325 2464 B.

269 2497 295 2530 1)
315 2495 407 2522 Huius
431 2496 554 2529 epistolae
573 2499 662 2530 partes
685 2506 701 2523 α
726 2497 801 2523 nobis
821 2497 874 2531 [1.]
894 2499 918 2523 et
937 2497 992 2531 [2.]
1011 2498 1147 2531 siynatas,
1172 2506 1239 2531 quas
1265 2498 1352 2525 taliter
1370 2497 1498 2531 coniunyi
1515 2497 1603 2524 debere
1624 2501 1647 2524 et
1670 2499 1753 2531 ipsius
1775 2499 1814 2524 rei
1838 2510 1841 2512 -

164 2540 237 2566 ratio
255 2542 277 2566 et
296 2540 442 2573 exemplam
462 2539 531 2566 docet
549 2539 674 2573 epistolae
688 2540 812 2573 Gregorii
825 2540 847 2566 Ι.
862 2541 893 2573 (v.
908 2543 1000 2567 annot.
1011 2541 1046 2574 2),
1066 2541 1144 2567 caius
1162 2544 1261 2568 temtum
1279 2541 1396 2574 sequitur
1408 2543 1504 2572 noster,
1521 2540 1655 2566 seiunctae
1672 2544 1695 2567 et
1714 2544 1814 2567 nzutato

163 2583 264 2615 ordine,
282 2582 300 2609 i.
313 2591 333 2610 e.
347 2582 399 2616 [1.]
416 2582 463 2608 sub
481 2590 508 2609 n.
522 2586 566 2608 121
580 2585 640 2615 post
659 2582 711 2617 [2.]
731 2582 779 2609 sub
797 2591 825 2609 n.
836 2586 892 2616 120,
912 2583 982 2609 duae
1000 2584 1108 2616 effectae
1125 2586 1190 2610 sunt
1208 2584 1335 2617 epistolae
1353 2583 1382 2608 in
1397 2583 1432 2616 R,
1451 2591 1564 2616 qam-nm
1582 2583 1688 2616 utrique
1705 2583 1814 2609 additio-

163 2626 238 2652 Data
256 2627 288 2652 ut
306 2634 390 2659 supra
413 2628 436 2651 ct
458 2625 599 2659 inscriptio
622 2634 705 2651 manu
729 2626 870 2652 recentiori
892 2627 1005 2659 scripta,
1029 2627 1086 2653 scil.
1105 2627 1135 2653 in
1157 2635 1184 2653 n.
1198 2630 1247 2653 120
1265 2626 1396 2660 archiep&
1415 2626 1533 2658 Arelat„
1557 2626 1588 2651 in
1605 2634 1632 2651 n.
1647 2629 1691 2651 121
1710 2625 1812 2652 Eidem.

120 2677 145 2696 ⁴5
166 2668 293 2695 Ordinem
310 2668 365 2694 iam
383 2668 500 2694 restituit
520 2668 654 2695 Sirmoncl.
692 2668 733 2700 Cf.
752 2669 816 2695 NA.
838 2669 985 2702 XXXVI,
998 2673 1049 2696 113.
1138 2670 1164 2703 2)
1187 2670 1226 2702 Cf.
1243 2669 1368 2704 Greyorii
1388 2669 1409 2695 1.
1430 2669 1491 2702 Rey.
1505 2668 1547 2695 lib.
1560 2668 1585 2694 V
1599 2676 1637 2701 ep.
1652 2672 1684 2694 58
1702 2668 1749 2702 (V,
1767 2671 1812 2693 53:

164 2712 219 2745 IV,
235 2713 288 2746 50),
312 2712 349 2740 ed.
364 2712 431 2740 MG.
445 2713 516 2746 Epp.
535 2713 559 2745 Ι,
581 2716 645 2746 368,
663 2713 736 2746 Jaffe'
753 2714 818 2748 Req.
833 2718 897 2740 1374
916 2714 1020 2747 (1001).
1039 2729 1072 2733 —
1093 2714 1134 2746 Cf.
1153 2723 1179 2741 n.
1194 2718 1234 2741 99.
1322 2714 1348 2746 3)
1368 2713 1459 2739 Meam
1476 2720 1560 2739 mense
1578 2711 1664 2743 Maio,
1684 2711 1719 2743 cf.
1732 2719 1758 2735 n.
1774 2715 1812 2742 94,

160 2763 188 2788 p.
202 2758 234 2782 89
252 2758 346 2782 annot.
358 2759 380 2782 2.
477 2756 503 2788 4)
522 2755 626 2782 Dehinc
644 2764 727 2789 usque
750 2757 908 2784 haereticus
928 2757 976 2784 fiat
999 2757 1035 2790 (p.
1051 2760 1096 2783 110
1113 2757 1128 2783 l.
1143 2758 1170 2790 (t)
1190 2757 1311 2790 seqnitur
1330 2758 1480 2782 contemtum
1503 2756 1580 2788 form.
1594 2754 1696 2780 Dim-n.
1712 2757 1743 2779 16
1761 2752 1811 2785 (ed.

164 2798 250 2825 Sickel
263 2806 290 2831 p.
304 2799 361 2831 .37);
379 2799 416 2832 cf.
435 2798 506 2832 Epp.
526 2799 548 2831 I,
566 2802 613 2825 369
633 2802 725 2826 annot.
739 2804 762 2826 4.
