2189 3042
381 195 573 222 ANASTASII
592 195 889 222 BIBLIOTHEGARII
910 194 1108 221 EPISTOLAE
1130 195 1210 222 SIVE
1230 194 1505 221 PRAEFATIONES
1525 195 1547 221 Τ.
1561 196 1585 221 S.
1742 198 1799 226 421

154 283 342 314 Latinorum
367 283 514 323 ecclesia,
545 285 579 313 ut
602 282 646 313 sic
670 281 859 313 scribendae
883 292 902 312 a
925 284 957 313 te
980 281 1167 314 inchoetura
1191 293 1269 324 opus
1297 282 1460 321 historiae,
1490 285 1526 313 ut
1555 292 1636 323 quae
1661 281 1708 313 'ab
1738 282 1807 323 ipso

156 334 273 367 Christi
297 334 436 365 adventu
459 334 491 365 in
516 333 652 364 ecclesia
676 335 767 374 gesta
791 336 863 364 sunt
887 336 919 364 et
942 335 1033 364 textu
1064 334 1300 365 ecclesiasticae
1332 333 1483 364 historiae
1513 343 1577 364 non
1607 331 1807 364 iudicanturb

155 385 302 427 indigna,
333 385 419 416 nullo
450 385 546 416 modo
579 385 832 426 praetermittaS,
866 385 1008 426 exceptis
1039 385 1088 420 his
1121 385 1214 424 forte,
1247 395 1330 426 quae
1361 384 1539 416 Eusebius¹
1568 384 1808 416 Theodoretusc

155 438 305 469 Socrates
329 439 362 468 et
385 436 602 468 Sozomenus2
627 436 790 476 scripsisse
815 438 994 466 noscuntur.
1030 435 1151 467 Verum
1176 436 1250 477 quia
1275 435 1430 477 quosdam
1458 435 1571 467 horum
1601 437 1746 467 mentitos
1776 437 1808 466 in

114 500 124 518 ⁵
156 488 348 530 quibusdam
372 488 469 518 fuisse
494 490 526 518 et
549 486 709 528 quaedam
732 487 988 527 praetermisisse
1012 487 1196 528 probatur-¹¹,
1220 487 1491 528 quemadmodum
1517 490 1549 518 et
1571 490 1698 518 sanctus
1721 498 1806 528 papa

155 539 331 581 Gregorius
355 539 395 570 de
419 539 597 570 Sozomeno
622 538 824 579 apertissime
851 537 990 577 scribit³‚
1022 537 1154 569 obsecro
1179 538 1348 570 mendacia
1375 538 1487 569 horum
1512 540 1594 570 veris
1621 539 1806 580 approbati-

154 592 267 622 onibus
292 601 408 632 arguas
432 593 465 621 et
489 600 571 631 quae
596 591 788 621 omiserunt⁰
812 587 1031 620 nihilominusf
1054 589 1217 631 suppleas.

262 643 384 683 Accipe
408 643 516 683 itaque
547 641 638 681 hocss,
662 642 841 681 karissime,
872 641 1118 681 incompositum
1142 652 1222 682 opus
1247 645 1278 672 et
1301 641 1379 672 nihil
1403 652 1508 672 meum
1534 643 1565 672 in
1592 642 1653 673 hoc
1678 653 1806 683 prorsus

154 694 309 725 insertum
334 703 518 734 praenosce.
565 692 606 723 Et
630 693 655 723 si
679 693 830 724 decessus
853 693 918 723 mei
943 691 1051 723 debito
1076 696 1268 733 praeventus
1292 694 1490 734 propositum
1515 704 1594 734 opus
1618 704 1679 734 ego
1702 694 1806 724 minus

103 755 128 774 xo
156 746 197 777 ad
214 745 335 776 calcem
357 744 549 786 perduxero,
573 747 608 774 tu
631 747 739 775 tamen
762 743 795 774 id
818 743 965 784 deperire
989 743 1120 774 minime
1144 747 1266 784 patere,
1290 743 1348 775 sed
1370 745 1402 775 in
1427 747 1579 785 quantum
1596 748 1654 785 est,
1671 745 1809 786 qualiter

155 800 188 828 et
210 796 266 827 ubi
289 796 426 831 libuerit,
451 799 550 826 utere.
584 794 685 825 Porro
711 794 759 825 sill
781 795 864 826 forte
889 806 907 826 a
929 805 981 826 me
1004 795 1062 827 tibi
1087 798 1142 826 aut
1165 806 1206 827 ex
1229 795 1333 826 Greco
1358 796 1521 827 transferri
1544 799 1600 827 aut
1617 807 1657 827 ex
1674 797 1809 828 diversis

154 849 342 880 Latinorum
366 846 651 887 conscriptionibus
676 857 757 887 quae
781 846 949 878 historiaei
971 849 1046 878 tuae
1066 847 1188 878 inseras
1205 846 1380 878 difflorarik
1397 846 1571 887 desideras,
1595 847 1731 879 libenter
1748 849 1809 879 tuis

155 899 349 930 satisfaciam
373 899 464 930 votis.
503 898 641 929 Tantum
666 897 821 929 industria
856 897 925 928 tua¹
948 898 1074 929 interim
1100 898 1303 939 apostolicem
1326 898 1439 929 doctus
1467 898 1499 928 in
1524 899 1653 930 nomine
1679 899 1809 931 Domini
1824 909 1976 932 ancoram.

156 961 236 992 opus
260 950 346 992 quod
369 950 534 981 hortamur
557 950 690 990 arripiat
711 952 743 980 et
766 949 853 990 quod
876 949 1117 980 imminentibus
1140 949 1232 981 nobis
1263 950 1429 990 proposuit
1453 953 1659 990 exequatur¹¹.
1707 950 1809 982 Porro
1926 942 1927 945 Ἰ

103 1015 127 1034 ιι
157 1003 201 1033 sic
233 1013 293 1043 ego
323 1012 364 1033 ex
388 1001 437 1032 his
468 1001 590 1032 duobus
620 1000 794 1032 illustribus
822 1001 896 1031 viris
926 1000 1086 1042 quaedam
1117 1000 1278 1032 difflorare
1308 1001 1470 1041 proposui,
1501 1004 1536 1031 ut
1566 1006 1668 1042 peneO
1693 1003 1809 1042 omnia,

156 1064 238 1094 quae
264 1056 304 1084 al’
329 1063 424 1094 supra
448 1053 619 1084 nominatis
643 1051 909 1093 historiographis
933 1055 1186 1083 commemorata
1210 1055 1292 1092 sunt,
1321 1063 1340 1083 a
1362 1062 1414 1083 me
1439 1053 1723 1084 commemoranda
1746 1064 1809 1084 non

156 1105 317 1141 duxerim;
340 1115 381 1135 ex
403 1104 566 1135 civilibus‘¹
587 1106 695 1135 autem
719 1104 818 1144 gestis
842 1103 1002 1144 quaedam
1026 1104 1209 1135 summatim
1233 1104 1405 1145 excerpsir,
1423 1105 1568 1145 quamvis
1591 1115 1610 1135 a
1633 1105 1809 1136 Iustiniano

155 1156 320 1197 principe4
341 1165 378 1186 ac
403 1155 555 1196 deinceps
580 1159 698 1196 pauca⁸
723 1154 883 1186 omiserim
908 1165 1028 1195 eorum,
1052 1164 1135 1196 quae
1165 1154 1206 1186 ab
1230 1155 1280 1186 his
1304 1155 1556 1197 chronographis
1585 1156 1704 1188 relatass
1727 1160 1810 1196 sunt,

155 1207 228 1239 Non
251 1208 345 1247 enim,
376 1210 411 1237 ut
433 1206 596 1247 praelatus
620 1206 824 1237 beatissimus
847 1205 1063 1246 Theophanes
1086 1216 1120 1236 se
1145 1207 1269 1248 opinari
1292 1208 1460 1246 testatur-⁵,
1491 1207 1637 1238 modicae
1668 1208 1806 1240 fructum

103 1271 128 1290 πο
158 1258 302 1290 utilitatis
327 1258 437 1299 carpit,
457 1258 511 1299 qui
534 1258 709 1298 priscorum
733 1257 849 1298 relegit
872 1260 970 1288 actus.
1010 1256 1097 1288 Orou
1121 1261 1229 1289 autem
1253 1259 1394 1290 omnium
1424 1258 1597 1290 karitatem
1626 1259 1709 1290 hanc
1739 1259 1808 1291 edi-

155 1311 275 1341 tionem
292 1313 434 1340 nostram
452 1309 639 1351 legentium,
656 1312 691 1340 ut
707 1309 733 1339 si
748 1309 780 1339 in
797 1318 835 1340 ea
851 1308 1048 1350 proficuumv
1065 1309 1237 1350 quicquam
1252 1310 1419 1350 invenerit,
1438 1310 1615 1342 decentesW
1631 1312 1806 1352 gratiarum

156 1363 298 1393 actiones
314 1360 396 1400 Deo,
414 1371 455 1392 ex
479 1370 541 1402 quo
559 1363 607 1391 est
623 1370 716 1391 omne
733 1359 863 1400 bonum,
881 1360 996 1391 devote
1012 1360 1176 1401 persolvat
1196 1364 1228 1391 et
1243 1372 1302 1402 pro
1318 1361 1409 1392 nobis
1425 1361 1591 1393 ineruditis
1608 1365 1641 1393 et
1657 1366 1807 1403 peccato-
1855 1387 1861 1391 .

156 1413 243 1445 ribus
267 1415 398 1454 propter
413 1412 608 1443 Dominumx
633 1417 745 1443 orarey
760 1416 819 1442 ne²
835 1412 955 1453 pigeat.
987 1411 1089 1443 Porro
1106 1413 1133 1442 si
1149 1412 1226 1453 quid
1241 1412 1410 1444 inhoneste
1434 1413 1571 1454 positum
1596 1415 1808 1454 reppererita,

156 1463 458 1505 indisciplinationib
473 1465 601 1494 nostrae
625 1463 686 1493 hoc
710 1463 872 1503 imputans
887 1463 1014 1493 veniam
1033 1462 1138 1494 donet.
1172 1462 1305 1495 Gratum
1324 1465 1408 1495 enim
1428 1467 1476 1495 est
1491 1464 1562 1496 Deo
1580 1467 1612 1496 et
1627 1468 1806 1506 acceptum,

105 1528 129 1547 25
158 1515 244 1558 quod
269 1516 298 1546 ei
322 1514 498 1547 secundum
523 1515 606 1545 vires
631 1513 795 1545 offertur?

968 1731 996 1760 8.

269 1797 464 1828 Anastasius
490 1795 740 1828 bibliothecarius
763 1796 908 1829 Martino
931 1797 1109 1829 Narniensi
1131 1798 1270 1839 episeopo
1292 1799 1447 1838 quaedam
1470 1810 1510 1832 ex
1531 1800 1611 1831 aclis
1625 1800 1767 1832 Martini
1782 1802 1812 1835 I.

150 1858 255 1890 papae
278 1848 395 1880 Latine
416 1857 506 1880 versa
529 1847 628 1887 offert.
1408 1851 1487 1891 (874
1510 1851 1724 1892 Sept—Oct.)

262 1924 358 1952 Oodd.:
385 1925 450 1951 Par.
473 1924 519 1950 lat.
542 1928 606 1951 5095
633 1925 664 1957 (s.
683 1924 755 1958 IX.)
782 1925 803 1958 f.
819 1927 868 1957 17¹,
895 1927 931 1959 cf.
953 1925 988 1951 K.
1009 1925 1118 1959 Hampe
1145 1926 1175 1951 in
1193 1925 1293 1952 ‘Neues
1311 1926 1422 1953 Arcliiv’
1443 1927 1560 1961 XXIII,
1583 1931 1638 1961 632,
1662 1929 1696 1956 E.
1719 1929 1810 1956 Perels

157 1967 221 1994 ibid.
242 1967 406 2000 XXXVII,
425 1971 474 1994 556
500 1969 524 1993 et
551 1966 701 1999 XXXIX,
721 1971 761 1999 51,
788 1970 856 1994 coni.
875 1967 994 2002 Lebeyue
1022 1968 1064 2002 (=
1085 1968 1132 2002 P).
1173 1968 1266 1996 Vallic.
1287 1972 1347 1996 tom.
1367 1969 1418 1996 IX
1446 1970 1477 2004 (S.
1497 1971 1562 2003 XI.)
1586 1972 1608 2003 f.
1630 1976 1677 1998 166
1704 1973 1748 2005 (=
1768 1972 1809 2005 V),

103 2017 130 2037 ιο
156 2010 235 2037 deser.
250 2010 345 2037 Perels.

260 2070 344 2096 Edebs
363 2069 523 2096 sirmondus
534 2070 680 2096 Anastasii
698 2069 891 2096 bibliothecarii
908 2069 976 2096 sedis
995 2071 1154 2104 apostolicae
1170 2071 1330 2098 collectanea
1343 2073 1435 2107 (1620)
1450 2082 1479 2107 1³·
1495 2077 1528 2100 68
1545 2081 1578 2100 ex
1589 2073 1657 2100 P=
1670 2074 1808 2102 sirmondi

161 2113 247 2146 Opera
266 2112 343 2139 varia
362 2117 383 2140 1.
398 2112 439 2139 ecl.
453 2112 556 2145 (Paris.
572 2113 649 2146 1696)
668 2112 726 2145 III,
739 2115 788 2139 503
800 2124 832 2135 =
846 2112 916 2140 aed.
929 2113 1061 2146 (Venetas
1080 2116 1155 2147 1728)
1174 2114 1234 2147 III,
1249 2117 1299 2142 319
1317 2127 1348 2137 =
1367 2115 1492 2142 Maaeima
1515 2116 1670 2144 bibliotheca
1692 2119 1809 2144 veterum

267 2267 292 2301 *)
312 2267 436 2302 Explicit
454 2268 586 2302 prologus
605 2267 666 2294 «dd.
681 2267 764 2301 codd„
784 2277 832 2295 om.
849 2269 902 2296 Ρ1.

259 2363 282 2395 ⁸)
301 2364 434 2389 incohatur
447 2363 477 2388 P.
548 2362 573 2394 b)
592 2364 728 2389 videantur
743 2364 764 2388 C'
772 2367 793 2390 1.
865 2364 886 2395 c)
905 2365 1073 2390 Theoderitus
1088 2364 1110 2389 C
1118 2368 1139 2397 1,
1154 2366 1184 2396 P,
1199 2365 1252 2392 ΡΙ,
1319 2366 1343 2397 tl)
1363 2367 1505 2399 probantur
1520 2367 1546 2397 0,
1560 2367 1592 2398 F,
1606 2367 1666 2396 F1,·
1685 2368 1807 2400 probatur

102 2416 127 2434 35
156 2415 225 2432 corr.
237 2414 267 2432 επ
285 2406 426 2439 probantur
440 2404 469 2438 V,
483 2406 514 2438 P,
532 2414 580 2431 om.
593 2406 643 2431 01.
713 2406 736 2439 e)
756 2407 914 2432 obmiserunt
932 2406 964 2439 F,
975 2407 1034 2433 Fz.
1104 2407 1124 2440 ¹)
1143 2409 1324 2435 nichilominus
1343 2409 1370 2441 (o
1389 2410 1417 2434 in,
1433 2409 1499 2442 ras.)
1520 2410 1555 2442 C';
1573 2410 1757 2436 nihilhominus
1778 2411 1807 2437 V.

155 2448 180 2481 s)
198 2450 247 2475 hoc
265 2450 351 2481 itaque
371 2448 402 2480 F,
417 2448 477 2478 F1,·
494 2450 580 2481 itaque
598 2450 644 2475 hos
664 2449 685 2474 C
693 2453 714 2475 1.
802 2448 828 2482 h)
847 2454 872 2475 et
892 2448 942 2476 C'l.
1031 2449 1050 2483 i)
1069 2451 1170 2477 istoriae
1189 2451 1217 2476 V.
1307 2451 1332 2484 k)
1353 2452 1471 2478 deflorari
1490 2452 1519 2477 F
1532 2452 1558 2485 (e
1577 2461 1643 2479 corr.
1656 2462 1686 2478 ex
1704 2453 1733 2487 i),
1746 2454 1806 2479 ΕΙ.

153 2492 173 2525 l)
192 2493 344 2518 industriam
363 2496 434 2517 tuam
455 2491 481 2522 Ο,
496 2492 546 2517 01.
645 2492 677 2525 ¹¹¹)
695 2493 794 2526 aplicae
814 2493 841 2518 V.
944 2492 969 2525 n)
987 2498 1115 2526 exquatur
1132 2494 1162 2519 F
1167 2498 1188 2520 1.
1278 2495 1301 2525 ⁰)
1321 2503 1402 2528 poene
1421 2495 1448 2520 V.
1538 2496 1562 2528 Ρ)
1582 2505 1629 2522 om.
1645 2496 1667 2520 C
1675 2499 1696 2528 1,
1709 2497 1741 2529 P,
1752 2497 1808 2522 1³1.

154 2538 179 2566 q)
199 2536 320 2561 cibilibus
334 2534 366 2564 0,·
385 2535 506 2560 ciuilibus
524 2543 592 2560 corr.
605 2544 635 2561 ea:
653 2536 773 2561 cibilibus
788 2535 818 2561 V.
889 2536 910 2568 ¹)
930 2538 1012 2562 exorsi
1027 2537 1076 2563 01.
1148 2538 1169 2569 ¹³)
1188 2546 1299 2571 paucam
1315 2538 1345 2568 C';
1364 2546 1445 2570 pauca
1459 2547 1526 2564 corr.
1538 2547 1592 2564 raa.
1606 2547 1637 2565 ex
1655 2548 1761 2572 paucam
1778 2540 1807 2565 V.

154 2580 173 2612 t)
193 2579 272 2604 relate
292 2578 340 2604 01.
413 2576 439 2610 u)
457 2578 518 2604 horo
537 2577 570 2610 F,
582 2578 610 2603 F
617 2581 638 2603 1.
708 2579 732 2609 V)
750 2579 907 2612 profiscuum
927 2578 978 2605 01.
1049 2580 1080 2612 W)
1099 2581 1212 2607 dicentes
1232 2579 1255 2606 C
1261 2584 1282 2607 1.
1358 2580 1385 2612 Χ)
1403 2582 1479 2606 <lcum
1500 2581 1548 2606 01.
1627 2581 1652 2615 y)
1670 2583 1761 2614 horare
1773 2582 1810 2607 F·

101 2632 128 2650 40
156 2623 179 2655 z)
199 2631 250 2647 non
271 2621 298 2645 V.
405 2620 428 2653 2)
448 2622 594 2654 repperierit
615 2622 646 2651 O,·
666 2623 804 2654 reppererit
823 2630 889 2647 corr.
903 2630 933 2647 ex
952 2623 1100 2656 repperierit
1118 2623 1147 2654 V,
1163 2624 1220 2655 015
1239 2624 1371 2657 reperierit
1384 2623 1414 2654 F,
1429 2623 1483 2650 ΓΙ.
1591 2624 1615 2655 b)
1634 2625 1808 2658 indisciplina-

155 2666 231 2691 tionis
250 2664 282 2696 F,
294 2664 348 2689 FJ.

259 2759 284 2791 1)
303 2757 363 2784 Sive
382 2757 508 2790 Rufinus.
611 2758 637 2791 2)
657 2758 698 2793 Cf.
711 2766 796 2791 supra
812 2766 840 2791 p.
856 2762 903 2784 419
920 2766 984 2784 ann.
999 2763 1021 2785 5.
1132 2759 1160 2793 3)
1181 2760 1221 2792 Cf.
1236 2759 1352 2794 Reyistr.
1366 2759 1486 2793 Greqoiii
1505 2760 1528 2785 Ι.
1544 2759 1606 2793 V11,
1621 2762 1662 2792 31,
1681 2759 1721 2786 ed.
1737 2759 1807 2787 ΜΘ.

157 2802 246 2835 Epist.
262 2801 285 2834 I,
300 2804 350 2827 479
367 2808 425 2827 cum
445 2809 509 2827 ann.
523 2806 546 2827 4.
651 2802 678 2834 4)
698 2800 731 2834 I.,
745 2803 896 2827 527—566.
1001 2801 1028 2834 5)
1050 2801 1223 2835 Theophanis
1238 2802 1385 2836 praelatio,
1404 2802 1442 2829 ecl.
1455 2802 1485 2828 tle
1505 2802 1578 2829 Boor
1596 2802 1621 2836 I,
1635 2807 1650 2828 4
1670 2803 1686 2830 l.
1700 2806 1738 2830 18.
