<?xml version="1.0" encoding="UTF-8"?>
<!DOCTYPE html PUBLIC "-//W3C//DTD XHTML 1.0 Transitional//EN"
    "http://www.w3.org/TR/xhtml1/DTD/xhtml1-transitional.dtd">
<html xmlns="http://www.w3.org/1999/xhtml" xml:lang="en" lang="en">
 <head>
  <title>
</title>
<meta http-equiv="Content-Type" content="text/html;charset=utf-8" />
  <meta name='ocr-system' content='tesseract 3.04.00' />
  <meta name='ocr-capabilities' content='ocr_page ocr_carea ocr_par ocr_line ocrx_word'/>
</head>
<body>
  <div class='ocr_page' id='page_1' title='image "./monumentagerman07geseuoft_0351.png"; bbox 0 0 2189 3042; ppageno 0'>
   <div class='ocr_carea' id='block_1_1' title="bbox 154 741 179 760">
    <p class='ocr_par' dir='ltr' id='par_1_1' title="bbox 154 741 179 760">
     <span class='ocr_line' id='line_1_1' title="bbox 154 741 179 760; baseline 0 0"><span class='ocrx_word' id='word_1_1' title='bbox 154 741 179 760; x_wconf 81' lang='lat'>10</span> 
     </span>
    </p>
   </div>
   <div class='ocr_carea' id='block_1_2' title="bbox 154 997 178 1017">
    <p class='ocr_par' dir='ltr' id='par_1_2' title="bbox 154 997 178 1017">
     <span class='ocr_line' id='line_1_2' title="bbox 154 997 178 1017; baseline -0.042 0"><span class='ocrx_word' id='word_1_2' title='bbox 154 997 178 1017; x_wconf 75' lang='lat'>15</span> 
     </span>
    </p>
   </div>
   <div class='ocr_carea' id='block_1_3' title="bbox 153 1736 177 1756">
    <p class='ocr_par' dir='ltr' id='par_1_3' title="bbox 153 1736 177 1756">
     <span class='ocr_line' id='line_1_3' title="bbox 153 1736 177 1756; baseline 0 0"><span class='ocrx_word' id='word_1_3' title='bbox 153 1736 177 1756; x_wconf 75' lang='lat'>25</span> 
     </span>
    </p>
   </div>
   <div class='ocr_carea' id='block_1_4' title="bbox 157 2003 181 2021">
    <p class='ocr_par' dir='ltr' id='par_1_4' title="bbox 157 2003 181 2021">
     <span class='ocr_line' id='line_1_4' title="bbox 157 2003 181 2021; baseline 0 0"><span class='ocrx_word' id='word_1_4' title='bbox 157 2003 181 2021; x_wconf 80' lang='lat'>30</span> 
     </span>
    </p>
   </div>
   <div class='ocr_carea' id='block_1_5' title="bbox 155 2441 179 2462">
    <p class='ocr_par' dir='ltr' id='par_1_5' title="bbox 155 2441 179 2462">
     <span class='ocr_line' id='line_1_5' title="bbox 155 2441 179 2462; baseline 0.042 -1"><span class='ocrx_word' id='word_1_5' title='bbox 155 2441 179 2462; x_wconf 75' lang='lat'>3⁵</span> 
     </span>
    </p>
   </div>
   <div class='ocr_carea' id='block_1_6' title="bbox 156 2762 182 2781">
    <p class='ocr_par' dir='ltr' id='par_1_6' title="bbox 156 2762 182 2781">
     <span class='ocr_line' id='line_1_6' title="bbox 156 2762 182 2781; baseline 0 0"><span class='ocrx_word' id='word_1_6' title='bbox 156 2762 182 2781; x_wconf 65' lang='lat' dir='ltr'>do</span> 
     </span>
    </p>
   </div>
   <div class='ocr_carea' id='block_1_7' title="bbox 481 175 1867 211">
    <p class='ocr_par' dir='ltr' id='par_1_7' title="bbox 481 175 1867 211">
     <span class='ocr_line' id='line_1_7' title="bbox 481 175 1867 211; baseline 0 -6"><span class='ocrx_word' id='word_1_7' title='bbox 481 175 660 205; x_wconf 83' lang='lat' dir='ltr'>IOHANNIS</span> <span class='ocrx_word' id='word_1_8' title='bbox 673 178 746 205; x_wconf 92' lang='lat' dir='ltr'><strong>VIII.</strong></span> <span class='ocrx_word' id='word_1_9' title='bbox 766 178 885 205; x_wconf 87' lang='lat' dir='ltr'><strong>PAPAE</strong></span> <span class='ocrx_word' id='word_1_10' title='bbox 903 179 1103 206; x_wconf 85' lang='lat' dir='ltr'>EPISTOLAE</span> <span class='ocrx_word' id='word_1_11' title='bbox 1123 179 1251 205; x_wconf 67' lang='lat' dir='ltr'>PASSIM</span> <span class='ocrx_word' id='word_1_12' title='bbox 1271 179 1482 205; x_wconf 66' lang='lat' dir='ltr'>COLLEGTAE</span> <span class='ocrx_word' id='word_1_13' title='bbox 1503 180 1524 206; x_wconf 87' lang='lat'>1.</span> <span class='ocrx_word' id='word_1_14' title='bbox 1537 180 1561 205; x_wconf 78' lang='lat'>2.</span> <span class='ocrx_word' id='word_1_15' title='bbox 1576 180 1599 205; x_wconf 85' lang='lat'>3.</span> <span class='ocrx_word' id='word_1_16' title='bbox 1807 182 1867 211; x_wconf 75' lang='lat'>315</span> 
     </span>
    </p>
   </div>
   <div class='ocr_carea' id='block_1_8' title="bbox 206 266 2057 978">
    <p class='ocr_par' dir='ltr' id='par_1_8' title="bbox 206 266 2057 978">
     <span class='ocr_line' id='line_1_8' title="bbox 208 266 1868 308; baseline 0 -11"><span class='ocrx_word' id='word_1_17' title='bbox 208 269 397 307; x_wconf 71' lang='lat' dir='ltr'>praesentes</span> <span class='ocrx_word' id='word_1_18' title='bbox 427 267 636 307; x_wconf 81' lang='lat' dir='ltr'>invenientur,</span> <span class='ocrx_word' id='word_1_19' title='bbox 671 267 739 307; x_wconf 85' lang='lat' dir='ltr'>ipse</span> <span class='ocrx_word' id='word_1_20' title='bbox 771 276 897 308; x_wconf 90' lang='lat' dir='ltr'>quoque</span> <span class='ocrx_word' id='word_1_21' title='bbox 932 276 1085 307; x_wconf 77' lang='lat' dir='ltr'>praesens</span> <span class='ocrx_word' id='word_1_22' title='bbox 1115 267 1238 307; x_wconf 83' lang='lat' dir='ltr'>positus</span> <span class='ocrx_word' id='word_1_23' title='bbox 1271 267 1381 297; x_wconf 86' lang='lat' dir='ltr'>valeas</span> <span class='ocrx_word' id='word_1_24' title='bbox 1411 266 1607 307; x_wconf 86' lang='lat' dir='ltr'>respondere</span> <span class='ocrx_word' id='word_1_25' title='bbox 1639 270 1671 297; x_wconf 89' lang='lat' dir='ltr'>et</span> <span class='ocrx_word' id='word_1_26' title='bbox 1702 266 1868 298; x_wconf 83' lang='lat' dir='ltr'>divinitate</span> 
     </span>
     <span class='ocr_line' id='line_1_9' title="bbox 209 318 1863 359; baseline 0.001 -11"><span class='ocrx_word' id='word_1_27' title='bbox 209 318 351 359; x_wconf 86' lang='lat' dir='ltr'>propitia</span> <span class='ocrx_word' id='word_1_28' title='bbox 376 318 494 349; x_wconf 86' lang='lat' dir='ltr'>idonea</span> <span class='ocrx_word' id='word_1_29' title='bbox 522 319 646 349; x_wconf 86' lang='lat' dir='ltr'>ratione</span> <span class='ocrx_word' id='word_1_30' title='bbox 676 318 824 349; x_wconf 88' lang='lat' dir='ltr'>universa</span> <span class='ocrx_word' id='word_1_31' title='bbox 854 318 1022 349; x_wconf 79' lang='lat' dir='ltr'>convincas</span> <span class='ocrx_word' id='word_1_32' title='bbox 1052 318 1187 349; x_wconf 86' lang='lat' dir='ltr'>obiecta.</span> <span class='ocrx_word' id='word_1_33' title='bbox 1236 318 1382 359; x_wconf 89' lang='lat' dir='ltr'>Denique</span> <span class='ocrx_word' id='word_1_34' title='bbox 1412 318 1486 349; x_wconf 84' lang='lat' dir='ltr'>licet</span> <span class='ocrx_word' id='word_1_35' title='bbox 1516 318 1602 349; x_wconf 91' lang='lat' dir='ltr'>nullo</span> <span class='ocrx_word' id='word_1_36' title='bbox 1633 318 1743 349; x_wconf 87' lang='lat' dir='ltr'>valeas</span> <span class='ocrx_word' id='word_1_37' title='bbox 1766 321 1863 358; x_wconf 88' lang='lat' dir='ltr'>paeto</span> 
     </span>
     <span class='ocr_line' id='line_1_10' title="bbox 208 366 1863 412; baseline 0.001 -13"><span class='ocrx_word' id='word_1_38' title='bbox 208 370 425 410; x_wconf 82' lang='lat' dir='ltr'>praesentiam</span> <span class='ocrx_word' id='word_1_39' title='bbox 448 372 536 401; x_wconf 87' lang='lat' dir='ltr'>tuam</span> <span class='ocrx_word' id='word_1_40' title='bbox 560 370 626 401; x_wconf 87' lang='lat' dir='ltr'>sine</span> <span class='ocrx_word' id='word_1_41' title='bbox 650 373 704 401; x_wconf 90' lang='lat' dir='ltr'>tuo</span> <span class='ocrx_word' id='word_1_42' title='bbox 729 369 911 401; x_wconf 76' lang='lat' dir='ltr'>discrimine</span> <span class='ocrx_word' id='word_1_43' title='bbox 932 366 950 400; x_wconf 78' lang='lat' dir='ltr'>a</span> <span class='ocrx_word' id='word_1_44' title='bbox 966 369 1052 401; x_wconf 88' lang='lat' dir='ltr'>sedis</span> <span class='ocrx_word' id='word_1_45' title='bbox 1069 370 1263 411; x_wconf 85' lang='lat' dir='ltr'>apostolicae</span> <span class='ocrx_word' id='word_1_46' title='bbox 1281 371 1463 412; x_wconf 77' lang='lat' dir='ltr'>cognitione</span> <span class='ocrx_word' id='word_1_47' title='bbox 1480 369 1670 409; x_wconf 84' lang='lat' dir='ltr'>subducere,</span> <span class='ocrx_word' id='word_1_48' title='bbox 1696 371 1863 411; x_wconf 85' lang='lat' dir='ltr'>quominus</span> 
     </span>
     <span class='ocr_line' id='line_1_11' title="bbox 207 421 1862 462; baseline 0.001 -11"><span class='ocrx_word' id='word_1_49' title='bbox 207 421 261 461; x_wconf 92' lang='lat' dir='ltr'>qui</span> <span class='ocrx_word' id='word_1_50' title='bbox 290 421 502 462; x_wconf 81' lang='lat' dir='ltr'>personaliter</span> <span class='ocrx_word' id='word_1_51' title='bbox 530 421 706 462; x_wconf 76' lang='lat' dir='ltr'>impeteris,</span> <span class='ocrx_word' id='word_1_52' title='bbox 737 421 949 462; x_wconf 79' lang='lat' dir='ltr'>personaliter</span> <span class='ocrx_word' id='word_1_53' title='bbox 977 421 1018 452; x_wconf 87' lang='lat' dir='ltr'>ad</span> <span class='ocrx_word' id='word_1_54' title='bbox 1048 422 1300 452; x_wconf 72' lang='lat' dir='ltr'>satisfactionem</span> <span class='ocrx_word' id='word_1_55' title='bbox 1330 422 1476 458; x_wconf 77' lang='lat' dir='ltr'>accedas,</span> <span class='ocrx_word' id='word_1_56' title='bbox 1508 422 1653 452; x_wconf 80' lang='lat' dir='ltr'>volumus</span> <span class='ocrx_word' id='word_1_57' title='bbox 1684 425 1794 453; x_wconf 81' lang='lat' dir='ltr'>tamen</span> <span class='ocrx_word' id='word_1_58' title='bbox 1817 423 1862 453; x_wconf 87' lang='lat' dir='ltr'>sic</span> 
     </span>
     <span class='ocr_line' id='line_1_12' title="bbox 206 472 1862 514; baseline 0.001 -12"><span class='ocrx_word' id='word_1_59' title='bbox 206 475 238 503; x_wconf 88' lang='lat' dir='ltr'>te</span> <span class='ocrx_word' id='word_1_60' title='bbox 266 472 387 513; x_wconf 78' lang='lat' dir='ltr'>audire,</span> <span class='ocrx_word' id='word_1_61' title='bbox 419 475 454 503; x_wconf 88' lang='lat' dir='ltr'>ut</span> <span class='ocrx_word' id='word_1_62' title='bbox 481 476 635 514; x_wconf 85' lang='lat' dir='ltr'>quantum</span> <span class='ocrx_word' id='word_1_63' title='bbox 661 484 718 503; x_wconf 88' lang='lat' dir='ltr'>nos</span> <span class='ocrx_word' id='word_1_64' title='bbox 741 473 847 514; x_wconf 61' lang='lat' dir='ltr'>figora</span> <span class='ocrx_word' id='word_1_65' title='bbox 870 476 902 504; x_wconf 89' lang='lat' dir='ltr'>et</span> <span class='ocrx_word' id='word_1_66' title='bbox 925 473 1003 504; x_wconf 85' lang='lat' dir='ltr'>ritus</span> <span class='ocrx_word' id='word_1_67' title='bbox 1027 473 1264 504; x_wconf 84' lang='lat' dir='ltr'>ecclesiasticus</span> <span class='ocrx_word' id='word_1_68' title='bbox 1288 473 1370 508; x_wconf 82' lang='lat' dir='ltr'>sinit,</span> <span class='ocrx_word' id='word_1_69' title='bbox 1395 473 1587 504; x_wconf 85' lang='lat' dir='ltr'>solutionem</span> <span class='ocrx_word' id='word_1_70' title='bbox 1613 474 1667 512; x_wconf 75' lang='lat' dir='ltr'>tui,</span> <span class='ocrx_word' id='word_1_71' title='bbox 1697 484 1758 504; x_wconf 91' lang='lat' dir='ltr'>non</span> <span class='ocrx_word' id='word_1_72' title='bbox 1784 473 1862 504; x_wconf 93' lang='lat' dir='ltr'>obli-</span> 
     </span>
     <span class='ocr_line' id='line_1_13' title="bbox 207 524 1861 565; baseline 0 -10"><span class='ocrx_word' id='word_1_73' title='bbox 207 524 372 565; x_wconf 81' lang='lat' dir='ltr'>gationem</span> <span class='ocrx_word' id='word_1_74' title='bbox 390 527 538 565; x_wconf 88' lang='lat' dir='ltr'>optemus</span> <span class='ocrx_word' id='word_1_75' title='bbox 554 527 587 555; x_wconf 88' lang='lat' dir='ltr'>et</span> <span class='ocrx_word' id='word_1_76' title='bbox 603 527 730 564; x_wconf 87' lang='lat' dir='ltr'>statum,</span> <span class='ocrx_word' id='word_1_77' title='bbox 754 535 817 555; x_wconf 87' lang='lat' dir='ltr'>non</span> <span class='ocrx_word' id='word_1_78' title='bbox 833 535 942 555; x_wconf 87' lang='lat' dir='ltr'>casum</span> <span class='ocrx_word' id='word_1_79' title='bbox 959 534 1161 565; x_wconf 82' lang='lat' dir='ltr'>quaeramus,</span> <span class='ocrx_word' id='word_1_80' title='bbox 1179 524 1254 565; x_wconf 90' lang='lat' dir='ltr'>quia</span> <span class='ocrx_word' id='word_1_81' title='bbox 1275 525 1335 555; x_wconf 88' lang='lat' dir='ltr'>etsi</span> <span class='ocrx_word' id='word_1_82' title='bbox 1356 535 1467 556; x_wconf 84' lang='lat' dir='ltr'>vocem</span> <span class='ocrx_word' id='word_1_83' title='bbox 1492 525 1697 556; x_wconf 81' lang='lat' dir='ltr'>clamantium</span> <span class='ocrx_word' id='word_1_84' title='bbox 1715 528 1861 556; x_wconf 86' lang='lat' dir='ltr'>avertere</span> 
     </span>
     <span class='ocr_line' id='line_1_14' title="bbox 207 575 2057 618; baseline 0.001 -12"><span class='ocrx_word' id='word_1_85' title='bbox 207 585 271 606; x_wconf 88' lang='lat' dir='ltr'>non</span> <span class='ocrx_word' id='word_1_86' title='bbox 289 575 441 615; x_wconf 80' lang='lat' dir='ltr'>valemus,</span> <span class='ocrx_word' id='word_1_87' title='bbox 465 580 616 617; x_wconf 87' lang='lat' dir='ltr'>paternos</span> <span class='ocrx_word' id='word_1_88' title='bbox 633 586 760 618; x_wconf 86' lang='lat' dir='ltr'>quoque</span> <span class='ocrx_word' id='word_1_89' title='bbox 777 577 929 607; x_wconf 88' lang='lat' dir='ltr'>terminos</span> <span class='ocrx_word' id='word_1_90' title='bbox 944 576 1106 617; x_wconf 81' lang='lat' dir='ltr'>praefixos</span> <span class='ocrx_word' id='word_1_91' title='bbox 1124 576 1197 606; x_wconf 87' lang='lat' dir='ltr'>olim</span> <span class='ocrx_word' id='word_1_92' title='bbox 1216 576 1395 618; x_wconf 82' lang='lat' dir='ltr'>transgredi</span> <span class='ocrx_word' id='word_1_93' title='bbox 1413 587 1476 607; x_wconf 89' lang='lat' dir='ltr'>non</span> <span class='ocrx_word' id='word_1_94' title='bbox 1493 577 1658 614; x_wconf 75' lang='lat' dir='ltr'>audemus,</span> <span class='ocrx_word' id='word_1_95' title='bbox 1684 587 1722 607; x_wconf 80' lang='lat' dir='ltr'>ea</span> <span class='ocrx_word' id='word_1_96' title='bbox 1739 581 1857 618; x_wconf 79' lang='lat' dir='ltr'>tamen,</span> <span class='ocrx_word' id='word_1_97' title='bbox 1871 584 1899 605; x_wconf 80' lang='lat' dir='ltr'>cf·</span> <span class='ocrx_word' id='word_1_98' title='bbox 1911 583 1974 604; x_wconf 81' lang='lat' dir='ltr'>Prov-</span> <span class='ocrx_word' id='word_1_99' title='bbox 1985 585 2018 609; x_wconf 69' lang='lat'>²²,</span> <span class='ocrx_word' id='word_1_100' title='bbox 2029 586 2057 605; x_wconf 74' lang='lat'>28</span> 
     </span>
     <span class='ocr_line' id='line_1_15' title="bbox 206 627 1860 668; baseline 0.001 -11"><span class='ocrx_word' id='word_1_101' title='bbox 206 637 290 668; x_wconf 85' lang='lat' dir='ltr'>quae</span> <span class='ocrx_word' id='word_1_102' title='bbox 314 628 401 668; x_wconf 82' lang='lat' dir='ltr'>pacis</span> <span class='ocrx_word' id='word_1_103' title='bbox 425 630 506 668; x_wconf 87' lang='lat' dir='ltr'>sunt,</span> <span class='ocrx_word' id='word_1_104' title='bbox 537 628 653 658; x_wconf 84' lang='lat' dir='ltr'>sectari</span> <span class='ocrx_word' id='word_1_105' title='bbox 675 627 821 658; x_wconf 85' lang='lat' dir='ltr'>volumus</span> <span class='ocrx_word' id='word_1_106' title='bbox 849 631 881 659; x_wconf 88' lang='lat' dir='ltr'>et</span> <span class='ocrx_word' id='word_1_107' title='bbox 903 627 1078 658; x_wconf 79' lang='lat' dir='ltr'>fraternam</span> <span class='ocrx_word' id='word_1_108' title='bbox 1102 627 1392 668; x_wconf 83' lang='lat' dir='ltr'>indempnitatcmb</span> <span class='ocrx_word' id='word_1_109' title='bbox 1416 629 1549 659; x_wconf 83' lang='lat' dir='ltr'>caritate</span> <span class='ocrx_word' id='word_1_110' title='bbox 1581 627 1721 659; x_wconf 83' lang='lat' dir='ltr'>dictante</span> <span class='ocrx_word' id='word_1_111' title='bbox 1746 628 1860 659; x_wconf 87' lang='lat' dir='ltr'>merito</span> 
     </span>
     <span class='ocr_line' id='line_1_16' title="bbox 207 678 1861 720; baseline 0 -11"><span class='ocrx_word' id='word_1_112' title='bbox 207 679 352 720; x_wconf 85' lang='lat' dir='ltr'>cupimus</span> <span class='ocrx_word' id='word_1_113' title='bbox 376 682 408 710; x_wconf 89' lang='lat' dir='ltr'>et</span> <span class='ocrx_word' id='word_1_114' title='bbox 432 682 588 720; x_wconf 86' lang='lat' dir='ltr'>optamus.</span> <span class='ocrx_word' id='word_1_115' title='bbox 634 679 793 710; x_wconf 89' lang='lat' dir='ltr'>Veremur</span> <span class='ocrx_word' id='word_1_116' title='bbox 821 682 939 718; x_wconf 77' lang='lat' dir='ltr'>autem,</span> <span class='ocrx_word' id='word_1_117' title='bbox 968 689 1007 709; x_wconf 88' lang='lat' dir='ltr'>ne</span> <span class='ocrx_word' id='word_1_118' title='bbox 1038 679 1063 709; x_wconf 90' lang='lat' dir='ltr'>si</span> <span class='ocrx_word' id='word_1_119' title='bbox 1088 679 1287 720; x_wconf 83' lang='lat' dir='ltr'>quarundam</span> <span class='ocrx_word' id='word_1_120' title='bbox 1319 678 1538 710; x_wconf 83' lang='lat' dir='ltr'>adulationum</span> <span class='ocrx_word' id='word_1_121' title='bbox 1564 680 1615 710; x_wconf 82' lang='lat' dir='ltr'>vol</span> <span class='ocrx_word' id='word_1_122' title='bbox 1638 679 1781 710; x_wconf 81' lang='lat' dir='ltr'>fortassis</span> <span class='ocrx_word' id='word_1_123' title='bbox 1805 690 1861 710; x_wconf 80' lang='lat' dir='ltr'>ex-</span> 
     </span>
     <span class='ocr_line' id='line_1_17' title="bbox 207 730 1860 772; baseline 0.001 -11"><span class='ocrx_word' id='word_1_124' title='bbox 207 731 407 761; x_wconf 86' lang='lat' dir='ltr'>cusationum</span> <span class='ocrx_word' id='word_1_125' title='bbox 431 730 621 771; x_wconf 85' lang='lat' dir='ltr'>ambagibus</span> <span class='ocrx_word' id='word_1_126' title='bbox 645 734 814 761; x_wconf 83' lang='lat' dir='ltr'>enervatus</span> <span class='ocrx_word' id='word_1_127' title='bbox 834 730 883 760; x_wconf 86' lang='lat' dir='ltr'>his</span> <span class='ocrx_word' id='word_1_128' title='bbox 899 731 1013 761; x_wconf 83' lang='lat' dir='ltr'>nostris</span> <span class='ocrx_word' id='word_1_129' title='bbox 1031 730 1161 761; x_wconf 89' lang='lat' dir='ltr'>minime</span> <span class='ocrx_word' id='word_1_130' title='bbox 1180 730 1309 761; x_wconf 79' lang='lat' dir='ltr'>duxeris</span> <span class='ocrx_word' id='word_1_131' title='bbox 1326 730 1457 771; x_wconf 79' lang='lat' dir='ltr'>syllabis</span> <span class='ocrx_word' id='word_1_132' title='bbox 1475 731 1690 761; x_wconf 88' lang='lat' dir='ltr'>obediendum</span> <span class='ocrx_word' id='word_1_133' title='bbox 1708 734 1860 772; x_wconf 87' lang='lat' dir='ltr'>tuamque</span> 
     </span>
     <span class='ocr_line' id='line_1_18' title="bbox 206 781 1861 823; baseline 0 -10"><span class='ocrx_word' id='word_1_134' title='bbox 206 782 423 823; x_wconf 85' lang='lat' dir='ltr'>praesentiam</span> <span class='ocrx_word' id='word_1_135' title='bbox 446 782 486 812; x_wconf 86' lang='lat' dir='ltr'>ab</span> <span class='ocrx_word' id='word_1_136' title='bbox 510 782 675 813; x_wconf 87' lang='lat' dir='ltr'>audientia</span> <span class='ocrx_word' id='word_1_137' title='bbox 698 782 847 822; x_wconf 88' lang='lat' dir='ltr'>specialis</span> <span class='ocrx_word' id='word_1_138' title='bbox 871 782 1027 812; x_wconf 83' lang='lat' dir='ltr'>examinis</span> <span class='ocrx_word' id='word_1_139' title='bbox 1042 782 1142 812; x_wconf 88' lang='lat' dir='ltr'>nostri</span> <span class='ocrx_word' id='word_1_140' title='bbox 1166 781 1367 821; x_wconf 76' lang='lat' dir='ltr'>subduxeris,</span> <span class='ocrx_word' id='word_1_141' title='bbox 1390 782 1550 813; x_wconf 83' lang='lat' dir='ltr'>sinistram</span> <span class='ocrx_word' id='word_1_142' title='bbox 1574 781 1613 813; x_wconf 87' lang='lat' dir='ltr'>de</span> <span class='ocrx_word' id='word_1_143' title='bbox 1630 786 1671 821; x_wconf 80' lang='lat' dir='ltr'>te,</span> <span class='ocrx_word' id='word_1_144' title='bbox 1697 782 1782 823; x_wconf 91' lang='lat' dir='ltr'>quod</span> <span class='ocrx_word' id='word_1_145' title='bbox 1798 793 1861 813; x_wconf 90' lang='lat' dir='ltr'>non</span> 
     </span>
     <span class='ocr_line' id='line_1_19' title="bbox 209 833 1862 875; baseline 0 -11"><span class='ocrx_word' id='word_1_146' title='bbox 209 836 367 874; x_wconf 83' lang='lat' dir='ltr'>optamus,</span> <span class='ocrx_word' id='word_1_147' title='bbox 391 833 575 874; x_wconf 89' lang='lat' dir='ltr'>opinionem</span> <span class='ocrx_word' id='word_1_148' title='bbox 597 833 724 873; x_wconf 79' lang='lat' dir='ltr'>reddas,</span> <span class='ocrx_word' id='word_1_149' title='bbox 755 834 863 872; x_wconf 76' lang='lat' dir='ltr'>immo,</span> <span class='ocrx_word' id='word_1_150' title='bbox 895 833 981 874; x_wconf 91' lang='lat' dir='ltr'>quod</span> <span class='ocrx_word' id='word_1_151' title='bbox 1005 836 1053 864; x_wconf 80' lang='lat' dir='ltr'>est</span> <span class='ocrx_word' id='word_1_152' title='bbox 1076 833 1214 873; x_wconf 80' lang='lat' dir='ltr'>gravius,</span> <span class='ocrx_word' id='word_1_153' title='bbox 1240 833 1356 874; x_wconf 82' lang='lat' dir='ltr'>probes</span> <span class='ocrx_word' id='word_1_154' title='bbox 1381 833 1421 864; x_wconf 85' lang='lat' dir='ltr'>de</span> <span class='ocrx_word' id='word_1_155' title='bbox 1446 836 1487 873; x_wconf 86' lang='lat' dir='ltr'>te,</span> <span class='ocrx_word' id='word_1_156' title='bbox 1513 844 1595 875; x_wconf 86' lang='lat' dir='ltr'>quae</span> <span class='ocrx_word' id='word_1_157' title='bbox 1621 834 1705 864; x_wconf 88' lang='lat' dir='ltr'>dicta</span> <span class='ocrx_word' id='word_1_158' title='bbox 1730 837 1811 873; x_wconf 85' lang='lat' dir='ltr'>sunt,</span> <span class='ocrx_word' id='word_1_159' title='bbox 1836 835 1862 864; x_wconf 91' lang='lat' dir='ltr'>si</span> 
     </span>
     <span class='ocr_line' id='line_1_20' title="bbox 207 884 1862 925; baseline 0 -10"><span class='ocrx_word' id='word_1_160' title='bbox 207 884 250 915; x_wconf 89' lang='lat' dir='ltr'>ad</span> <span class='ocrx_word' id='word_1_161' title='bbox 281 884 363 915; x_wconf 88' lang='lat' dir='ltr'>haee</span> <span class='ocrx_word' id='word_1_162' title='bbox 393 884 555 916; x_wconf 88' lang='lat' dir='ltr'>abluenda</span> <span class='ocrx_word' id='word_1_163' title='bbox 584 887 672 915; x_wconf 87' lang='lat' dir='ltr'>tuam</span> <span class='ocrx_word' id='word_1_164' title='bbox 701 884 794 915; x_wconf 90' lang='lat' dir='ltr'>nobis</span> <span class='ocrx_word' id='word_1_165' title='bbox 823 885 926 915; x_wconf 88' lang='lat' dir='ltr'>minus</span> <span class='ocrx_word' id='word_1_166' title='bbox 948 885 1166 925; x_wconf 88' lang='lat' dir='ltr'>praesentiam</span> <span class='ocrx_word' id='word_1_167' title='bbox 1192 884 1384 916; x_wconf 82' lang='lat' dir='ltr'>exhibueris.</span> <span class='ocrx_word' id='word_1_168' title='bbox 1431 885 1524 916; x_wconf 86' lang='lat' dir='ltr'>Unde</span> <span class='ocrx_word' id='word_1_169' title='bbox 1549 885 1663 915; x_wconf 86' lang='lat' dir='ltr'>beatus</span> <span class='ocrx_word' id='word_1_170' title='bbox 1686 884 1862 916; x_wconf 84' lang='lat' dir='ltr'>Hormisda</span> 
     </span>
     <span class='ocr_line' id='line_1_21' title="bbox 209 935 1863 978; baseline 0.001 -12"><span class='ocrx_word' id='word_1_171' title='bbox 209 936 303 967; x_wconf 80' lang='lat' dir='ltr'>huius</span> <span class='ocrx_word' id='word_1_172' title='bbox 332 936 417 967; x_wconf 80' lang='lat' dir='ltr'>Sedis</span> <span class='ocrx_word' id='word_1_173' title='bbox 441 936 587 968; x_wconf 79' lang='lat' dir='ltr'>antistes:</span> <span class='ocrx_word' id='word_1_174' title='bbox 618 935 724 975; x_wconf 76' lang='lat' dir='ltr'>Solae,</span> <span class='ocrx_word' id='word_1_175' title='bbox 755 936 857 978; x_wconf 73' lang='lat' dir='ltr'>inquit</span> <span class='ocrx_word' id='word_1_176' title='bbox 868 937 889 973; x_wconf 76' lang='lat'>¹,</span> <span class='ocrx_word' id='word_1_177' title='bbox 919 947 1033 967; x_wconf 78' lang='lat' dir='ltr'>causae</span> <span class='ocrx_word' id='word_1_178' title='bbox 1058 941 1202 967; x_wconf 85' lang='lat' dir='ltr'>declinant</span> <span class='ocrx_word' id='word_1_179' title='bbox 1226 949 1344 967; x_wconf 84' lang='lat' dir='ltr'>examen</span> <span class='ocrx_word' id='word_1_180' title='bbox 1367 941 1566 973; x_wconf 70' lang='lat' dir='ltr'>conscientiae,</span> <span class='ocrx_word' id='word_1_181' title='bbox 1592 949 1663 974; x_wconf 72' lang='lat' dir='ltr'>quae</span> <span class='ocrx_word' id='word_1_182' title='bbox 1687 943 1765 968; x_wconf 81' lang='lat' dir='ltr'>recta</span> <span class='ocrx_word' id='word_1_183' title='bbox 1788 943 1863 975; x_wconf 81' lang='lat' dir='ltr'>sunt,</span> 
     </span>
    </p>
   </div>
   <div class='ocr_carea' id='block_1_9' title="bbox 206 994 1195 1069">
    <p class='ocr_par' dir='ltr' id='par_1_9' title="bbox 206 994 1195 1069">
     <span class='ocr_line' id='line_1_22' title="bbox 206 994 426 1019; baseline 0 0"><span class='ocrx_word' id='word_1_184' title='bbox 206 1001 264 1019; x_wconf 88' lang='lat' dir='ltr'>non</span> <span class='ocrx_word' id='word_1_185' title='bbox 286 994 426 1019; x_wconf 57' lang='lat' dir='ltr'>tenentes</span> 
     </span>
     <span class='ocr_line' id='line_1_23' title="bbox 310 1040 1195 1069; baseline 0 -5"><span class='ocrx_word' id='word_1_186' title='bbox 310 1041 405 1065; x_wconf 74' lang='lat' dir='ltr'><strong>DATA</strong></span> <span class='ocrx_word' id='word_1_187' title='bbox 424 1041 481 1066; x_wconf 92' lang='lat' dir='ltr'><strong>IIII.</strong></span> <span class='ocrx_word' id='word_1_188' title='bbox 502 1041 684 1066; x_wconf 72' lang='lat' dir='ltr'><strong>KALENDAS</strong></span> <span class='ocrx_word' id='word_1_189' title='bbox 702 1041 904 1069; x_wconf 69' lang='lat' dir='ltr'>DECEMssnIs,</span> <span class='ocrx_word' id='word_1_190' title='bbox 923 1040 1125 1065; x_wconf 77' lang='lat' dir='ltr'>INDICTIONE</span> <span class='ocrx_word' id='word_1_191' title='bbox 1141 1041 1195 1064; x_wconf 79' lang='lat' dir='ltr'>vn.</span> 
     </span>
    </p>
   </div>
   <div class='ocr_carea' id='block_1_10' title="bbox 207 1285 1863 1536">
    <p class='ocr_par' dir='ltr' id='par_1_10' title="bbox 208 1285 1862 1430">
     <span class='ocr_line' id='line_1_24' title="bbox 311 1285 1862 1327; baseline 0.001 -11"><span class='ocrx_word' id='word_1_192' title='bbox 311 1285 470 1318; x_wconf 72' lang='lat' dir='ltr'>Iohannes</span> <span class='ocrx_word' id='word_1_193' title='bbox 492 1285 586 1317; x_wconf 85' lang='lat' dir='ltr'><em>VIII.</em></span> <span class='ocrx_word' id='word_1_194' title='bbox 605 1296 694 1327; x_wconf 75' lang='lat' dir='ltr'>papa</span> <span class='ocrx_word' id='word_1_195' title='bbox 717 1285 889 1318; x_wconf 65' lang='lat' dir='ltr'>williberto</span> <span class='ocrx_word' id='word_1_196' title='bbox 915 1285 1091 1317; x_wconf 69' lang='lat' dir='ltr'>Coloniensi</span> <span class='ocrx_word' id='word_1_197' title='bbox 1113 1285 1341 1325; x_wconf 71' lang='lat' dir='ltr'>archiepiscopo</span> <span class='ocrx_word' id='word_1_198' title='bbox 1364 1295 1395 1317; x_wconf 73' lang='lat' dir='ltr'>se</span> <span class='ocrx_word' id='word_1_199' title='bbox 1412 1286 1553 1326; x_wconf 75' lang='lat' dir='ltr'>pallium</span> <span class='ocrx_word' id='word_1_200' title='bbox 1576 1287 1605 1318; x_wconf 85' lang='lat' dir='ltr'>ei</span> <span class='ocrx_word' id='word_1_201' title='bbox 1623 1287 1743 1318; x_wconf 76' lang='lat' dir='ltr'>misisse</span> <span class='ocrx_word' id='word_1_202' title='bbox 1759 1297 1862 1318; x_wconf 74' lang='lat' dir='ltr'>senec-</span> 
     </span>
     <span class='ocr_line' id='line_1_25' title="bbox 209 1336 1862 1378; baseline 0.001 -11"><span class='ocrx_word' id='word_1_203' title='bbox 209 1336 288 1368; x_wconf 77' lang='lat' dir='ltr'>tutis</span> <span class='ocrx_word' id='word_1_204' title='bbox 322 1339 414 1377; x_wconf 76' lang='lat' dir='ltr'>atque</span> <span class='ocrx_word' id='word_1_205' title='bbox 443 1337 641 1376; x_wconf 72' lang='lat' dir='ltr'>infirmitatis</span> <span class='ocrx_word' id='word_1_206' title='bbox 669 1338 776 1377; x_wconf 65' lang='lat' dir='ltr'>pratici</span> <span class='ocrx_word' id='word_1_207' title='bbox 804 1338 942 1369; x_wconf 70' lang='lat' dir='ltr'>mmtiaff.</span> <span class='ocrx_word' id='word_1_208' title='bbox 990 1336 1037 1368; x_wconf 77' lang='lat' dir='ltr'>Do</span> <span class='ocrx_word' id='word_1_209' title='bbox 1068 1338 1255 1370; x_wconf 64' lang='lat' dir='ltr'>criminibus</span> <span class='ocrx_word' id='word_1_210' title='bbox 1284 1337 1433 1369; x_wconf 67' lang='lat' dir='ltr'>advorsus</span> <span class='ocrx_word' id='word_1_211' title='bbox 1462 1348 1532 1369; x_wconf 68' lang='lat' dir='ltr'>eum</span> <span class='ocrx_word' id='word_1_212' title='bbox 1557 1337 1698 1377; x_wconf 68' lang='lat' dir='ltr'>prolatis</span> <span class='ocrx_word' id='word_1_213' title='bbox 1728 1337 1862 1378; x_wconf 58' lang='lat' dir='ltr'>leuatum</span> 
     </span>
     <span class='ocr_line' id='line_1_26' title="bbox 208 1388 1777 1430; baseline 0.001 -11"><span class='ocrx_word' id='word_1_214' title='bbox 208 1388 414 1427; x_wconf 77' lang='lat' dir='ltr'>apostolieum</span> <span class='ocrx_word' id='word_1_215' title='bbox 436 1399 468 1420; x_wconf 83' lang='lat' dir='ltr'>so</span> <span class='ocrx_word' id='word_1_216' title='bbox 490 1389 679 1420; x_wconf 74' lang='lat' dir='ltr'>directurmn</span> <span class='ocrx_word' id='word_1_217' title='bbox 702 1399 776 1422; x_wconf 77' lang='lat' dir='ltr'>esse.</span> <span class='ocrx_word' id='word_1_218' title='bbox 1673 1391 1777 1430; x_wconf 67' lang='lat'><em>(374.)</em></span> 
     </span>
    </p>

    <p class='ocr_par' dir='ltr' id='par_1_11' title="bbox 207 1457 1863 1536">
     <span class='ocr_line' id='line_1_27' title="bbox 312 1457 1863 1490; baseline -0.001 -6"><span class='ocrx_word' id='word_1_219' title='bbox 312 1457 405 1485; x_wconf 66' lang='lat' dir='ltr'>00de</span> <span class='ocrx_word' id='word_1_220' title='bbox 432 1458 533 1484; x_wconf 72' lang='lat' dir='ltr'>Trerer.</span> <span class='ocrx_word' id='word_1_221' title='bbox 548 1461 612 1483; x_wconf 85' lang='lat'><strong><em>1081</em></strong></span> <span class='ocrx_word' id='word_1_222' title='bbox 637 1457 766 1489; x_wconf 82' lang='lat' dir='ltr'><strong><em>(LXXI)</em></strong></span> <span class='ocrx_word' id='word_1_223' title='bbox 795 1457 872 1488; x_wconf 79' lang='lat' dir='ltr'>(saec.</span> <span class='ocrx_word' id='word_1_224' title='bbox 894 1457 961 1489; x_wconf 82' lang='lat' dir='ltr'><strong><em>XI.)</em></strong></span> <span class='ocrx_word' id='word_1_225' title='bbox 990 1458 1011 1488; x_wconf 78' lang='lat' dir='ltr'>f.</span> <span class='ocrx_word' id='word_1_226' title='bbox 1031 1460 1064 1483; x_wconf 84' lang='lat'>30</span> <span class='ocrx_word' id='word_1_227' title='bbox 1089 1457 1144 1489; x_wconf 67' lang='lat'>(65)</span> <span class='ocrx_word' id='word_1_228' title='bbox 1170 1457 1215 1490; x_wconf 68' lang='grc' dir='ltr'>(Ξ</span> <span class='ocrx_word' id='word_1_229' title='bbox 1240 1457 1280 1489; x_wconf 83' lang='lat' dir='ltr'>T).</span> <span class='ocrx_word' id='word_1_230' title='bbox 1311 1472 1339 1476; x_wconf 90' lang='lat'><em>-</em></span> <span class='ocrx_word' id='word_1_231' title='bbox 1370 1457 1458 1483; x_wconf 65' lang='lat' dir='ltr'>Extat</span> <span class='ocrx_word' id='word_1_232' title='bbox 1485 1457 1566 1483; x_wconf 72' lang='lat' dir='ltr'>etiam</span> <span class='ocrx_word' id='word_1_233' title='bbox 1591 1457 1621 1483; x_wconf 78' lang='lat' dir='ltr'>in</span> <span class='ocrx_word' id='word_1_234' title='bbox 1648 1457 1771 1484; x_wconf 72' lang='lat' dir='ltr'>Vallicell.</span> <span class='ocrx_word' id='word_1_235' title='bbox 1795 1457 1817 1483; x_wconf 83' lang='lat' dir='ltr'><em>C</em></span> <span class='ocrx_word' id='word_1_236' title='bbox 1836 1462 1863 1483; x_wconf 72' lang='lat'>10·</span> 
     </span>
     <span class='ocr_line' id='line_1_28' title="bbox 207 1500 1047 1536; baseline -0.004 -7"><span class='ocrx_word' id='word_1_237' title='bbox 207 1502 286 1536; x_wconf 83' lang='lat' dir='ltr'>(saec.</span> <span class='ocrx_word' id='word_1_238' title='bbox 302 1501 395 1532; x_wconf 89' lang='lat' dir='ltr'><em>XVI.)</em></span> <span class='ocrx_word' id='word_1_239' title='bbox 414 1502 434 1533; x_wconf 67' lang='grc' dir='ltr'>ί.</span> <span class='ocrx_word' id='word_1_240' title='bbox 448 1505 477 1527; x_wconf 80' lang='lat'>91</span> <span class='ocrx_word' id='word_1_241' title='bbox 495 1501 543 1533; x_wconf 76' lang='lat' dir='ltr'>(of.</span> <span class='ocrx_word' id='word_1_242' title='bbox 558 1500 633 1526; x_wconf 82' lang='lat' dir='ltr'>Kehr</span> <span class='ocrx_word' id='word_1_243' title='bbox 655 1500 726 1526; x_wconf 73' lang='lat' dir='ltr'>Go&#39;tl.</span> <span class='ocrx_word' id='word_1_244' title='bbox 740 1500 844 1527; x_wconf 74' lang='lat' dir='ltr'>Nuclzr.</span> <span class='ocrx_word' id='word_1_245' title='bbox 858 1504 925 1527; x_wconf 74' lang='grc'>1903</span> <span class='ocrx_word' id='word_1_246' title='bbox 940 1508 966 1532; x_wconf 78' lang='lat' dir='ltr'>p.</span> <span class='ocrx_word' id='word_1_247' title='bbox 982 1501 1047 1532; x_wconf 68' lang='lat'>1215).</span> 
     </span>
    </p>
   </div>
   <div class='ocr_carea' id='block_1_11' title="bbox 205 1551 1862 1630">
    <p class='ocr_par' dir='ltr' id='par_1_12' title="bbox 205 1551 1862 1630">
     <span class='ocr_line' id='line_1_29' title="bbox 310 1551 1862 1586; baseline -0.001 -7"><span class='ocrx_word' id='word_1_248' title='bbox 310 1552 398 1579; x_wconf 54' lang='lat' dir='ltr'>Esica.-</span> <span class='ocrx_word' id='word_1_249' title='bbox 422 1551 453 1578; x_wconf 86' lang='lat' dir='ltr'><strong><em>F</em></strong></span> <span class='ocrx_word' id='word_1_250' title='bbox 452 1553 504 1578; x_wconf 84' lang='lat' dir='ltr'>loss</span> <span class='ocrx_word' id='word_1_251' title='bbox 520 1552 631 1578; x_wconf 79' lang='lat' dir='ltr'>‘Leonis</span> <span class='ocrx_word' id='word_1_252' title='bbox 648 1560 692 1585; x_wconf 80' lang='lat' dir='ltr'>pp.</span> <span class='ocrx_word' id='word_1_253' title='bbox 707 1552 787 1578; x_wconf 85' lang='lat' dir='ltr'><strong><em>VIII.</em></strong></span> <span class='ocrx_word' id='word_1_254' title='bbox 806 1552 973 1586; x_wconf 66' lang='lat' dir='ltr'>privileyizim</span> <span class='ocrx_word' id='word_1_255' title='bbox 991 1552 1021 1578; x_wconf 78' lang='lat' dir='ltr'>cle</span> <span class='ocrx_word' id='word_1_256' title='bbox 1039 1551 1216 1577; x_wconf 34' lang='lat' dir='ltr'>&#39;investituris’</span> <span class='ocrx_word' id='word_1_257' title='bbox 1242 1552 1286 1584; x_wconf 57' lang='grc' dir='ltr'>(τ-</span> <span class='ocrx_word' id='word_1_258' title='bbox 1297 1552 1362 1578; x_wconf 58' lang='lat' dir='ltr'>‘Die</span> <span class='ocrx_word' id='word_1_259' title='bbox 1382 1552 1538 1585; x_wconf 67' lang='lat' dir='ltr'>Pztpstwalil</span> <span class='ocrx_word' id='word_1_260' title='bbox 1555 1555 1637 1577; x_wconf 73' lang='lat' dir='ltr'>witer</span> <span class='ocrx_word' id='word_1_261' title='bbox 1654 1552 1705 1577; x_wconf 78' lang='lat' dir='ltr'>(len</span> <span class='ocrx_word' id='word_1_262' title='bbox 1726 1552 1862 1586; x_wconf 71' lang='lat' dir='ltr'>Ottonen&#39;)</span> 
     </span>
     <span class='ocr_line' id='line_1_30' title="bbox 205 1594 1862 1630; baseline -0.002 -6"><span class='ocrx_word' id='word_1_263' title='bbox 205 1598 302 1630; x_wconf 79' lang='lat'><em>(1858),</em></span> <span class='ocrx_word' id='word_1_264' title='bbox 320 1596 440 1629; x_wconf 79' lang='lat' dir='ltr'>Diplom.</span> <span class='ocrx_word' id='word_1_265' title='bbox 450 1603 477 1622; x_wconf 78' lang='lat' dir='ltr'>n.</span> <span class='ocrx_word' id='word_1_266' title='bbox 490 1599 519 1622; x_wconf 84' lang='lat'>19</span> <span class='ocrx_word' id='word_1_267' title='bbox 535 1604 562 1630; x_wconf 79' lang='lat' dir='ltr'>p.</span> <span class='ocrx_word' id='word_1_268' title='bbox 576 1599 630 1622; x_wconf 75' lang='lat'><strong><em>102.</em></strong></span> <span class='ocrx_word' id='word_1_269' title='bbox 648 1610 683 1614; x_wconf 89' lang='lat'>—</span> <span class='ocrx_word' id='word_1_270' title='bbox 702 1595 840 1621; x_wconf 66' lang='lat' dir='ltr'>Diimmler</span> <span class='ocrx_word' id='word_1_271' title='bbox 852 1595 887 1621; x_wconf 86' lang='lat' dir='ltr'><strong><em>M</em></strong></span> <span class='ocrx_word' id='word_1_272' title='bbox 890 1594 922 1622; x_wconf 83' lang='lat' dir='ltr'>G&#39;.</span> <span class='ocrx_word' id='word_1_273' title='bbox 932 1595 1019 1628; x_wconf 73' lang='lat' dir='ltr'>Epist.</span> <span class='ocrx_word' id='word_1_274' title='bbox 1032 1594 1079 1627; x_wconf 85' lang='lat' dir='ltr'>VI,</span> <span class='ocrx_word' id='word_1_275' title='bbox 1092 1598 1144 1621; x_wconf 75' lang='lat'>256</span> <span class='ocrx_word' id='word_1_276' title='bbox 1158 1594 1261 1627; x_wconf 64' lang='lat' dir='ltr'>(Epist.</span> <span class='ocrx_word' id='word_1_277' title='bbox 1275 1594 1444 1621; x_wconf 79' lang='lat' dir='ltr'>Colonienses</span> <span class='ocrx_word' id='word_1_278' title='bbox 1456 1604 1483 1622; x_wconf 77' lang='lat' dir='ltr'>n.</span> <span class='ocrx_word' id='word_1_279' title='bbox 1498 1597 1544 1628; x_wconf 82' lang='lat'><em>13).</em></span> <span class='ocrx_word' id='word_1_280' title='bbox 1561 1610 1593 1614; x_wconf 86' lang='lat'>—-</span> <span class='ocrx_word' id='word_1_281' title='bbox 1608 1595 1683 1628; x_wconf 49' lang='lat' dir='ltr'>Regi:</span> <span class='ocrx_word' id='word_1_282' title='bbox 1698 1595 1770 1627; x_wconf 72' lang='lat' dir='ltr'>Jaffe&#39;</span> <span class='ocrx_word' id='word_1_283' title='bbox 1783 1598 1862 1621; x_wconf 75' lang='grc'><em>2988.</em></span> 
     </span>
    </p>
   </div>
   <div class='ocr_carea' id='block_1_12' title="bbox 204 1681 1867 2235">
    <p class='ocr_par' dir='ltr' id='par_1_13' title="bbox 205 1681 1860 1751">
     <span class='ocr_line' id='line_1_31' title="bbox 205 1681 1860 1710; baseline -0.003 0"><span class='ocrx_word' id='word_1_284' title='bbox 205 1684 398 1710; x_wconf 73' lang='lat' dir='ltr'><strong>10HANNES³</strong></span> <span class='ocrx_word' id='word_1_285' title='bbox 415 1683 595 1708; x_wconf 71' lang='lat' dir='ltr'>EPISCOPUS</span> <span class='ocrx_word' id='word_1_286' title='bbox 614 1684 741 1708; x_wconf 79' lang='lat' dir='ltr'>SERVUS</span> <span class='ocrx_word' id='word_1_287' title='bbox 760 1683 943 1708; x_wconf 75' lang='lat' dir='ltr'>SERVORUM</span> <span class='ocrx_word' id='word_1_288' title='bbox 963 1684 1020 1707; x_wconf 78' lang='lat' dir='ltr'>Dffl</span> <span class='ocrx_word' id='word_1_289' title='bbox 1034 1683 1330 1707; x_wconf 74' lang='lat' dir='ltr'>REVERENTISSIMO</span> <span class='ocrx_word' id='word_1_290' title='bbox 1349 1683 1392 1706; x_wconf 79' lang='lat' dir='ltr'>ET</span> <span class='ocrx_word' id='word_1_291' title='bbox 1406 1682 1630 1707; x_wconf 75' lang='lat' dir='ltr'>SANCTISSIMO</span> <span class='ocrx_word' id='word_1_292' title='bbox 1644 1681 1860 1706; x_wconf 69' lang='lat' dir='ltr'>WILLIBERTO</span> 
     </span>
     <span class='ocr_line' id='line_1_32' title="bbox 640 1726 1427 1751; baseline -0.001 0"><span class='ocrx_word' id='word_1_293' title='bbox 640 1727 796 1751; x_wconf 79' lang='lat' dir='ltr'>SANCTAE</span> <span class='ocrx_word' id='word_1_294' title='bbox 814 1727 987 1751; x_wconf 70' lang='lat' dir='ltr'><strong>COLONIAE</strong></span> <span class='ocrx_word' id='word_1_295' title='bbox 1006 1727 1124 1751; x_wconf 74' lang='lat' dir='ltr'>PLEBIS</span> <span class='ocrx_word' id='word_1_296' title='bbox 1144 1728 1161 1751; x_wconf 83' lang='lat' dir='ltr'>A</span> <span class='ocrx_word' id='word_1_297' title='bbox 1170 1726 1427 1751; x_wconf 72' lang='lat' dir='ltr'>RCHIEPISCOPO.</span> 
     </span>
    </p>

    <p class='ocr_par' dir='ltr' id='par_1_14' title="bbox 204 1780 1867 2235">
     <span class='ocr_line' id='line_1_33' title="bbox 306 1780 1863 1823; baseline -0.002 -10"><span class='ocrx_word' id='word_1_298' title='bbox 306 1781 411 1813; x_wconf 87' lang='lat' dir='ltr'>Pallei</span> <span class='ocrx_word' id='word_1_299' title='bbox 434 1782 531 1823; x_wconf 86' lang='lat' dir='ltr'>igitur</span> <span class='ocrx_word' id='word_1_300' title='bbox 553 1792 645 1813; x_wconf 89' lang='lat' dir='ltr'>usum</span> <span class='ocrx_word' id='word_1_301' title='bbox 669 1792 710 1821; x_wconf 69' lang='lat' dir='ltr'>ex</span> <span class='ocrx_word' id='word_1_302' title='bbox 726 1782 876 1823; x_wconf 86' lang='lat' dir='ltr'>largitate</span> <span class='ocrx_word' id='word_1_303' title='bbox 893 1781 980 1812; x_wconf 87' lang='lat' dir='ltr'>beati</span> <span class='ocrx_word' id='word_1_304' title='bbox 996 1781 1087 1812; x_wconf 85' lang='lat' dir='ltr'>Petri</span> <span class='ocrx_word' id='word_1_305' title='bbox 1103 1782 1323 1822; x_wconf 84' lang='lat' dir='ltr'>apostolorum</span> <span class='ocrx_word' id='word_1_306' title='bbox 1348 1781 1499 1822; x_wconf 86' lang='lat' dir='ltr'>principis</span> <span class='ocrx_word' id='word_1_307' title='bbox 1523 1781 1617 1811; x_wconf 87' lang='lat' dir='ltr'>solita</span> <span class='ocrx_word' id='word_1_308' title='bbox 1634 1780 1755 1821; x_wconf 88' lang='lat' dir='ltr'>pietate</span> <span class='ocrx_word' id='word_1_309' title='bbox 1772 1780 1863 1810; x_wconf 80' lang='lat' dir='ltr'>iuxta</span> 
     </span>
     <span class='ocr_line' id='line_1_34' title="bbox 206 1831 1864 1875; baseline -0.002 -10"><span class='ocrx_word' id='word_1_310' title='bbox 206 1844 330 1865; x_wconf 88' lang='lat' dir='ltr'>morem</span> <span class='ocrx_word' id='word_1_311' title='bbox 359 1834 599 1874; x_wconf 80' lang='lat' dir='ltr'>transmisimus,</span> <span class='ocrx_word' id='word_1_312' title='bbox 632 1833 803 1874; x_wconf 87' lang='lat' dir='ltr'>plurimum</span> <span class='ocrx_word' id='word_1_313' title='bbox 838 1843 966 1875; x_wconf 90' lang='lat' dir='ltr'>quoque</span> <span class='ocrx_word' id='word_1_314' title='bbox 999 1833 1233 1864; x_wconf 87' lang='lat' dir='ltr'>interveniente</span> <span class='ocrx_word' id='word_1_315' title='bbox 1266 1833 1473 1864; x_wconf 86' lang='lat' dir='ltr'>dilectissimo</span> <span class='ocrx_word' id='word_1_316' title='bbox 1510 1833 1573 1863; x_wconf 85' lang='lat' dir='ltr'>filio</span> <span class='ocrx_word' id='word_1_317' title='bbox 1607 1835 1715 1863; x_wconf 86' lang='lat' dir='ltr'>nostro</span> <span class='ocrx_word' id='word_1_318' title='bbox 1746 1831 1864 1862; x_wconf 90' lang='lat' dir='ltr'>domno</span> 
     </span>
     <span class='ocr_line' id='line_1_35' title="bbox 205 1883 1866 1927; baseline -0.002 -10"><span class='ocrx_word' id='word_1_319' title='bbox 205 1885 379 1917; x_wconf 82' lang='lat' dir='ltr'>Ludowioo</span> <span class='ocrx_word' id='word_1_320' title='bbox 403 1886 597 1927; x_wconf 88' lang='lat' dir='ltr'>imperatore</span> <span class='ocrx_word' id='word_1_321' title='bbox 621 1888 757 1927; x_wconf 87' lang='lat' dir='ltr'>augusto</span> <span class='ocrx_word' id='word_1_322' title='bbox 781 1889 880 1927; x_wconf 89' lang='lat' dir='ltr'>atque</span> <span class='ocrx_word' id='word_1_323' title='bbox 903 1885 1132 1926; x_wconf 85' lang='lat' dir='ltr'>benignissimo</span> <span class='ocrx_word' id='word_1_324' title='bbox 1158 1886 1225 1916; x_wconf 89' lang='lat' dir='ltr'>eius</span> <span class='ocrx_word' id='word_1_325' title='bbox 1250 1886 1408 1916; x_wconf 86' lang='lat' dir='ltr'>avunculo</span> <span class='ocrx_word' id='word_1_326' title='bbox 1432 1884 1608 1915; x_wconf 86' lang='lat' dir='ltr'>Ludowico</span> <span class='ocrx_word' id='word_1_327' title='bbox 1632 1894 1720 1925; x_wconf 76' lang='lat' dir='ltr'>rege,</span> <span class='ocrx_word' id='word_1_328' title='bbox 1752 1883 1866 1924; x_wconf 89' lang='lat' dir='ltr'>implo-</span> 
     </span>
     <span class='ocr_line' id='line_1_36' title="bbox 204 1935 1865 1978; baseline -0.002 -10"><span class='ocrx_word' id='word_1_329' title='bbox 204 1940 311 1968; x_wconf 86' lang='lat' dir='ltr'>rantes</span> <span class='ocrx_word' id='word_1_330' title='bbox 328 1938 555 1978; x_wconf 88' lang='lat' dir='ltr'>omnipotentis</span> <span class='ocrx_word' id='word_1_331' title='bbox 571 1936 632 1968; x_wconf 90' lang='lat' dir='ltr'>Dei</span> <span class='ocrx_word' id='word_1_332' title='bbox 648 1936 911 1978; x_wconf 69' lang='lat' dir='ltr'>1nise1·ieordiam‚</span> <span class='ocrx_word' id='word_1_333' title='bbox 936 1940 971 1968; x_wconf 91' lang='lat' dir='ltr'>ut</span> <span class='ocrx_word' id='word_1_334' title='bbox 987 1938 1068 1968; x_wconf 85' lang='lat' dir='ltr'>sicut</span> <span class='ocrx_word' id='word_1_335' title='bbox 1085 1938 1226 1968; x_wconf 84' lang='lat' dir='ltr'>exterius</span> <span class='ocrx_word' id='word_1_336' title='bbox 1246 1937 1341 1968; x_wconf 87' lang='lat' dir='ltr'>huius</span> <span class='ocrx_word' id='word_1_337' title='bbox 1360 1937 1515 1977; x_wconf 84' lang='lat' dir='ltr'>dignitate</span> <span class='ocrx_word' id='word_1_338' title='bbox 1533 1935 1732 1977; x_wconf 86' lang='lat' dir='ltr'>splendidior</span> <span class='ocrx_word' id='word_1_339' title='bbox 1749 1936 1865 1966; x_wconf 83' lang='lat' dir='ltr'>ceteris</span> 
     </span>
     <span class='ocr_line' id='line_1_37' title="bbox 214 1987 1867 2030; baseline -0.001 -11"><span class='ocrx_word' id='word_1_340' title='bbox 214 1988 380 2027; x_wconf 78' lang='lat' dir='ltr'>enitesces,</span> <span class='ocrx_word' id='word_1_341' title='bbox 410 1989 473 2020; x_wconf 89' lang='lat' dir='ltr'>iam</span> <span class='ocrx_word' id='word_1_342' title='bbox 504 1989 603 2020; x_wconf 88' lang='lat' dir='ltr'>oculis</span> <span class='ocrx_word' id='word_1_343' title='bbox 629 1999 786 2030; x_wconf 84' lang='lat' dir='ltr'>supernae</span> <span class='ocrx_word' id='word_1_344' title='bbox 817 1989 994 2020; x_wconf 87' lang='lat' dir='ltr'>maiestatis</span> <span class='ocrx_word' id='word_1_345' title='bbox 1018 1989 1084 2020; x_wconf 83' lang='lat' dir='ltr'>vita</span> <span class='ocrx_word' id='word_1_346' title='bbox 1116 1989 1258 2020; x_wconf 90' lang='lat' dir='ltr'>moribus</span> <span class='ocrx_word' id='word_1_347' title='bbox 1288 2000 1325 2020; x_wconf 92' lang='lat' dir='ltr'>ac</span> <span class='ocrx_word' id='word_1_348' title='bbox 1349 1989 1448 2020; x_wconf 86' lang='lat' dir='ltr'>verbo</span> <span class='ocrx_word' id='word_1_349' title='bbox 1477 1987 1726 2030; x_wconf 87' lang='lat' dir='ltr'>praedicationis</span> <span class='ocrx_word' id='word_1_350' title='bbox 1751 1987 1867 2018; x_wconf 87' lang='lat' dir='ltr'>clarius</span> 
     </span>
     <span class='ocr_line' id='line_1_38' title="bbox 206 2038 1863 2082; baseline -0.002 -11"><span class='ocrx_word' id='word_1_351' title='bbox 206 2041 453 2081; x_wconf 84' lang='lat' dir='ltr'>circumquaque</span> <span class='ocrx_word' id='word_1_352' title='bbox 476 2040 644 2081; x_wconf 65' lang='lat' dir='ltr'>effulgeas,</span> <span class='ocrx_word' id='word_1_353' title='bbox 668 2039 874 2081; x_wconf 82' lang='lat' dir='ltr'>providentes</span> <span class='ocrx_word' id='word_1_354' title='bbox 894 2040 1052 2072; x_wconf 84' lang='lat' dir='ltr'>senectuti</span> <span class='ocrx_word' id='word_1_355' title='bbox 1068 2043 1143 2072; x_wconf 85' lang='lat' dir='ltr'>tuae</span> <span class='ocrx_word' id='word_1_356' title='bbox 1160 2041 1244 2072; x_wconf 88' lang='lat' dir='ltr'>inter</span> <span class='ocrx_word' id='word_1_357' title='bbox 1259 2040 1339 2072; x_wconf 87' lang='lat' dir='ltr'>haec</span> <span class='ocrx_word' id='word_1_358' title='bbox 1357 2043 1454 2082; x_wconf 82' lang='lat' dir='ltr'>atque</span> <span class='ocrx_word' id='word_1_359' title='bbox 1471 2039 1657 2070; x_wconf 81' lang='lat' dir='ltr'>infirmitati.</span> <span class='ocrx_word' id='word_1_360' title='bbox 1689 2039 1739 2070; x_wconf 86' lang='lat' dir='ltr'>De</span> <span class='ocrx_word' id='word_1_361' title='bbox 1755 2038 1863 2069; x_wconf 82' lang='lat' dir='ltr'>inlatis</span> 
     </span>
     <span class='ocr_line' id='line_1_39' title="bbox 207 2090 1864 2134; baseline -0.001 -12"><span class='ocrx_word' id='word_1_362' title='bbox 207 2101 283 2122; x_wconf 87' lang='lat' dir='ltr'>sane</span> <span class='ocrx_word' id='word_1_363' title='bbox 308 2090 460 2122; x_wconf 87' lang='lat' dir='ltr'>adversus</span> <span class='ocrx_word' id='word_1_364' title='bbox 476 2094 508 2122; x_wconf 87' lang='lat' dir='ltr'>te</span> <span class='ocrx_word' id='word_1_365' title='bbox 528 2091 712 2123; x_wconf 87' lang='lat' dir='ltr'>criminibus</span> <span class='ocrx_word' id='word_1_366' title='bbox 729 2095 951 2123; x_wconf 85' lang='lat' dir='ltr'>accusatorum</span> <span class='ocrx_word' id='word_1_367' title='bbox 967 2092 1169 2133; x_wconf 89' lang='lat' dir='ltr'>quorundam</span> <span class='ocrx_word' id='word_1_368' title='bbox 1185 2092 1439 2134; x_wconf 84' lang='lat' dir='ltr'>proclamatione</span> <span class='ocrx_word' id='word_1_369' title='bbox 1452 2092 1464 2110; x_wconf 83' lang='lat'><strong>2</strong></span> <span class='ocrx_word' id='word_1_370' title='bbox 1481 2094 1624 2122; x_wconf 89' lang='lat' dir='ltr'>nostrum</span> <span class='ocrx_word' id='word_1_371' title='bbox 1642 2090 1714 2121; x_wconf 89' lang='lat' dir='ltr'>Deo</span> <span class='ocrx_word' id='word_1_372' title='bbox 1733 2092 1864 2121; x_wconf 87' lang='lat' dir='ltr'>auctore</span> 
     </span>
     <span class='ocr_line' id='line_1_40' title="bbox 209 2141 1863 2184; baseline -0.001 -11"><span class='ocrx_word' id='word_1_373' title='bbox 209 2142 389 2174; x_wconf 86' lang='lat' dir='ltr'>curabimus</span> <span class='ocrx_word' id='word_1_374' title='bbox 418 2143 548 2174; x_wconf 91' lang='lat' dir='ltr'>missum</span> <span class='ocrx_word' id='word_1_375' title='bbox 578 2143 728 2184; x_wconf 80' lang='lat' dir='ltr'>dirigere,</span> <span class='ocrx_word' id='word_1_376' title='bbox 759 2143 812 2184; x_wconf 91' lang='lat' dir='ltr'>qui</span> <span class='ocrx_word' id='word_1_377' title='bbox 839 2143 920 2175; x_wconf 88' lang='lat' dir='ltr'>haec</span> <span class='ocrx_word' id='word_1_378' title='bbox 951 2144 1128 2184; x_wconf 87' lang='lat' dir='ltr'>apostolica</span> <span class='ocrx_word' id='word_1_379' title='bbox 1156 2144 1347 2175; x_wconf 85' lang='lat' dir='ltr'>anctoritate</span> <span class='ocrx_word' id='word_1_380' title='bbox 1379 2143 1490 2174; x_wconf 87' lang='lat' dir='ltr'>audire</span> <span class='ocrx_word' id='word_1_381' title='bbox 1515 2153 1551 2173; x_wconf 86' lang='lat' dir='ltr'>ac</span> <span class='ocrx_word' id='word_1_382' title='bbox 1576 2141 1750 2173; x_wconf 88' lang='lat' dir='ltr'>decernere</span> <span class='ocrx_word' id='word_1_383' title='bbox 1775 2141 1863 2172; x_wconf 87' lang='lat' dir='ltr'>solli-</span> 
     </span>
     <span class='ocr_line' id='line_1_41' title="bbox 210 2193 1570 2235; baseline 0 -11"><span class='ocrx_word' id='word_1_384' title='bbox 210 2193 323 2225; x_wconf 78' lang='lat' dir='ltr'>citiusb</span> <span class='ocrx_word' id='word_1_385' title='bbox 346 2204 409 2225; x_wconf 94' lang='lat' dir='ltr'>non</span> <span class='ocrx_word' id='word_1_386' title='bbox 433 2194 566 2225; x_wconf 85' lang='lat' dir='ltr'>omittat.</span> <span class='ocrx_word' id='word_1_387' title='bbox 614 2194 772 2235; x_wconf 87' lang='lat' dir='ltr'>Optamus</span> <span class='ocrx_word' id='word_1_388' title='bbox 795 2195 1000 2226; x_wconf 86' lang='lat' dir='ltr'>sanctitatem</span> <span class='ocrx_word' id='word_1_389' title='bbox 1024 2198 1112 2226; x_wconf 88' lang='lat' dir='ltr'>tuam</span> <span class='ocrx_word' id='word_1_390' title='bbox 1135 2196 1168 2226; x_wconf 90' lang='lat' dir='ltr'>in</span> <span class='ocrx_word' id='word_1_391' title='bbox 1193 2194 1320 2226; x_wconf 80' lang='lat' dir='ltr'>Christo</span> <span class='ocrx_word' id='word_1_392' title='bbox 1346 2195 1427 2226; x_wconf 84' lang='lat' dir='ltr'>bene</span> <span class='ocrx_word' id='word_1_393' title='bbox 1452 2195 1570 2226; x_wconf 86' lang='lat' dir='ltr'>valere.</span> 
     </span>
    </p>
   </div>
   <div class='ocr_carea' id='block_1_13' title="bbox 1019 2359 1046 2389">
    <p class='ocr_par' dir='ltr' id='par_1_15' title="bbox 1019 2359 1046 2389">
     <span class='ocr_line' id='line_1_42' title="bbox 1019 2359 1046 2389; baseline -0.037 0"><span class='ocrx_word' id='word_1_394' title='bbox 1019 2359 1046 2389; x_wconf 82' lang='lat'>3.</span> 
     </span>
    </p>
   </div>
   <div class='ocr_carea' id='block_1_14' title="bbox 209 2424 1862 2561">
    <p class='ocr_par' dir='ltr' id='par_1_16' title="bbox 209 2424 1862 2561">
     <span class='ocr_line' id='line_1_43' title="bbox 311 2424 1862 2466; baseline 0.001 -11"><span class='ocrx_word' id='word_1_395' title='bbox 311 2424 469 2456; x_wconf 74' lang='lat' dir='ltr'>Iohannes</span> <span class='ocrx_word' id='word_1_396' title='bbox 497 2424 591 2457; x_wconf 89' lang='lat' dir='ltr'><strong><em>VIII.</em></strong></span> <span class='ocrx_word' id='word_1_397' title='bbox 612 2436 703 2465; x_wconf 70' lang='lat' dir='ltr'>papa</span> <span class='ocrx_word' id='word_1_398' title='bbox 734 2427 885 2466; x_wconf 77' lang='lat' dir='ltr'>episcopis</span> <span class='ocrx_word' id='word_1_399' title='bbox 908 2438 970 2466; x_wconf 76' lang='lat' dir='ltr'>per</span> <span class='ocrx_word' id='word_1_400' title='bbox 999 2427 1126 2459; x_wconf 74' lang='lat' dir='ltr'>Gallias</span> <span class='ocrx_word' id='word_1_401' title='bbox 1153 2430 1181 2459; x_wconf 77' lang='lat' dir='ltr'>et</span> <span class='ocrx_word' id='word_1_402' title='bbox 1213 2427 1404 2459; x_wconf 66' lang='lat' dir='ltr'>Germanias</span> <span class='ocrx_word' id='word_1_403' title='bbox 1431 2428 1608 2459; x_wconf 74' lang='lat' dir='ltr'>constitutis</span> <span class='ocrx_word' id='word_1_404' title='bbox 1638 2426 1802 2458; x_wconf 75' lang='lat' dir='ltr'>innotescit</span> <span class='ocrx_word' id='word_1_405' title='bbox 1829 2436 1862 2457; x_wconf 76' lang='lat' dir='ltr'>se</span> 
     </span>
     <span class='ocr_line' id='line_1_44' title="bbox 209 2476 1858 2518; baseline 0.001 -11"><span class='ocrx_word' id='word_1_406' title='bbox 209 2476 396 2516; x_wconf 74' lang='lat' dir='ltr'>Anseqisum</span> <span class='ocrx_word' id='word_1_407' title='bbox 425 2476 690 2518; x_wconf 69' lang='lat' dir='ltr'>archiepiscopum</span> <span class='ocrx_word' id='word_1_408' title='bbox 719 2478 926 2510; x_wconf 68' lang='lat' dir='ltr'>Sunonensem</span> <span class='ocrx_word' id='word_1_409' title='bbox 954 2479 1109 2510; x_wconf 76' lang='lat' dir='ltr'>vicarium</span> <span class='ocrx_word' id='word_1_410' title='bbox 1137 2479 1220 2510; x_wconf 78' lang='lat' dir='ltr'>sedis</span> <span class='ocrx_word' id='word_1_411' title='bbox 1250 2479 1437 2518; x_wconf 76' lang='lat' dir='ltr'>apostolicae</span> <span class='ocrx_word' id='word_1_412' title='bbox 1466 2479 1532 2510; x_wconf 80' lang='lat' dir='ltr'>illis</span> <span class='ocrx_word' id='word_1_413' title='bbox 1560 2480 1595 2510; x_wconf 77' lang='lat' dir='ltr'>in</span> <span class='ocrx_word' id='word_1_414' title='bbox 1612 2479 1763 2518; x_wconf 75' lang='lat' dir='ltr'>partibus</span> <span class='ocrx_word' id='word_1_415' title='bbox 1787 2488 1858 2509; x_wconf 77' lang='lat' dir='ltr'>con-</span> 
     </span>
     <span class='ocr_line' id='line_1_45' title="bbox 209 2529 1774 2561; baseline 0.001 -2"><span class='ocrx_word' id='word_1_416' title='bbox 209 2529 358 2560; x_wconf 74' lang='lat' dir='ltr'>stituisse.</span> <span class='ocrx_word' id='word_1_417' title='bbox 1564 2532 1628 2561; x_wconf 70' lang='lat'>&amp;76</span> <span class='ocrx_word' id='word_1_418' title='bbox 1651 2530 1727 2561; x_wconf 73' lang='lat' dir='ltr'>Jsm.</span> <span class='ocrx_word' id='word_1_419' title='bbox 1744 2531 1774 2560; x_wconf 80' lang='lat'>2.</span> 
     </span>
    </p>
   </div>
   <div class='ocr_carea' id='block_1_15' title="bbox 1051 2601 1758 2604">
    <p class='ocr_par' dir='ltr' id='par_1_17' title="bbox 1051 2601 1758 2604">
     <span class='ocr_line' id='line_1_46' title="bbox 1051 2601 1758 2604; baseline 0 0"><span class='ocrx_word' id='word_1_420' title='bbox 1051 2601 1758 2604; x_wconf 95' lang='lat' dir='ltr'> </span> 
     </span>
    </p>
   </div>
   <div class='ocr_carea' id='block_1_16' title="bbox 313 2640 1258 2717">
    <p class='ocr_par' dir='ltr' id='par_1_18' title="bbox 313 2640 1258 2717">
     <span class='ocr_line' id='line_1_47' title="bbox 313 2640 771 2674; baseline 0.007 -8"><span class='ocrx_word' id='word_1_421' title='bbox 313 2642 337 2673; x_wconf 65' lang='grc' dir='ltr'>ὃ)</span> <span class='ocrx_word' id='word_1_422' title='bbox 355 2642 423 2674; x_wconf 79' lang='lat' dir='ltr'>riges</span> <span class='ocrx_word' id='word_1_423' title='bbox 443 2642 486 2666; x_wconf 83' lang='lat' dir='ltr'>V1.</span> <span class='ocrx_word' id='word_1_424' title='bbox 569 2640 594 2674; x_wconf 70' lang='lat' dir='ltr'>b)</span> <span class='ocrx_word' id='word_1_425' title='bbox 612 2641 632 2667; x_wconf 77' lang='grc' dir='ltr'>Ῐι</span> <span class='ocrx_word' id='word_1_426' title='bbox 650 2643 712 2668; x_wconf 77' lang='lat' dir='ltr'>add.</span> <span class='ocrx_word' id='word_1_427' title='bbox 727 2642 771 2669; x_wconf 66' lang='lat'>11².</span> 
     </span>
     <span class='ocr_line' id='line_1_48' title="bbox 313 2683 1258 2717; baseline 0.002 -8"><span class='ocrx_word' id='word_1_428' title='bbox 313 2684 337 2709; x_wconf 78' lang='lat'>2.</span> <span class='ocrx_word' id='word_1_429' title='bbox 363 2683 387 2715; x_wconf 62' lang='grc' dir='ltr'>Β)</span> <span class='ocrx_word' id='word_1_430' title='bbox 406 2685 505 2710; x_wconf 74' lang='lat' dir='ltr'>Littera</span> <span class='ocrx_word' id='word_1_431' title='bbox 523 2685 629 2710; x_wconf 65' lang='lat' dir='ltr'>initialis</span> <span class='ocrx_word' id='word_1_432' title='bbox 647 2685 714 2710; x_wconf 72' lang='lat' dir='ltr'>deest</span> <span class='ocrx_word' id='word_1_433' title='bbox 737 2686 764 2711; x_wconf 82' lang='lat' dir='ltr'>T.</span> <span class='ocrx_word' id='word_1_434' title='bbox 834 2684 859 2717; x_wconf 79' lang='lat' dir='ltr'>b)</span> <span class='ocrx_word' id='word_1_435' title='bbox 879 2686 993 2711; x_wconf 86' lang='lat' dir='ltr'>sollicius</span> <span class='ocrx_word' id='word_1_436' title='bbox 1010 2686 1037 2717; x_wconf 82' lang='lat' dir='ltr'>T,</span> <span class='ocrx_word' id='word_1_437' title='bbox 1056 2695 1101 2712; x_wconf 79' lang='lat' dir='ltr'>em.</span> <span class='ocrx_word' id='word_1_438' title='bbox 1117 2686 1258 2712; x_wconf 71' lang='lat' dir='ltr'>Dilmmler.</span> 
     </span>
    </p>
   </div>
   <div class='ocr_carea' id='block_1_17' title="bbox 213 2752 1859 2829">
    <p class='ocr_par' dir='ltr' id='par_1_19' title="bbox 213 2752 1859 2829">
     <span class='ocr_line' id='line_1_49' title="bbox 317 2752 1859 2787; baseline -0.001 -8"><span class='ocrx_word' id='word_1_439' title='bbox 317 2752 341 2785; x_wconf 90' lang='lat' dir='ltr'>l)</span> <span class='ocrx_word' id='word_1_440' title='bbox 363 2752 431 2786; x_wconf 71' lang='lat' dir='ltr'>Rey.</span> <span class='ocrx_word' id='word_1_441' title='bbox 444 2752 517 2785; x_wconf 65' lang='lat' dir='ltr'>Jaffij</span> <span class='ocrx_word' id='word_1_442' title='bbox 536 2756 580 2779; x_wconf 84' lang='lat'>775</span> <span class='ocrx_word' id='word_1_443' title='bbox 591 2753 674 2786; x_wconf 82' lang='lat'><em>(486),</em></span> <span class='ocrx_word' id='word_1_444' title='bbox 695 2752 733 2780; x_wconf 77' lang='lat' dir='ltr'>ed.</span> <span class='ocrx_word' id='word_1_445' title='bbox 749 2753 820 2779; x_wconf 80' lang='lat' dir='ltr'>Thiez</span> <span class='ocrx_word' id='word_1_446' title='bbox 838 2753 974 2787; x_wconf 76' lang='lat' dir='ltr'>Epistolae</span> <span class='ocrx_word' id='word_1_447' title='bbox 990 2753 1066 2780; x_wconf 80' lang='lat' dir='ltr'>Rom.</span> <span class='ocrx_word' id='word_1_448' title='bbox 1078 2756 1150 2786; x_wconf 79' lang='lat' dir='ltr'>pont.</span> <span class='ocrx_word' id='word_1_449' title='bbox 1166 2754 1184 2779; x_wconf 92' lang='lat' dir='ltr'><strong><em>I</em></strong></span> <span class='ocrx_word' id='word_1_450' title='bbox 1198 2754 1401 2786; x_wconf 65' lang='lat' dir='ltr'>(Brunsberqae</span> <span class='ocrx_word' id='word_1_451' title='bbox 1414 2753 1491 2786; x_wconf 77' lang='grc'>1868)</span> <span class='ocrx_word' id='word_1_452' title='bbox 1509 2761 1537 2785; x_wconf 77' lang='lat' dir='ltr'>p.</span> <span class='ocrx_word' id='word_1_453' title='bbox 1553 2756 1604 2778; x_wconf 76' lang='lat'>756.</span> <span class='ocrx_word' id='word_1_454' title='bbox 1675 2752 1701 2785; x_wconf 76' lang='lat'>2)</span> <span class='ocrx_word' id='word_1_455' title='bbox 1722 2752 1762 2785; x_wconf 59' lang='lat' dir='ltr'>(If.</span> <span class='ocrx_word' id='word_1_456' title='bbox 1776 2759 1859 2784; x_wconf 76' lang='lat' dir='ltr'>supra</span> 
     </span>
     <span class='ocr_line' id='line_1_50' title="bbox 213 2797 441 2829; baseline 0.004 -8"><span class='ocrx_word' id='word_1_457' title='bbox 213 2803 252 2829; x_wconf 79' lang='lat' dir='ltr'>ep.</span> <span class='ocrx_word' id='word_1_458' title='bbox 266 2803 294 2822; x_wconf 82' lang='lat' dir='ltr'>n.</span> <span class='ocrx_word' id='word_1_459' title='bbox 308 2800 329 2828; x_wconf 90' lang='lat'>1,</span> <span class='ocrx_word' id='word_1_460' title='bbox 342 2803 371 2828; x_wconf 78' lang='lat' dir='ltr'>p.</span> <span class='ocrx_word' id='word_1_461' title='bbox 383 2797 441 2822; x_wconf 72' lang='lat'><strong><em>314.</em></strong></span> 
     </span>
    </p>
   </div>
   <div class='ocr_carea' id='block_1_18' title="bbox 1610 2846 1660 2873">
    <p class='ocr_par' dir='ltr' id='par_1_20' title="bbox 1610 2846 1660 2873">
     <span class='ocr_line' id='line_1_51' title="bbox 1610 2846 1660 2873; baseline 0.02 -1"><span class='ocrx_word' id='word_1_462' title='bbox 1610 2846 1660 2873; x_wconf 53' lang='lat'>40³·</span> 
     </span>
    </p>
   </div>
  </div>
 </body>
</html>
