2189 3042
275 114 311 143 12
717 106 893 134 IOHANNIS
912 106 986 132 VIII.
1006 105 1123 132 PAPAE
1147 104 1342 131 EPISTOLAE
1367 103 1406 131 13.
1428 104 1468 131 14.

332 213 516 246 (1011ANNES
538 209 755 242 EPISCOPUS)*
775 210 911 238 CLEROn,
935 208 1034 232 I'LEBI
1057 208 1101 232 ET
1123 208 1241 232 ORDINI
1265 206 1395 242 SANCTI}
1417 206 1649 231 BITURICENSIS
1673 206 1859 243 ECCLESIAEJ&
1907 208 1913 213 '

379 272 600 313 Suggessionis
624 274 727 309 vestre
744 270 926 310 relegentes
944 266 1124 308 epistolam,
1149 265 1235 307 quod
1251 265 1292 296 ab
1316 265 1516 306 apostolatus
1538 266 1638 296 nostri
1662 266 1851 297 auctoritate
1875 266 1915 297 de

273 326 431 356 confratre
455 326 562 354 nostro
586 321 778 353 F1·othario¹’
802 318 979 350 reverendo
1004 318 1246 358 archiepiscopo
1270 316 1459 357 postulat02,
1488 316 1550 347 hoc
1578 327 1635 347 nos
1663 316 1797 347 aliorum
1826 318 1916 348 testi-

272 375 472 407 ficationibus
503 378 535 404 et
565 374 716 414 precipue
745 371 939 402 serenissimi
963 380 1091 410 semper
1114 369 1254 410 augusti,
1286 368 1435 409 spiritalis
1459 378 1586 409 quoque
1609 367 1665 398 filii
1692 369 1805 407 nostri,
1834 368 1916 399 rela-

272 428 357 457 tione
383 425 605 465 comper-inum,
630 423 687 454 sed
712 426 745 457 et
767 421 881 462 legatis
905 420 1080 461 apostolice
1104 419 1203 460 sedis,
1231 420 1340 450 Leone
1363 419 1515 450 videlicet
1538 419 1711 450 venerabili
1736 419 1886 460 episcopo
1896 419 1918 459 ³,
1951 434 1963 452 ⁵

273 478 464 520 apocrisiaro
498 479 530 506 ct
560 476 655 505 misso
689 477 798 512 sancte
830 472 976 511 Romane
1006 471 1155 511 ecclesie,
1189 481 1245 502 seu
1274 470 1395 502 Petrod
1426 480 1506 511 eque
1534 470 1710 501 venerabili
1736 471 1917 511 episcopo4,

272 528 503 561 revertentibus
531 527 715 557 didicimus:
746 535 828 566 pene
861 527 962 554 totam
991 523 1187 564 provinciam
1210 522 1466 563 Burdegalensi⁵
1492 522 1665 563 metropoli
1694 523 1919 563 pertinentem,

273 583 352 611 sic-ut
375 580 415 610 ab
439 579 503 612 his,
529 579 582 619 qui
607 587 736 608 causam
761 576 847 607 illam
872 578 1043 615 noverunt,
1067 574 1152 605 idem
1176 574 1275 605 nostri
1298 574 1398 615 legati
1422 574 1545 604 discere
1568 577 1754 615 potuerunt,
1781 574 1823 604 ita
1850 583 1919 604 esse

272 642 468 674 paganorum
498 629 773 671 persecutionibus
804 628 997 667 desolatam,
1028 630 1062 657 ut
1092 637 1152 657 non
1183 626 1284 657 solum
1314 626 1381 666 ipse
1414 625 1591 656 confratere
1619 627 1727 655 noster
1754 625 1819 655 illic
1842 625 1920 655 lucri

272 683 392 724 aliquid
417 681 566 712 subiectis
583 680 728 711 conferre
753 690 816 710 non
840 679 950 720 possit,
974 689 1084 709 verum
1109 678 1205 708 etiam
1229 677 1386 708 habitatio
1408 676 1551 708 fidelium
1567 676 1641 707 inde
1660 676 1821 707 subtracta
1845 687 1920 707 con·
1942 689 1965 706 ιυ

273 734 388 766 sistat‘.
427 734 641 773 Quapropter,
667 732 743 772 quia
769 730 906 762 eundem
930 731 1031 760 virum
1051 729 1256 760 Frotharium
1279 728 1490 760 reverendum
1515 728 1791 769 archiepiscopum
1814 727 1922 768 probis

272 786 413 817 moribus
441 784 629 824 actibusque
658 783 811 824 preclaris
842 785 874 813 et
905 781 946 813 ad
973 782 1095 812 lucrum
1123 780 1290 812 animabus
1317 780 1481 811 hominum
1509 780 1738 811 conferendum
1770 779 1922 810 idoneum

274 849 342 869 esse
367 837 591 878 comperimus,
616 845 655 865 ne
682 834 755 865 talis
779 837 949 875 tantusque
973 834 1021 864 vir
1044 833 1139 872 otioss,
1164 843 1226 873 quo
1250 831 1403 873 prodesse
1428 832 1498 863 aliis
1522 832 1638 869 valeat,
1666 832 1796 862 minime
1819 833 1922 871 vacet,

273 889 415 920 eiusdem
435 891 543 927 sancte
560 886 769 917 Bituricensis
793 886 939 926 ecclesie,
964 885 1015 916 cui
1038 884 1185 924 subestis,
1211 884 1239 915 ei
1262 884 1457 924 pastoralem
1481 894 1588 914 curam
1613 883 1790 924 apostolica
1814 885 1923 913 aucto-

274 942 367 972 ritate
393 940 619 971 committimus
650 940 682 968 et
714 938 745 968 in
776 938 846 978 ipsa
876 947 948 967 eum
971 935 1235 967 incardinandum
1258 936 1439 966 necessario
1469 945 1538 966 esse
1562 945 1738 966 censemus.
1784 933 1843 965 Oui
1867 944 1924 965 vos
1945 947 1968 964 15

273 993 317 1023 ita
341 992 509 1023 decentem
534 989 752 1030 obedientiam
778 991 810 1020 et
833 989 1019 1020 canonicam
1045 987 1276 1018 subiectionem
1299 987 1464 1018 humiliter
1487 987 1649 1026 exhibete,
1678 989 1789 1027 utpote
1813 995 1925 1025 revera

274 1043 573 1084 metropolitanatus
603 1042 669 1072 iura
702 1041 838 1079 tenenti,
872 1041 1001 1081 proprio
1030 1040 1145 1070 rectori
1175 1042 1207 1070 et
1234 1038 1426 1079 vestroqueh
1454 1038 1601 1069 antistitii
1628 1037 1795 1069 convenitk
1824 1041 1856 1069 et
1883 1048 1925 1068 ex

276 1099 384 1126 nostra
407 1094 582 1136 apostolica
606 1093 798 1124 auctoritate
831 1091 1003 1122 diffinitum
1027 1091 1191 1122 advertitis
1219 1093 1251 1121 et
1284 1101 1358 1121 ecce
1386 1090 1572 1121 mandatum
1599 1089 1740 1129 habetis,
1768 1093 1925 1130 quatenus

276 1147 314 1178 de
339 1147 421 1177 bono
446 1149 549 1185 vestre
577 1144 760 1184 obedientie
786 1143 878 1174 nobis
902 1142 973 1174 Deo
997 1143 1117 1184 gratias
1140 1141 1353 1174 referentibus
1377 1145 1409 1173 et
1431 1141 1504 1172 vosl
1526 1142 1706 1172 reverentia
1730 1141 1925 1181 competenti

274 1200 377 1239 ipsun]
402 1198 618 1239 prephatumm
645 1196 922 1237 archiepiscopum
947 1195 1116 1234 excolatis,
1146 1198 1178 1224 et
1205 1193 1259 1224 ille
1282 1193 1371 1224 vobis
1395 1196 1547 1234 tanquam
1571 1203 1629 1233 pro
1653 1192 1743 1223 vobis
1765 1192 1922 1223 rationem
1944 1204 1969 1222 20

274 1250 412 1280 Domino
429 1249 609 1279 redditurus
633 1247 781 1279 modeste
797 1257 926 1288 preesse
951 1246 1082 1277 studens
1105 1248 1140 1276 ut
1163 1245 1297 1276 dilectos
1320 1245 1401 1275 filios
1421 1245 1642 1285 amplectatur.
1682 1244 1783 1274 Porro
1807 1243 1923 1283 sciatis,

276 1302 349 1342 quia
373 1302 416 1332 sic
439 1302 498 1331 ista
522 1311 583 1330 non
608 1299 734 1330 modica
758 1298 992 1330 interveniente
1017 1298 1227 1328 necessitate'n
1251 1296 1419 1327 barbarica
1446 1296 1542 1327 modo
1567 1295 1781 1335 concedimus,
1808 1298 1844 1326 ut
1867 1295 1923 1325 tali

276 1354 466 1384 necessitate
490 1355 623 1392 remota,
648 1354 869 1382 removeatur⁰
893 1351 990 1381 etiam
1014 1349 1056 1389 id,
1081 1348 1167 1390 quod
1190 1349 1364 1379 necessitas
1387 1349 1590 1389 imperaratl‘.

380 1415 473 1438 DATA
492 1414 521 1438 V.
543 1412 726 1437 KALENDAS
748 1412 955 1441 NOVEMBRIS,
979 1411 1178 1435 INDICTIONE
1196 1411 1227 1434 X.

1075 1566 1123 1594 14.

387 1627 543 1658 Iohannes
573 1625 666 1658 VIII.
685 1636 775 1665 papa
796 1625 947 1665 episcopis
959 1634 1017 1663 per
1032 1623 1266 1655 Bz'tur‘e'censem
1276 1622 1475 1663 provinciam
1491 1622 1669 1653 constitutis
1685 1621 1923 1652 translationem
1941 1630 1966 1649 25

278 1678 444 1709 Frotharz'i
473 1679 509 1709 de
532 1677 763 1717 Bnrdiyalcnsi
790 1678 824 1708 in
851 1676 1081 1707 Bitar'iccnsem
1108 1674 1379 1714 metropolitanam
1402 1673 1560 1706 eeclesiam
1587 1673 1733 1711 nantiat;
1755 1673 1923 1712 praecipit,

279 1733 314 1760 ut
337 1730 386 1760 illi
409 1733 567 1769 tamquam
592 1730 827 1768 metropolitano
851 1728 1005 1760 obediant.
1552 1726 1615 1756 876
1642 1725 1706 1756 Oct.
1722 1725 1765 1755 26
1778 1724 1836 1765 (ἓ).

391 1789 465 1815 Coa„-
494 1789 520 1814 R
538 1792 558 1821 [ζ
574 1791 599 1814 6¹
620 1797 646 1814 η.
661 1793 697 1814 14.

384 1840 467 1865 EM.-
494 1840 586 1865 Editio
602 1840 727 1865 Romana
746 1840 829 1873 (1591)
850 1839 908 1872 ΙΙΙ,
927 1843 978 1865 297
994 1843 1063 1865 n.14
1084 1851 1115 1860 =
1135 1838 1262 1864 Sirnzond
1282 1838 1359 1864 Conc.
1372 1841 1428 1863 ant.
1444 1837 1549 1863 Galliac
1567 1837 1624 1869 III,
1643 1839 1697 1862 448
1715 1845 1742 1862 n.
1755 1840 1793 1862 10.
1828 1836 1925 1861 DIansi

283 1884 357 1909 Cone.
371 1884 427 1909 coll.
443 1883 544 1915 XVII,
566 1888 594 1909 13
613 1891 639 1909 n.
654 1887 692 1908 14.
729 1882 824 1916 Miyne
844 1883 919 1908 Patr.
933 1883 978 1908 lat.
994 1881 1129 1914 CXXVI,
1151 1885 1200 1907 689
1218 1890 1245 1908 n.
1258 1884 1297 1907 35.
1318 1896 1349 1900 —
1369 1880 1446 1912 Jaffe'
1464 1880 1527 1913 Ray.
1543 1883 1606 1906 3055
1624 1880 1719 1912 (2282).
1943 1886 1968 1905 30

413 1970 584 1994 IOHANNES
608 1971 909 1994 REVERENTISSIMIS
933 1970 977 1993 ET
1000 1969 1230 1993 SANCTISSIMIS
1254 1968 1444 1992 FRATRIBUS
1468 1967 1609 1992 NOSTRIS
1631 1966 1800 1991 EPISCOPIS

677 2014 742 2036 PER
766 2013 1019 2037 BITURICENSEM
1042 2011 1255 2036 PROVINCIAM
1279 2010 1526 2035 CONSTITUTIS⁶.

390 2063 472 2098 Quia
496 2063 771 2104 Burdegalensem
796 2064 919 2100 urbem,
951 2063 1008 2094 sed
1040 2066 1071 2094 et
1094 2066 1194 2094 totam
1219 2073 1301 2104 pene
1326 2062 1522 2103 provinciam
1546 2060 1764 2102 quorundama
1787 2062 1928 2089 vestrum

283 2114 405 2153 litteris,
430 2114 485 2144 scd
509 2118 541 2145 et
563 2115 681 2145 Leonis
704 2115 879 2155 apostolice
904 2115 989 2146 sedis
1013 2115 1210 2156 apocrisiarii
1234 2113 1303 2155 [seu
1326 2113 1416 2144 Petri
1438 2112 1632 2143 venerabilis
1655 2111 1808 2152 episcopi,
1836 2110 1925 2151 lega-

282 2166 422 2202 torum]b
446 2166 716 2196 sanctissimorum
749 2170 928 2197 nostrorum
960 2158 1112 2207 expressa
1142 2166 1298 2196 relatione
1327 2164 1495 2195 didicimus
1519 2163 1651 2194 diversis
1681 2162 1839 2201 cladibus,
1868 2160 1926 2192 sed
1945 2170 1968 2188 35

284 2217 435 2257 precipue
459 2216 634 2247 incursibus
657 2217 928 2248 Nortmannorum
954 2217 1113 2248 deletam7
1131 2220 1163 2247 et
1186 2217 1217 2247 in
1241 2215 1445 2247 solitudinem
1468 2216 1583 2256 partim
1607 2214 1723 2256 gladiis
1745 2214 1927 2255 partimque

385 2318 411 2351 ²³)
430 2317 491 2343 add.
511 2326 582 2344 mun.
601 2319 752 2344 carecta-is
770 2319 803 2345 R.

389 2378 429 2403 13.
458 2378 482 2410 ε“)
502 2386 515 2403 c
534 2388 599 2403 corr.
616 2388 646 2403 ea:
665 2386 680 2403 Ε
698 2380 730 2405 R.
802 2380 825 2411 b)
845 2389 856 2405 s
875 2389 940 2405 eras.
954 2381 980 2405 in
993 2382 1048 2413 fine
1067 2380 1098 2405 R.
1170 2379 1192 2412 c)
1212 2388 1278 2405 corr.
1292 2388 1322 2404 erc
1340 2379 1471 2412 postulans
1490 2378 1522 2403 R,
1593 2377 1617 2410 d)
1636 2382 1681 2410 pto
1699 2378 1730 2402 R.
1802 2377 1824 2409 e)
1843 2386 1855 2401 r
1872 2381 1929 2408 post

283 2426 292 2446 t
312 2430 378 2446 crus.
392 2420 423 2445 R.
494 2419 514 2453 f)
533 2422 648 2446 consistit
668 2422 699 2447 R.
770 2423 795 2453 S)
814 2424 862 2447 -ti-
881 2423 908 2447 ἰη
926 2432 978 2447 ras.
998 2423 1031 2449 R.
1101 2422 1127 2453 11)
1146 2423 1181 2447 sic
1199 2422 1230 2447 R.
1301 2421 1319 2454 i)
1339 2423 1372 2447 -ti
1391 2423 1418 2446 in
1435 2430 1488 2447 ras.
1506 2421 1538 2446 R.
1608 2419 1633 2452 k)
1653 2423 1666 2445 ἓ
1684 2421 1746 2446 adol.
1765 2421 1800 2445 al.
1813 2429 1882 2445 man.
1895 2420 1927 2445 R.

282 2463 301 2496 l)
321 2464 392 2488 vobis
411 2464 442 2488 R.
536 2464 567 2494 m)
586 2468 595 2488 t
613 2473 679 2488 corr.
699 2473 729 2489 ex
746 2474 762 2489 u
782 2465 813 2490 R.
908 2466 932 2496 ῃ)
952 2467 1090 2491 necesitate
1108 2466 1140 2490 R.
1233 2466 1256 2496 0)
1276 2465 1342 2490 inter
1360 2474 1373 2490 e
1396 2469 1418 2490 et
1440 2473 1456 2489 a
1478 2473 1545 2490 eras.
1564 2473 1576 2488 ι’
1595 2464 1625 2488 R.
1717 2463 1742 2495 P)
1766 2464 1872 2496 imperat
1890 2463 1927 2492 Β,-
1945 2469 1970 2488 -10

284 2507 317 2539 cs.
337 2515 361 2531 η.
376 2509 415 2537 14,
429 2516 457 2538 p.
472 2508 501 2531 13
519 2507 535 2530 l.
551 2508 588 2531 27.

387 2557 426 2582 14.
455 2557 478 2588 a)
499 2566 515 2582 n
539 2566 604 2582 corr.
624 2566 654 2582 en:
677 2567 701 2582 m
721 2558 752 2583 R.
841 2558 864 2591 b)
885 2569 932 2584 om.
946 2560 983 2587 R.-
1002 2560 1035 2592 cf.
1055 2569 1080 2584 n.
1096 2562 1132 2590 13,
1151 2568 1232 2592 supra
1251 2560 1294 2584 lin.
1310 2561 1333 2584 6.

389 2634 414 2666 1>
433 2633 581 2667 ‘Bomyesf
594 2649 625 2652 -
641 2633 683 2665 Cf.
696 2634 773 2659 etiam
787 2635 958 2668 priv-{legium
976 2636 1028 2668 ipsi
1042 2635 1188 2661 ,Fi-othario
1207 2635 1343 2666 directam,
1362 2634 1441 2666 infra
1459 2642 1485 2659 n.
1495 2637 1535 2660 38.
1605 2634 1631 2667 2)
1652 2618 1693 2665 (If.
1708 2633 1740 2659 dc
1752 2634 1802 2659 hac
1819 2641 1847 2659 ‘re
1865 2641 1890 2658 n.
1903 2636 1926 2659 9.

285 2676 310 2707 3)
334 2676 490 2702 Gabinensi.
573 2676 599 2709 4)
619 2676 686 2702 Fori
705 2676 859 2709 Simu-onii.
943 2678 970 2708 5)
989 2678 1164 2704 ‘Bordcauoeff
1244 2678 1270 2710 6)
1292 2677 1330 2709 Cf.
1349 2676 1485 2710 epistolam
1502 2684 1528 2702 n.
1541 2679 1570 2703 13
1588 2676 1738 2702 verbotenus
1756 2676 1786 2701 in
1801 2675 1928 2709 plumibas

284 2726 343 2744 cum
362 2719 410 2745 hac
427 2722 623 2745 consonantem.
712 2719 737 2751 7)
764 2719 792 2745 V.
811 2727 893 2752 snpra
908 2729 936 2753 p.
950 2724 966 2746 8
984 2723 1076 2746 annot.
1091 2725 1114 2746 4.
1945 2725 1971 2744 45
