2189 3042
88 401 121 421 οε.
130 402 150 422 ⁸.
158 400 214 425 Rog.
221 400 278 424 &aa

293 151 354 182 348
658 142 882 170 FRAGMENTA
902 140 1071 169 REGISTRI
1091 139 1274 166 STEPHANI
1287 138 1319 165 V.
1339 137 1457 164 PAPAE
1475 138 1516 165 25.
1530 138 1571 165 26.

292 236 444 265 censent·
467 241 605 262 canones
629 233 662 261 et
684 229 770 271 quod
794 231 976 260 sanctorum
998 230 1125 269 patrum
1151 226 1343 257 documento
1366 225 1523 256 sancitum
1545 235 1609 255 non
1632 226 1690 265 est,
1714 224 1938 265 supersticiose.

292 283 516 316 adinventione
540 292 602 313 non
627 284 676 313 est
704 279 983 322 praesumendum.
1030 278 1216 320 Spontanea
1244 276 1330 308 enim
1358 275 1558 308 confessione
1581 276 1633 307 vel
1659 276 1789 307 testium
1818 285 1935 317 appro-

290 336 419 367 batione
441 333 605 375 publicata
622 332 739 364 delicta
761 331 872 363 habito
895 341 973 372 prae
998 330 1098 361 oculis
1113 329 1176 360 Dei
1198 329 1313 360 timore
1338 327 1507 359 commissa
1522 329 1595 358 sunt
1614 327 1763 369 regimini
1785 326 1939 368 iudicare,

295 387 419 419 occulta
442 395 517 417 vero
542 388 575 416 et
602 384 764 425 incognita
793 383 877 414 illius
904 381 996 413 suntb
1019 381 1156 412 iudicioc
1178 378 1420 421 relinquendad,
1445 379 1498 420 qui
1521 379 1608 410 solus
1630 379 1718 410 novit
1739 378 1836 410 corda
1858 378 1940 409 filio-

290 449 360 470 rum
383 437 556 469 hominum.
602 435 667 466 Hie
690 437 809 475 autem,
834 434 888 475 qui
910 433 1087 475 probantur
1109 432 1160 463 vel
1183 431 1373 463 confitentur
1396 429 1488 462 talisf
1509 433 1616 462 reatus
1639 435 1695 462 seg
1717 429 1858 470 noxiosf‚
1882 433 1938 461 tua
1981 439 1993 460 ο

291 500 347 522 eos
371 489 509 529 castiget
536 487 729 527 moderatio,
753 486 828 528 quia
862 486 888 517 si
912 487 1103 526 conceptum
1130 485 1162 515 in
1185 487 1276 515 utero
1296 483 1350 524 qui
1373 492 1432 524 per
1454 482 1625 514 aborsumh
1649 482 1813 523 deleverit,
1836 482 1943 513 homi-

292 541 363 573 cida
395 543 453 580 est,
484 542 603 581 quanto
639 539 743 580 magis
778 539 831 580 qui
867 537 959 569 unius
989 536 1103 568 saltem
1132 535 1210 567 dieii
1238 532 1431 576 puerulum1¹
1460 534 1647 575 peremerit,
1677 533 1872 566 homicidam
1906 543 1942 565 se

295 592 381 625 esse¹
405 601 560 623 excusare
584 590 776 632 nequibitm?

1094 771 1143 800 26.

401 832 583 873 Stephanus
605 831 638 863 V.
659 841 752 873 papa
775 831 958 872 Stylianum
983 829 1120 869 aliosque
1142 828 1304 860 orientalis
1326 827 1469 860 eeclesiae
1490 828 1645 869 episcopos
1668 827 1704 858 de
1725 827 1814 867 siyno
1836 826 1945 858 crucis

293 888 321 917 et
343 885 380 916 de
402 884 588 916 auctoritate
611 882 775 914 Romanae
798 882 940 914 eeclesiae
963 881 1078 914 docet1.
1643 879 1861 921 (687—868.)
1974 886 1999 906 ιο

399 953 461 981 Con.
474 959 551 980 can:
568 952 594 978 A
613 952 633 986 f.
647 954 705 978 157¹
724 960 751 978 n.
763 955 805 978 25.
823 966 856 970 -
875 951 906 977 Ε
921 951 944 983 1,
959 954 998 982 64,
1011 954 1026 977 5
1043 953 1067 976 et
1085 954 1108 981 6,
1126 951 1147 984 f.
1161 951 1215 976 89‘.

525 1000 550 1022 1.·
568 995 596 1021 1)
614 995 638 1027 Ι,
653 999 699 1021 114
725 994 774 1027 (ed.
789 994 892 1020 Fronto
912 1002 940 1027 p.
955 997 995 1026 20,
1023 993 1117 1027 Miyne
1141 992 1216 1019 Patr.
1233 992 1279 1019 lat.
1299 991 1400 1024 CLXI,
1413 993 1459 1025 88)
1485 991 1527 1024 (=
1549 991 1623 1025 D⁵);
1648 991 1687 1024 Π,
1702 995 1732 1018 91
1765 991 1814 1024 (ed.
1837 990 1946 1018 Fronto

569 1047 598 1072 p.
613 1042 651 1071 65,
671 1038 767 1072 Miyne
786 1037 862 1064 Patr.
877 1037 922 1063 lat.
938 1036 1038 1068 CLXI,
1053 1036 1110 1070 182)
1130 1036 1175 1068 (=
1188 1035 1256 1065 Db).
1275 1050 1310 1054 -—
1330 1034 1417 1061 6111
1433 1034 1470 1062 D.
1483 1039 1498 1062 5
1515 1042 1537 1061 c.
1550 1038 1583 1061 10
1601 1034 1651 1067 (ed.
1665 1034 1808 1068 Friedbery
1827 1034 1852 1066 Ι,
1867 1035 1944 1066 1415)

586 1094 615 1104 =
665 1087 678 1100 a

525 1130 552 1152 2:
575 1086 600 1151 (G
619 1082 726 1152 call).
740 1128 770 1151 19
787 1123 838 1157 (ed.
854 1122 999 1157 Friedbcrq
1017 1122 1039 1154 I,
1054 1124 1096 1156 61)
1115 1123 1158 1155 (=
1177 1122 1242 1155 Gb).
1975 1127 2000 1147 ιε

400 1177 473 1204 Εᾱά.
486 1182 512 1204 1.-
533 1177 628 1203 Mansi
643 1176 704 1202 Coll.
718 1184 790 1202 conc.
802 1174 918 1206 XVIII,
931 1178 964 1201 26
982 1182 1014 1200 ex
1030 1174 1075 1201 Ga
1087 1186 1117 1196 =
1130 1174 1224 1208 Miyne
1242 1173 1318 1200 Patr.
1328 1173 1373 1199 lat.
1387 1172 1526 1204 CXXIX,
1536 1176 1587 1200 807
1603 1180 1630 1199 n.
1641 1176 1678 1199 21.
1693 1187 1725 1192 -
1739 1172 1836 1206 Re99.:
1849 1170 1948 1198 Ewald

296 1222 326 1248 tn
346 1222 408 1248 NA.
420 1221 451 1254 V,
466 1224 516 1247 406
534 1228 562 1246 n.
576 1224 617 1246 25.
653 1220 727 1252 Jaffe'
745 1223 815 1246 3444
835 1219 927 1252 (2666).

300 1326 482 1360 [s]T1L1ANO
506 1325 697 1350 ANASTASIO
721 1323 885 1357 [EUSE]BIO
907 1323 1053 1348 IOHANNI
1075 1323 1120 1347 ΕΤ
1143 1320 1259 1347 PAULO
1280 1321 1558 1347 ARCHIEPISCOPIS
1579 1319 1634 1353 [ΕΤ
1655 1319 1785 1353 EJORUM
1805 1318 1947 1346 GLERO*.

407 1385 454 1428 (1)
477 1384 664 1426 Numquid⁸
685 1394 750 1415 non
776 1384 883 1415 omnia
911 1381 1103 1414 carismatab
1126 1381 1334 1413 sacerdotalis
1363 1380 1530 1412 ministerii
1560 1380 1660 1412 crucis
1689 1380 1791 1422 figura
1820 1379 1948 1421 perfici-

299 1439 412 1469 untur?
454 1436 680 1477 Numquidnec
709 1435 912 1476 baptismatis
940 1433 1026 1464 unda
1055 1433 1114 1464 nisi
1145 1442 1237 1464 cruce
1269 1432 1467 1464 sanctificata
1496 1435 1630 1474 peccata
1660 1432 1805 1464 relaxat?
1839 1431 1882 1463 Et
1911 1434 1947 1463 ut
1976 1444 2002 1465 20

301 1491 409 1521 cetera
432 1491 683 1529 praetereamus,
707 1487 774 1518 sine
799 1486 899 1517 crucis
922 1485 1085 1527 signaculo
1110 1485 1180 1526 quis
1203 1483 1396 1516 sacerdotiid
1418 1484 1536 1526 gradus
1557 1483 1723 1516 ascendit?

409 1540 457 1581 (2)
482 1539 640 1570 ITEM**.
665 1538 836 1569 Enimvero
853 1538 928 1579 quia
943 1537 974 1567 in
991 1536 1173 1578 speculame
1190 1539 1222 1567 et
1240 1536 1425 1577 exemplum
1442 1538 1552 1568 saneta
1566 1535 1715 1567 Romana
1732 1535 1879 1575 ecclesia,
1898 1534 1950 1566 cui

300 1602 359 1624 nos
383 1591 526 1623 Christus
556 1600 707 1632 praeesse
730 1590 840 1630 voluit,
872 1589 977 1630 posita
1000 1591 1049 1619 est
1072 1588 1228 1628 omnibus,
1259 1587 1410 1629 quicquid
1439 1587 1558 1627 statuit,
1582 1586 1732 1628 quicquid
1762 1586 1920 1618 ordinavit
1930 1585 1948 1627 f,

302 1646 482 1686 perpetuoss
506 1642 560 1674 eth
582 1641 846 1684 irrefragabiliter
870 1639 1105 1671 observandum
1129 1642 1185 1671 est.

412 1908 437 1941 *)
456 1907 652 1940 Snperseriptio
670 1907 701 1932 in
719 1906 783 1932 Da:
807 1906 964 1939 Stephanus
978 1905 1011 1931 V.
1030 1904 1149 1931 Stiliano
1167 1904 1384 1938 archiepiscopo.
1403 1919 1435 1923 —-
1455 1904 1566 1930 Lemma
1584 1907 1609 1931 et
1626 1905 1817 1938 superscriptio
1835 1905 1866 1931 in
1884 1905 1950 1931 Db:
1977 1914 2003 1934 25

457 1950 558 1977 Omnia
576 1950 664 1984 figura
678 1950 767 1976 crucis
780 1948 885 1976 Christi
903 1947 1081 1975 sanctificari.
1106 1947 1263 1981 Stephanus
1285 1956 1361 1981 papa
1380 1946 1500 1974 Stiliano
1521 1947 1669 1974 Anastasio
1690 1947 1809 1974 Eusebio
1832 1947 1950 1974 Iohanni

459 1993 545 2020 Paulo
564 1992 704 2027 episcopis
722 1993 774 2019 etc.
795 2007 826 2010 —
840 1991 877 2017 In
896 1991 938 2017 E.-
957 1991 1113 2025 Stephanus
1134 1990 1253 2017 Stiliano
1267 1989 1422 2017 Athanasio
1442 1989 1558 2016 Iohanni
1577 1992 1606 2017 et
1623 1990 1711 2017 Paulo
1730 1990 1950 2025 archiepiscopis

457 2038 486 2063 et
504 2044 597 2063 eorum
617 2036 697 2062 clero.
734 2034 775 2062 De
798 2034 887 2062 crucis
910 2034 1062 2068 signaculo.
1091 2048 1121 2052 —
1150 2033 1186 2059 In
1206 2033 1262 2059 G⁸=t
1288 2032 1388 2060 Omnia
1407 2034 1580 2060 sacramenta
1605 2033 1694 2060 erucis
1719 2033 1862 2068 signaculo
1891 2042 1952 2068 per-

456 2079 594 2106 ficiuntur.
631 2079 702 2106 Item
721 2078 888 2112 Stephanus.

395 2133 439 2165 **)
458 2133 567 2159 Lemma
584 2131 614 2156 in
632 2130 674 2156 E.-
693 2130 771 2162 Quod
788 2129 921 2163 quicquid
940 2129 1065 2155 Romana
1088 2128 1205 2155 ecclesia
1227 2128 1336 2159 statuit,
1362 2127 1594 2162 irrefragabiliter
1618 2127 1820 2155 observandum
1848 2130 1899 2156 est.
1919 2144 1950 2148 —
1979 2137 2006 2157 ⁸0

458 2175 567 2201 Lemma
591 2176 615 2199 et
639 2173 827 2207 superscriptio
844 2173 876 2199 in
897 2172 954 2199 Gb:
981 2171 1120 2205 Quicquid
1139 2171 1264 2198 Romana
1289 2170 1407 2198 ecelesia
1430 2171 1533 2198 statuit
1551 2171 1596 2198 vel
1622 2171 1741 2204 ordinat,
1769 2172 1804 2199 ab
1824 2171 1951 2199 omnibus

457 2219 500 2244 est
518 2217 728 2244 observandum.

407 2296 431 2328 8)
449 2300 588 2321 censerunt
600 2295 633 2321 A.
703 2293 727 2326 b)
748 2299 808 2320 sunt
825 2295 863 2319 illi
883 2293 933 2319 Οἱ).
1005 2293 1027 2326 c)
1047 2303 1095 2319 om.
1113 2293 1162 2319 Gb.
1234 2292 1259 2326 d)
1277 2294 1430 2319 reservanda
1447 2293 1499 2318 Eu.
1569 2293 1592 2325 e)
1611 2294 1660 2319 His
1677 2293 1730 2319 Ess.
1809 2292 1829 2326 ¹)
1847 2295 1950 2320 talis-

303 2340 393 2365 noxios
411 2348 460 2365 om.
473 2339 497 2364 A
516 2339 598 2371 spatio
616 2338 710 2363 relicto.
799 2337 824 2369 8)
843 2346 898 2362 esse
917 2336 970 2363 Εἴ).
1063 2335 1089 2369 h)
1108 2338 1226 2363 abortum
1246 2336 1299 2367 Db,
1313 2336 1365 2362 Eb.
1450 2336 1470 2369 i)
1488 2336 1574 2362 saltim
1592 2337 1642 2362 diei
1655 2336 1694 2367 A,·
1722 2337 1772 2363 diei
1789 2337 1881 2363 saltem
1894 2337 1922 2362 Ε
1928 2336 1952 2363 b.

303 2383 328 2415 k)
348 2391 456 2416 puerum
474 2382 526 2408 Eb.
597 2380 616 2410 1)
636 2390 662 2407 se
681 2390 732 2406 non
751 2389 806 2406 esse
820 2381 858 2410 A‚·
882 2389 936 2406 osse
956 2389 983 2406 se
1005 2380 1054 2408 Gb.
1125 2380 1157 2412 ¹²²)
1177 2381 1293 2413 nequivit
1306 2381 1339 2405 A.
1980 2387 2006 2406 ³5

407 2441 448 2468 26.
476 2441 499 2473 ΒΑ)
519 2442 618 2467 Littera
640 2442 747 2466 initialis
768 2442 835 2466 deest
853 2441 887 2467 A.
974 2440 998 2473 b)
1027 2442 1181 2467 charismata
1199 2450 1267 2466 corr.
1283 2449 1312 2466 ex
1330 2441 1467 2465 chrismata
1484 2440 1525 2470 E;
1551 2440 1671 2465 crismata
1691 2440 1741 2465 (3⁵.
1838 2439 1860 2471 ⁰)
1879 2449 1953 2466 num-

304 2486 366 2518 quid
380 2486 428 2511 ΘΒ.
511 2484 536 2516 d)
555 2485 700 2510 sacerdotiis
712 2484 743 2508 A.
833 2484 855 2515 e)
875 2493 887 2509 s
905 2484 932 2509 in
945 2486 1000 2517 fine
1019 2485 1068 2510 dez.
1082 2485 1120 2514 A;
1139 2484 1272 2517 speculum
1292 2482 1343 2509 G'b.
1431 2481 1450 2514 ἰ)
1469 2483 1568 2508 ordinat
1581 2482 1614 2515 A,
1627 2482 1679 2508 Gb.
1768 2482 1793 2514 8)
1812 2486 1905 2516 ppetuo
1919 2483 1952 2509 A.

304 2528 329 2561 h)
349 2538 398 2554 om.
411 2528 443 2560 E,
459 2527 510 2554 (Ἡ).

411 2624 435 2655 1)
456 2621 532 2648 Haec
549 2621 701 2655 fraqmenta
719 2628 752 2647 ex
772 2620 820 2646 illa
837 2620 967 2653 Stephani
985 2620 1013 2647 V.
1032 2620 1143 2653 epistola
1163 2623 1269 2654 sumpta
1285 2621 1358 2651 sunt,
1380 2627 1459 2652 qnam
1476 2618 1606 2653 integram
1622 2627 1678 2645 non
1694 2619 1751 2646 nisi
1773 2619 1877 2646 Graeca
1900 2627 1953 2646 ver-

305 2666 378 2692 sione
395 2665 471 2691 rwbis
488 2667 618 2691 servatam
636 2664 711 2698 ¹infra
730 2672 759 2697 p.
771 2666 824 2690 380
841 2672 868 2690 n.
881 2666 897 2689 3
921 2663 1108 2690 collocavimus.
1146 2663 1252 2690 Errant
1269 2663 1422 2696 Friedbery,
1445 2663 1492 2696 qui
1508 2664 1687 2697 fragmentum
1708 2662 1752 2689 Gb
1771 2661 1906 2695 Stephano
1922 2661 1952 2689 V.
1980 2669 2007 2688 ω

306 2709 334 2742 (1
341 2708 380 2742 V.)
400 2708 428 2741 (†
442 2708 504 2741 317)
522 2707 623 2740 tribuit,
643 2707 720 2739 Jaffe
736 2709 761 2733 et
779 2706 955 2740 Loewens'eld,
974 2707 1021 2739 qui
1038 2709 1180 2740 utrumque
1197 2707 1246 2733 snb
1259 2707 1373 2741 proprio
1390 2715 1499 2734 numero
1518 2721 1550 2725 —
1570 2709 1639 2733 3444
1657 2706 1741 2740 (2656)
1759 2720 1793 2725 --
1811 2713 1828 2730 a
1848 2704 1952 2731 Graeca

305 2752 352 2777 illa
371 2751 487 2777 versione
506 2766 536 2770 -
556 2759 583 2777 n.
598 2754 667 2777 3452
683 2750 773 2784 (2639)
795 2765 820 2769 -
842 2751 993 2784 seiungunt.
