2189 3042
141 323 181 342 ier.
191 324 211 343 9.
223 324 240 343 1.

46 677 238 702 cr.Ezech.21.14.

259 125 319 155 203
667 124 670 127 '
740 120 917 147 IOHANNIS
936 120 1011 146 VIII.
1030 120 1147 146 PAPAE
1169 119 1344 147 EPISTOLA
1367 121 1426 148 309.

256 208 456 239 desolatione
480 210 562 246 terre
587 207 686 246 istius,
711 216 807 248 quam
825 207 889 238 iam
906 206 1049 238 funditus
1065 217 1084 237 a
1101 206 1273 238 Christiani
1289 208 1425 238 nominis
1443 208 1578 239 inimicis
1594 211 1627 240 et
1642 209 1713 241 Deo
1731 210 1903 242 odibilibus

257 259 424 289 Saracenis
448 257 659 299 depredatam
684 258 853 297 cernimus,
882 268 939 288 nos
964 257 1063 288 afficit
1087 261 1120 288 et
1142 258 1255 289 intima
1278 262 1386 290 nostra
1409 259 1568 300 dissolvit,
1597 263 1631 291 ut
1655 264 1688 292 et
1710 272 1839 293 somnus
1862 262 1903 293 ab

258 310 356 341 oculis
380 313 412 340 et
434 319 452 339 a
476 312 571 350 gustu
595 308 683 339 cibus
708 308 850 350 effugiat.
896 308 1002 340 Etiam
1027 319 1098 340 cum
1115 309 1281 341 Hieremia
1306 310 1478 342 decantare
1495 312 1684 353 compellor:
1709 312 1800 348 ‘Quis
1816 313 1906 344 dabit

255 361 352 401 capiti
383 370 456 391 meo
491 370 608 401 aquam
642 362 697 391 aut
732 360 831 391 oculis
865 361 945 391 meis
977 360 1099 391 fontem
1128 360 1369 393 lacrima1·um?‘
1402 365 1435 393 et
1463 363 1596 404 reliqua.
1651 363 1818 405 Siquidem
1847 375 1904 396 ex-

254 413 452 453 pectavimus
468 412 583 449 lucem,
608 414 641 442 et
664 421 739 442 cccc
763 411 924 451 tenebras,
941 412 1136 452 quesivimus
1160 411 1363 454 adiutorium,
1389 417 1440 444 eta
1457 415 1540 445 iam³³
1556 425 1663 446 muros
1680 414 1775 446 Urbis
1793 416 1904 457 egredi

253 474 315 494 non
339 463 503 494 audemus.
550 463 633 494 Nam
658 466 731 494 ante
756 466 897 494 vestrum
917 463 1055 494 Romam
1080 463 1254 494 adventum
1278 465 1519 506 qualiscumque
1542 465 1634 497 nobis
1658 470 1728 498 erat
1749 467 1903 509 tranquil-

253 515 335 554 litas,
359 514 455 545 modo
480 525 556 545 vero
580 514 792 546 intolerabilis
816 517 849 546 et
871 514 1084 556 importabilis
1108 517 1340 556 persecutionis
1364 519 1454 547 extat
1476 520 1667 558 tempestas,
1697 519 1770 559 quia
1797 529 1903 560 neque

252 566 403 607 spiritalis
426 566 508 596 filius
532 569 639 597 noster
659 569 814 607 augustus
837 576 942 608 neque
964 566 1098 597 alicuius
1121 566 1251 598 alterius
1268 568 1373 608 gentis
1389 568 1484 599 homo
1501 568 1593 600 nobis
1609 569 1734 601 confert
1749 571 1904 601 auxilium

253 621 294 657 et,
319 618 379 648 nisi
400 618 548 648 divinitas
572 628 696 648 summa
720 617 898 657 subveniat,
923 620 978 649 aut
1001 618 1031 648 in
1056 617 1315 659 desperationem
1340 620 1481 660 aliquam
1496 621 1587 662 lapsi,
1613 622 1686 662 quia
1702 633 1765 653 non
1781 622 1903 653 solumb
1923 657 1925 660 ⁴

256 669 402 710 duplum,
434 670 514 700 sicut
537 669 693 700 Dominus
718 669 808 708 dicit,
840 669 897 700 sed
922 670 1019 700 etiam
1044 669 1172 711 triplum
1198 673 1230 701 et
1258 670 1470 712 quadruplum
1504 673 1681 703 exercitum
1710 676 1819 704 contra
1846 684 1903 704 nos

253 722 360 751 venire
385 722 608 762 conspicimus,
626 732 674 761 ea,
693 721 798 762 quec*
814 721 902 762 pacis
923 724 1005 759 sunt,
1027 720 1271 761 postulabimus,
1297 725 1351 752 aut
1371 725 1458 754 certe
1479 734 1542 754 non
1564 724 1666 754 solum
1684 724 1759 766 iugo
1776 724 1903 755 illorum

252 772 374 804 coactid
398 772 582 811 subdemur,
607 773 683 804 sedc
707 774 805 803 etiam
829 772 869 803 ab
894 773 940 803 eis
964 773 1049 813 capti
1074 773 1171 813 impie
1195 773 1440 813 iugulabimure,
1464 775 1553 815 quia,
1578 775 1659 806 sicut
1682 776 1778 815 scitis,
1802 776 1902 816 sepis-

251 825 331 855 sime
355 824 600 855 reclamavimus
624 828 656 855 ct
679 834 786 865 neque
810 824 879 865 ipse
903 827 1068 865 augustus,
1092 828 1127 855 ut
1150 824 1349 865 pretulimus,
1374 825 1642 868 qualemcumque
1665 826 1904 858 defensionemf

251 876 343 907 nobis
368 876 528 915 exhibuit,
560 886 665 917 neque
689 876 836 907 homines
861 876 1025 907 civitatum
1049 879 1244 916 nostrarum,
1277 877 1330 918 qui
1354 880 1464 908 contra
1487 877 1594 909 Deum
1619 881 1652 909 et
1675 881 1785 909 contra
1809 889 1902 909 omne

251 928 454 969 privilegium
478 931 621 958 nostrum
646 927 686 958 ab
704 928 904 968 alienigeniS‚
929 928 994 959 acsi
1018 928 1117 958 nostri
1141 938 1203 959 non
1228 927 1355 969 fuerint,
1380 928 1594 970 detinenturg,
1619 930 1659 960 ad
1676 929 1903 961 servitiuth

252 983 359 1019 sancte
384 978 530 1020 Romane
555 980 690 1019 ecclesie
716 979 909 1019 faciendum,
934 980 1015 1010 sicut
1038 979 1167 1010 solitum
1191 983 1269 1021 erat,
1294 979 1334 1010 ab
1359 980 1533 1011 eorundem
1558 981 1810 1022 alienigenarum
1827 982 1901 1022 iugo

251 1031 418 1062 subtraxit.
472 1030 532 1061 His
564 1040 655 1072 ergo,
691 1030 860 1061 karissima
894 1029 974 1069 filia,
1010 1030 1203 1061 clamoribus
1238 1041 1275 1062 ac
1305 1031 1491 1062 eiulatibusi
1522 1033 1637 1063 nostris
1665 1033 1796 1072 auditis,
1827 1033 1902 1074 quia

251 1082 448 1123 sapientibus
471 1082 641 1123 loquimur,
666 1082 816 1112 continuo
840 1084 974 1122 propter
988 1082 1094 1113 Deum
1120 1085 1151 1113 et
1174 1086 1307 1123 propter
1330 1085 1456 1113 sanctos
1473 1083 1540 1114 eius
1564 1084 1726 1125 apostolos
1750 1084 1901 1115 iamdicto

251 1134 387 1174 spiritali
410 1133 474 1164 filio
498 1136 606 1164 nostro
630 1136 765 1174 augusto
790 1133 873 1164 flexo
898 1133 1021 1174 poplite
1046 1143 1195 1174 suggere,
1220 1136 1254 1164 ut
1279 1133 1425 1164 omnibus
1442 1135 1570 1165 omnino
1588 1134 1831 1166 necessitatibus
1847 1139 1902 1166 aut

253 1184 397 1215 omissisk
419 1188 474 1215 aut
503 1188 590 1216 certe
621 1186 783 1226 suspensis
814 1188 922 1225 sancte
946 1185 1059 1216 matris
1083 1195 1138 1216 sue
1164 1185 1339 1216 calamitati
1363 1185 1530 1216 subveniat
1554 1188 1586 1216 et
1614 1186 1900 1225 conculcationem,

251 1237 349 1267 immo
373 1236 586 1276 perditionem
610 1236 694 1266 illius
718 1236 899 1276 advertens,
924 1239 1097 1277 antequam
1121 1246 1303 1277 pereamus,
1328 1237 1514 1268 citissimum
1540 1237 1684 1268 conferat
1706 1238 1901 1268 adiutorium

252 1292 307 1319 aut
339 1298 513 1328 congruum
545 1289 612 1319 sinc
640 1298 730 1318 mora
758 1288 856 1319 donet
888 1288 1070 1327 consilium,
1101 1288 1176 1329 quia
1207 1289 1272 1319 vita
1300 1292 1408 1319 nostra
1436 1289 1527 1319 nobis
1557 1299 1620 1319 non
1650 1290 1782 1330 prodest
1811 1293 1842 1320 et
1870 1290 1902 1320 in

253 1342 398 1370 extremo
422 1340 527 1380 positi,
552 1340 676 1370 etiamsi
699 1350 762 1370 non
787 1342 982 1380 optaremus,
1006 1340 1071 1370 iam
1095 1350 1180 1370 mors
1204 1350 1238 1371 se
1262 1340 1369 1381 palam
1393 1340 1506 1381 prebet
1529 1340 1710 1372 videndam.
1754 1341 1901 1381 Presenti

253 1401 380 1431 quoque
404 1391 502 1421 Petro
527 1390 703 1421 venerabili
728 1392 899 1431 episcopo¹
930 1391 1024 1422 valde
1049 1391 1141 1422 nobis
1165 1391 1294 1422 credulo
1327 1394 1359 1422 et
1383 1391 1591 1423 dilectissimo
1615 1392 1766 1423 familiari
1792 1395 1900 1423 nostro

252 1452 408 1472 summam
433 1441 706 1481 benivolentiam¹⁷
732 1453 916 1483 quesumus,
946 1441 1062 1473 exhibe
1088 1446 1119 1473 et
1144 1443 1173 1473 ei
1198 1446 1308 1483 utpote
1333 1453 1352 1473 a
1376 1446 1465 1474 tanta
1488 1443 1565 1475 sede
1590 1444 1710 1475 directo
1734 1444 1901 1475 familiari-

252 1494 326 1524 tatis
354 1493 460 1524 locum
487 1493 571 1534 apud
603 1493 754 1524 domnum
783 1497 954 1534 augustum
986 1495 1305 1535 congruentissimum
1336 1495 1439 1526 tribue
1469 1499 1565 1536 atque
1597 1499 1633 1526 ut
1664 1495 1900 1536 nobismetipsis

251 1544 296 1574 illi
326 1544 549 1575 credulitatem
579 1546 705 1585 penitus
735 1545 890 1576 adhibens
919 1555 972 1584 ea,
1003 1556 1064 1586 que
1094 1545 1227 1576 verbism
1251 1546 1411 1585 retulerit,
1442 1546 1546 1577 studio
1577 1549 1630 1577 tuo
1662 1547 1812 1588 operibus
1840 1548 1899 1577 im-

252 1596 408 1636 pleantur.
448 1596 512 1627 Sed
536 1599 568 1627 et
592 1597 651 1627 hoc
676 1596 898 1637 deprecamur,
921 1599 957 1627 ut
979 1607 1037 1637 pro
1063 1607 1111 1636 eo,
1137 1597 1222 1638 quod
1246 1597 1331 1638 apud
1349 1597 1494 1628 Ticinum
1519 1597 1634 1628 eodem
1658 1598 1830 1639 episcopo2
1851 1609 1898 1636 ea,

252 1658 313 1688 que
347 1658 405 1678 nos
439 1648 483 1678 illi
514 1648 789 1687 commiseramus,
824 1648 885 1689 ipsi
918 1651 1053 1688 augusto
1085 1649 1265 1679 necessario
1302 1652 1485 1689 exponente
1515 1649 1638 1679 animus
1673 1649 1757 1680 illius
1789 1652 1898 1680 contra

251 1698 333 1729 hunc
358 1702 406 1730 est
428 1699 588 1736 turbatus,
612 1702 667 1729 tua
692 1700 851 1739 instantia,
877 1699 1026 1740 quicquid
1052 1699 1150 1730 illud¹¹
1175 1699 1284 1739 fuerit,
1310 1700 1437 1730 omnino
1462 1699 1671 1731 aboleatur⁰³
1695 1704 1727 1731 et
1751 1700 1792 1731 ad
1816 1701 1899 1732 hunc

252 1749 388 1780 eundem
425 1750 611 1790 episcopum
646 1750 698 1790 pie
731 1750 933 1781 tractandum
969 1750 1145 1791 imperialis
1178 1750 1301 1781 animus
1331 1750 1497 1791 placabilis
1525 1752 1556 1781 in
1586 1752 1707 1782 cunctis
1736 1752 1898 1791 reddatur,

252 1802 401 1841 quoniam
426 1811 488 1831 non
513 1801 570 1840 hec
595 1802 827 1831 contumaciter
850 1804 905 1831 aut
936 1805 1046 1832 contra
1074 1802 1276 1842 augustalem
1305 1802 1493 1843 dignitatem
1522 1802 1713 1843 protulerat,
1746 1803 1802 1834 sed
1830 1804 1899 1834 zelo

251 1851 313 1882 Dei
330 1851 442 1882 ductus
465 1852 506 1882 ad
529 1863 586 1882 nos
610 1852 779 1883 inefficaxv
796 1852 901 1883 redire
925 1852 1064 1883 uolebat.
1109 1852 1290 1892 Postremo,
1309 1853 1426 1884 Christi
1451 1853 1588 1884 cultrix‘l
1605 1857 1636 1884 et
1657 1854 1728 1884 Deo
1753 1854 1900 1885 amabilis

251 1902 328 1942 filia,
358 1903 493 1934 moleste
523 1903 709 1944 accipimus,
741 1913 795 1934 cur
823 1903 1007 1935 multotiens
1040 1904 1275 1945 deprecantes4
1306 1905 1440 1945 spiritali
1470 1905 1533 1945 filie
1562 1908 1667 1945 nostre
1691 1905 1899 1947 Angelberge

251 1954 370 1985 nullam
398 1965 455 1995 per
483 1965 537 1984 vos
568 1955 729 1995 potuimus
760 1955 906 1986 conferre
938 1955 1114 1995 medelam,
1146 1960 1181 1986 ut
1209 1956 1364 1987 dissoluto
1394 1957 1491 1987 exilio
1525 1955 1566 1987 ad
1597 1960 1739 1987 sanctum
1768 1957 1900 1988 Petrum

251 2006 431 2046 apostolum
456 2016 527 2036 eam
552 2006 706 2037 reducere
731 2007 920 2037 faceremus.
969 2006 1062 2038 Unde
1088 2007 1184 2038 etiam
1208 2019 1290 2038 nunc
1315 2018 1518 2048 summopere
1544 2007 1763 2048 deprecamur,
1787 2011 1821 2039 ut
1844 2019 1901 2049 pro

251 2067 360 2087 amore
391 2056 453 2088 Dei
486 2062 518 2087 et
552 2061 659 2088 nostro
691 2061 800 2088 sancta
838 2058 932 2088 sedes
967 2059 1145 2099 apostolica
1174 2058 1212 2089 de
1246 2058 1306 2089 hoc
1334 2059 1509 2090 honoretur
1543 2063 1588 2099 et,
1624 2060 1704 2090 sicut
1732 2060 1901 2091 iamdictus

251 2113 404 2149 augustus
421 2108 584 2138 vobiscum
603 2109 722 2149 pariter
738 2110 930 2149 repromisit,
952 2120 970 2139 a
987 2111 1183 2150 captivitate,
1209 2120 1272 2150 qua
1289 2110 1404 2141 frustra
1422 2114 1557 2151 tenetur,
1582 2111 1670 2142 salva
1687 2115 1719 2142 et
1735 2111 1901 2142 incolumis

354 2237 379 2268 ’ἢ
400 2237 438 2262 .R.
458 2237 521 2263 add.
541 2245 624 2269 supra
643 2238 741 2263 lineam
760 2247 830 2264 num.
852 2239 1009 2265 correctoris
1029 2239 1062 2265 R.

337 2295 379 2328 *ἢ
399 2296 438 2322 R.
458 2297 519 2323 add.
539 2297 569 2322 *ins
589 2305 670 2330 marg).
684 2306 753 2323 man.
768 2299 920 2324 correctoris
942 2299 975 2325 R.

353 2386 377 2418 ὃ)
397 2387 473 2411 essim]
492 2387 524 2411 B.
600 2387 623 2415 1’)
643 2388 698 2412 solu
718 2388 749 2412 ]ι’.
821 2388 842 2420 c)
861 2397 941 2420 eaque
962 2390 992 2414 B.
1064 2389 1090 2421 d)
1110 2391 1132 2414 -i
1152 2399 1217 2414 corr.
1233 2398 1262 2414 ec
1282 2398 1313 2414 -u
1333 2389 1364 2413 R.
1435 2390 1459 2420 θ)
1479 2390 1523 2414 sed
1535 2403 1565 2407 ——
1578 2391 1754 2422 iugulabimur
1772 2390 1799 2414 in
1817 2399 1898 2422 mary.

251 2429 313 2453 add.
327 2430 361 2454 αἱ.
375 2439 443 2453 mam
464 2430 495 2456 R,
584 2429 602 2461 f)
621 2439 687 2455 corr.
702 2440 731 2455 ear
750 2432 896 2456 defensioue
915 2433 950 2456 al.
964 2441 1032 2457 man.
1053 2432 1084 2457 R.
1174 2433 1198 2463 S)
1218 2433 1346 2456 detinetur
1365 2432 1396 2456 R.
1490 2432 1515 2463 l¹)
1534 2433 1622 2457 serviti
1641 2433 1672 2458 R.
1765 2432 1783 2463 i)
1803 2434 1901 2458 heiula-

252 2472 320 2496 tibus
338 2472 369 2497 R.
463 2471 488 2502 k)
508 2473 594 2497 omisis
614 2473 645 2497 R.
739 2473 755 2505 ¹)
775 2475 975 2499 ueuivolentiam
995 2475 1025 2499 B,
1126 2476 1156 2506 ¹1¹)
1174 2484 1246 2500 ea—
1259 2476 1343 2500 verbis
1366 2476 1393 2499 in
1411 2484 1464 2500 ras.
1484 2476 1518 2500 αἶ.
1538 2485 1606 2501 man.
1626 2476 1658 2500 B.
1752 2476 1777 2507 n)
1796 2485 1814 2501 u
1832 2485 1898 2501 corr,

252 2523 281 2538 ex
301 2516 308 2539 i
327 2514 358 2539 R.
441 2515 464 2545 (¹)
484 2524 550 2539 corr.
565 2524 594 2539 ex
613 2516 729 2540 aboletur
749 2518 782 2540 al.
797 2526 866 2541 man.
888 2517 917 2541 R.
1000 2523 1024 2547 P)
1044 2519 1181 2542 secuudum
1201 2519 1212 2542 s
1228 2518 1289 2543 add.
1303 2526 1384 2549 supra
1403 2518 1496 2542 lineam
1516 2518 1546 2543 R.
1638 2520 1662 2549 ¹1)
1682 2528 1748 2544 corr.
1762 2527 1792 2544 ea:
1810 2520 1899 2544 cultris

253 2558 288 2581 al.
302 2566 370 2581 mem.
390 2557 422 2581 R.

356 2643 381 2667 1)
401 2641 594 2674 Sfflzogscdliensi,
615 2644 645 2667 ut
664 2642 775 2674 ridetur,
797 2642 832 2674 cf.
851 2651 878 2669 η.
892 2648 949 2675 224,
970 2653 995 2677 p.
1010 2649 1060 2671 200
1077 2648 1170 2671 (innoc.
1184 2649 1206 2670 2.
1295 2645 1320 2677 2)
1339 2644 1400 2670 Scil.
1420 2644 1505 2675 Petro,
1523 2645 1600 2670 cuius
1618 2645 1710 2677 lenutio
1728 2645 1846 2678 Papiam
1864 2645 1900 2671 ad

251 2683 432 2715 'nuperi-amram
451 2684 486 2709 (ul
504 2693 536 2710 m.
552 2685 685 2710 Martium
704 2688 756 2710 882
775 2686 874 2711 circiter
892 2687 1027 2717 referenda
1046 2691 1089 2720 est,
1109 2688 1143 2719 (γ’.
1159 2687 1336 2713 Μϋῖιίὺιιοῖιεφ·
1356 2687 1433 2721 Re9.·=
1447 2688 1639 2720 115.35(1592)a.
1740 2689 1766 2721 3)
1789 2688 1848 2721 Qua
1867 2688 1899 2714 (Ie

252 2735 279 2752 rc
298 2727 337 2752 hio
357 2730 456 2760 assaltu·
474 2728 611 2754 vzrscinzns.
700 2728 727 2757 4)
749 2728 789 2759 Cf.
810 2737 856 2755 0171.
871 2733 926 2761 268,
946 2734 1001 2756 293.

1924 681 1947 699 10

1922 937 1946 956 15

1920 1193 1945 1212 20

1920 1454 1944 1473 25

1919 1710 1929 1727 3
1932 1712 1944 1727 l)

1920 1966 1943 1985 35

1920 2308 1945 2326 40

1918 2565 1943 2582 45
