2189 3042
511 598 894 658 FORMOSI
936 602 1198 660 PAPAE
1235 602 1721 661 EPISTOLAE

392 702 854 770 QUOTQUOT
896 704 1017 762 AD
1055 705 1221 764 RES
1262 705 1839 766 GERMANICAS

881 808 1347 867 SPECTANT.

882 944 1083 971 RECENSUIT
1111 940 1150 971 G.
1168 940 1255 972 LAE
1263 941 1340 975 HR.

1098 1073 1125 1102 1.

394 1128 565 1160 Formosus
581 1139 673 1168 papa
689 1130 889 1162 Herimanno
909 1130 1086 1162 Coloniensi
1106 1130 1337 1171 archiepiscopo
1356 1132 1530 1171 respondet,
1554 1136 1694 1172 repetens
1711 1134 1843 1174 partim,
1859 1135 1944 1174 quod
1983 1148 1994 1167 ⁵

285 1179 468 1220 Stephanus
486 1180 518 1212 V.
537 1191 628 1220 papa
643 1182 814 1221 scripserat
830 1183 875 1222 (n.
893 1183 937 1223 5),
961 1182 1044 1215 litem
1067 1183 1151 1214 inter
1171 1182 1382 1215 Coloniensem
1405 1186 1435 1215 et
1449 1183 1652 1216 Bremensem
1674 1185 1819 1217 eeclesias
1841 1189 1942 1217 ortam

280 1243 342 1272 per
365 1232 531 1263 concilium
553 1233 768 1273 episcoporan
795 1233 988 1265 Germaniae
1012 1235 1279 1275 perscrutandam
1302 1238 1331 1266 et
1353 1236 1498 1275 deinceps
1519 1236 1558 1267 ab
1582 1237 1752 1277 apostolica
1779 1238 1849 1269 scole
1878 1238 1941 1276 dif-

285 1284 459 1323 finiendam
483 1295 554 1316 esse.
605 1285 780 1316 Concilium
802 1296 905 1317 mense
927 1286 1074 1326 Auqusto
1092 1287 1273 1326 praesentis
1295 1287 1376 1318 anni
1399 1288 1493 1328 (892)
1516 1288 1639 1319 indicit.
1751 1289 1855 1330 (892.)

391 1353 466 1379 eod„-
496 1353 521 1379 T
535 1355 556 1386 f-
570 1356 612 1380 35.

389 1405 473 1431 Edd.:
493 1405 572 1431 Floss
586 1405 601 1430 l.
612 1405 627 1430 l.
639 1413 666 1438 p.
678 1409 727 1431 127
737 1414 763 1430 n.
775 1409 808 1431 27
820 1418 849 1429 =
864 1405 1040 1440 Lappenbery
1050 1406 1213 1441 ‘Hamburffi
1227 1406 1285 1434 UB’
1299 1407 1321 1439 Ι,
1332 1411 1379 1434 779
1391 1416 1418 1434 n.
1430 1407 1485 1434 241)
1499 1420 1530 1429 =
1544 1408 1639 1442 Miyne
1651 1409 1726 1435 Patr.
1738 1409 1781 1436 lat.
1795 1409 1938 1443 CXXIX,
1967 1418 1992 1438 10

287 1452 338 1475 840
355 1457 382 1475 n.
396 1452 419 1475 3.
441 1463 470 1467 —
491 1448 571 1481 Rea:
589 1447 663 1480 Jaffe
682 1451 750 1475 3483
768 1450 867 1482 (2676).

285 1536 483 1561 Fonmosusa
496 1535 678 1559 nmscopus
697 1535 825 1560 SERVUS
843 1536 1028 1561 SERVORUM
1047 1537 1106 1561 sz
1125 1538 1420 1563 REVERENTISSIMO
1434 1539 1477 1563 ΕΤ
1490 1539 1714 1565 SANOT1SS1M0
1732 1540 1939 1565 HERIMANNO

759 1579 968 1603 AGRLPPINAE
987 1580 1159 1604 COLONIAE
1178 1580 1472 1605 ARCHIEPISCOP01.

391 1635 532 1665 Litteras
558 1637 633 1664 tuas
657 1633 852 1675 apostolatui
876 1637 985 1665 nostro
1003 1634 1190 1675 delegatas²
1211 1645 1317 1666 coram
1341 1635 1432 1666 nobis
1455 1636 1584 1667 recitari
1607 1635 1751 1676 fecimus,
1775 1637 1806 1666 in
1823 1636 1937 1678 quibus

286 1686 518 1725 continebatur,
550 1685 636 1726 quod
667 1686 739 1726 piae
771 1685 1003 1716 recordationis
1027 1686 1096 1717 Leo
1127 1697 1212 1727 papa
1242 1687 1391 1718 decessor
1415 1687 1575 1728 quondam
1605 1690 1715 1718 noster
1739 1688 1938 1728 temporibus
1965 1698 1988 1716 1⁵

288 1738 399 1769 Karoli
424 1737 533 1778 magni
557 1737 761 1777 imperatoris
785 1737 999 1777 parroechiae,
1023 1739 1229 1778 monasteria,
1261 1739 1414 1769 ecclesias
1445 1742 1477 1770 et
1506 1739 1664 1769 familiasb
1688 1749 1862 1781 omnesque
1887 1750 1937 1771 res

284 1789 485 1830 Agrippinae
509 1788 664 1819 Coloniae
695 1791 916 1829 competentes
944 1789 1093 1830 propriae
1118 1790 1327 1820 auctoritate⁰
1349 1791 1563 1831 inscriptionis
1586 1790 1809 1821 roboraverit³
1834 1794 1867 1822 et
1896 1791 1936 1822 ab

281 1841 337 1872 illo
361 1844 507 1882 tempore
534 1839 740 1870 Bremensisd
770 1840 864 1871 sedes
888 1840 994 1871 eidem
1020 1841 1176 1872 ecclesiae
1201 1842 1346 1872 subiecta
1369 1841 1465 1872 fuerit
1492 1852 1593 1883 usque
1625 1842 1667 1872 ad
1696 1845 1824 1883 tempus
1848 1842 1937 1874 Gun-

282 1892 409 1924 tharii4.
438 1891 629 1922 Audivimus
654 1891 804 1932 equidem
828 1895 860 1922 et
883 1891 1043 1922 credimus
1067 1892 1174 1923 fuisse.
1221 1891 1286 1923 Sed
1316 1893 1419 1924 relatu
1444 1893 1643 1934 quorundam
1668 1893 1836 1925 didicimus
1866 1905 1937 1926 eam
2173 1896 2189 1921 ³⁴

283 1945 315 1975 in
338 1943 459 1974 ultimis
481 1943 606 1983 finibus,
630 1942 685 1973 ubi
714 1944 831 1984 pagani
855 1943 994 1974 confines
1018 1946 1100 1984 sunt,
1132 1953 1212 1974 esse.
1249 1944 1370 1975 Verum
1400 1945 1561 1985 asseritur,
1587 1948 1744 1986 quatenus
1769 1945 1938 1977 Guntharii
1965 1954 1991 1973 2⁰

286 1999 433 2036 tempore
462 1995 654 2025 Ludowicus
686 1994 849 2035 quondam
878 1995 955 2026 rex5
980 1998 1090 2026 sancto
1120 1995 1236 2035 studio⁷
1263 1996 1595 2027 reverentissimorum
1623 1996 1938 2038 archiepiscoporum

285 2047 431 2078 consultu
448 2057 505 2077 seu
523 2049 554 2076 et
570 2046 723 2076 nobilium
742 2046 942 2086 obtimatum,
969 2047 1165 2088 apostolico⁰
1181 2057 1337 2078 consensu
1357 2048 1435 2079 inibi
1453 2047 1633 2079 decreverit
1655 2049 1822 2080 instituere
1842 2059 1936 2090 prae-

284 2099 396 2137 latum,
422 2098 475 2138 qui
499 2097 560 2128 sibi
585 2096 702 2128 Christi
726 2098 856 2129 favente
881 2099 985 2138 gratia
1008 2098 1141 2130 verbum
1164 2098 1240 2130 fidei
1269 2100 1442 2130 seminaret
1471 2101 1503 2130 in
1527 2100 1686 2140 gentibuS‚
1711 2111 1793 2142 quae
1817 2100 1937 2131 nullam

284 2151 384 2192 ipsius
407 2148 591 2180 habebantf
611 2150 758 2180 notitiam
769 2150 791 2180 ⁶.
837 2149 880 2180 Et
909 2150 1006 2181 misso
1036 2150 1210 2182 Salomone
1240 2152 1499 2182 reverentissimo
1524 2151 1733 2183 Constantiae
1763 2153 1937 2194 episcopo'⁷

286 2201 445 2243 expetivit
468 2211 487 2232 a
510 2203 640 2232 sanctae
670 2201 902 2232 recordationis
932 2201 1049 2233 domno
1073 2202 1214 2234 Nikolao
1244 2202 1415 2234 decessore
1445 2207 1553 2234 nostro
1581 2203 1764 2235 huiusmodi
1793 2208 1937 2235 sanctum
1965 2211 1988 2230 ²⁵

284 2256 316 2285 et
331 2253 403 2284 Deo
421 2253 556 2294 dignum
580 2252 725 2283 roborari
749 2253 967 2294 decretumst,
991 2257 1149 2295 quatenus
1169 2257 1292 2295 gentes,
1318 2264 1401 2296 quae
1424 2255 1616 2297 ignorabant
1631 2255 1748 2297 Deum,
1772 2255 1938 2287 dootrinah

386 2392 408 2416 1.
433 2392 456 2421 ¹²)
476 2392 575 2416 Littera
593 2392 700 2416 initialis
718 2392 786 2416 deest
802 2392 829 2417 T.
900 2391 925 2424 b)
945 2393 1055 2417 familias
1074 2393 1099 2417 T.
1171 2392 1194 2425 c)
1212 2381 1271 2426 Pipa
1288 2394 1452 2419 autotoritate
1474 2394 1499 2418 T.
1571 2392 1596 2425 d)
1615 2402 1683 2419 corr.
1696 2402 1727 2418 ex
1745 2394 1891 2419 bremenses
1908 2395 1935 2419 T.

282 2435 304 2466 θ)
323 2433 414 2467 aploco
433 2434 460 2459 T.
539 2433 558 2465 f)
579 2435 710 2459 habebunt
726 2435 754 2460 T.
837 2435 862 2466 Β)
882 2436 987 2460 (leecetfi
1006 2436 1032 2460 T.
1114 2434 1139 2467 h)
1158 2436 1211 2461 Hic
1234 2437 1362 2468 quaedam
1384 2437 1502 2461 videntur
1526 2437 1654 2461 eaecidisse.
1686 2437 1764 2462 Forte
1789 2437 1937 2468 leyendam:

284 2478 399 2502 doctrina
417 2478 591 2503 ecclesiastica
609 2479 785 2503 imbuerentur
804 2483 829 2503 et
847 2480 991 2503 Bretnensis
1010 2480 1119 2504 ecelesia
1137 2484 1180 2504 εἰσ.
1195 2484 1223 2504 ut
1236 2489 1265 2512 p.
1280 2482 1329 2505 367
1346 2481 1363 2506 l.
1376 2483 1396 2505 1.

386 2554 411 2586 1)
432 2554 474 2586 Cf.
488 2561 573 2586 supra
587 2562 617 2587 p.
631 2557 681 2580 358
699 2562 763 2580 arm.
777 2557 800 2580 3.
905 2555 933 2586 2)
949 2555 1023 2588 Quae
1035 2555 1182 2588 deperditae
1199 2558 1276 2586 sunt‚·
1293 2556 1417 2589 epistolas
1434 2565 1452 2581 a
1466 2556 1582 2582 Falcone
1596 2555 1720 2582 Remensi
1739 2555 1934 2588 archiepiscopo
1963 2567 1988 2585 30

281 2598 313 2623 de
332 2596 420 2623 cadem
438 2605 468 2623 re
488 2597 524 2622 ad
545 2596 706 2623 Formosum
727 2605 830 2630 papam
852 2598 966 2630 scriptas
991 2601 1170 2624 commemorat
1189 2598 1362 2625 Flodoardus
1377 2599 1515 2625 ‘Historia
1535 2599 1671 2625 Remensis
1695 2598 1823 2624 ecclesiae’
1846 2597 1897 2630 IV,
1913 2603 1933 2630 1,

281 2640 320 2667 ed.
335 2640 404 2666 MG.
424 2639 469 2666 SS.
486 2640 571 2671 XIII,
583 2643 639 2666 558.
749 2640 776 2669 3)
801 2640 842 2673 Cf.
863 2648 948 2673 supra
962 2649 991 2674 p.
1005 2644 1055 2667 364
1074 2650 1139 2666 ann.
1156 2646 1176 2667 1.
1287 2643 1314 2673 4)
1337 2641 1378 2673 Cf.
1397 2650 1480 2674 supra
1500 2650 1528 2674 p.
1543 2645 1589 2668 361
1608 2650 1674 2668 ann.
1687 2645 1710 2667 2.
1833 2641 1860 2674 5)
1882 2639 1936 2673 Qui

278 2683 477 2709 ‘Germanicus’
493 2683 652 2715 appellatur,
671 2686 816 2710 840—876.
894 2684 921 2716 6)
944 2683 983 2715 Cf.
995 2684 1132 2710 Diimmler
1148 2683 1302 2718 ‘Ostfrc‘ink.
1314 2684 1405 2711 Reich’
1416 2686 1426 2700 ²
1439 2685 1462 2717 1,
1475 2688 1565 2717 325sq.
1644 2685 1670 2717 7)
1690 2684 1722 2715 I„
1742 2691 1780 2710 ca.
1793 2686 1934 2710 847—871.

282 2727 309 2760 8)
331 2727 371 2758 C's.
386 2728 449 2760 Rey.
461 2725 538 2758 Jaffe'
556 2730 618 2752 2758
637 2726 717 2758 (MG.
732 2726 820 2759 fflnst.
834 2726 879 2758 VI,
893 2730 941 2752 291
960 2735 988 2752 n.
1005 2730 1036 2751 26
1055 2728 1068 2758 ς·
1083 2727 1129 2760 ΙΙ)
1147 2729 1172 2753 et
1190 2730 1264 2754 2759.
