2189 3042
168 1131 179 1151 5

158 1386 182 1405 10

156 1646 179 1665 15

153 1905 177 1924 20

150 2280 175 2298 25

150 2528 175 2548 ³0

149 2750 175 2770 ³5

559 726 997 787 IOHANNIS
1033 729 1212 787 VIII.
1255 730 1513 788 PAPAE

338 829 819 889 EPISTOLAE
863 831 1169 889 PASSIM
1212 832 1732 892 COLLECTAE.

605 950 892 978 RECENSUERUNT
915 946 952 978 Ε.
971 946 1149 978 GASPAR
1171 951 1218 978 ΕΤ
1242 946 1280 978 G.
1297 947 1469 979 LAEHR.

313 1066 481 1107 Sequentes
503 1067 659 1098 Iohannis
684 1066 780 1101 VIII.
805 1078 910 1108 papae
936 1067 1083 1106 epistolae
1112 1068 1200 1099 nobis
1228 1077 1325 1108 neque
1348 1069 1480 1108 registro
1510 1079 1607 1108 neque
1638 1069 1865 1101 collectionibus

210 1128 372 1159 canonum,
396 1119 450 1150 sed
470 1119 608 1150 codicum
630 1119 691 1158 fide
714 1120 1002 1158 manuscriptorum
1024 1119 1207 1150 adservatae
1230 1122 1315 1151 suut.

311 1170 475 1210 Epistolae
490 1180 521 1201 n.
536 1170 554 1200 1
571 1170 651 1210 (JE.
667 1171 768 1211 2986)
785 1173 896 1208 textus,
919 1171 1008 1201 cuius
1027 1171 1243 1210 fragmentum
1260 1182 1298 1202 ex
1313 1171 1541 1203 collectionibus
1563 1182 1719 1204 canonum
1742 1175 1863 1204 erutum

209 1222 275 1253 iam
300 1222 335 1253 in
352 1222 462 1262 prima
483 1222 578 1253 liuius
600 1223 674 1254 tomi
694 1224 785 1261 parte
800 1222 844 1263 (p.
860 1223 924 1253 290
946 1232 977 1253 n.
993 1223 1050 1262 30)
1074 1222 1158 1262 typis
1180 1222 1366 1253 mandatum
1390 1225 1466 1261 erat,
1490 1224 1619 1254 <interim
1643 1225 1762 1263 integer
1779 1224 1865 1256 Gino

210 1273 383 1314 Borghezio
414 1274 619 1312 investigante
649 1274 685 1304 in
713 1273 799 1305 codd.
818 1274 886 1304 l'at.
907 1274 961 1304 lat.
982 1273 1065 1304 1326
1094 1275 1123 1304 et
1146 1273 1231 1304 1328
1257 1276 1399 1313 repertus
1429 1276 1456 1305 et
1485 1275 1524 1305 ab
1547 1275 1651 1306 eodem
1679 1276 1782 1307 editus
1810 1278 1865 1310 est.

208 1325 386 1367 Epistolam
402 1327 466 1357 n.2
482 1325 562 1365 (JE.
577 1326 688 1363 2988),
712 1336 791 1365 quae
813 1327 900 1356 extat
922 1326 957 1356 in
980 1325 1043 1357 eod.
1059 1325 1241 1356 Treverensi
1258 1325 1350 1363 1081,
1374 1326 1439 1357 iam
1456 1326 1510 1357 VI.
1543 1326 1762 1367 Epistolarum
1786 1330 1866 1359 tomo

206 1387 238 1418 p.
254 1378 319 1408 256
341 1377 424 1409 inter
445 1378 592 1418 epistolas
617 1376 813 1409 Colonienses
836 1376 877 1410 E.
895 1376 1060 1408 Dilmmler
1083 1376 1109 1408 b.
1126 1386 1165 1407 m.
1176 1376 1300 1415 publici
1322 1377 1404 1408 iuris
1421 1376 1552 1415 fecerat.

315 1428 441 1461 Ceteras
468 1428 612 1470 epistolas
638 1439 669 1460 n.
686 1430 782 1459 3——9
808 1427 887 1470 (JE.
904 1428 998 1466 3032,
1014 1430 1108 1466 3034,
1123 1428 1365 1469 3037-3041)
1385 1429 1512 1469 primus
1534 1429 1695 1468 Sirmond,
1723 1430 1864 1462 Coneilia

208 1481 343 1520 antiqua
368 1480 496 1512 Galliae
525 1483 596 1512 tom.
616 1480 696 1518 HL,
726 1480 833 1511 edidit.
880 1480 943 1512 Sed
971 1480 1088 1511 codices
1115 1480 1339 1519 manuscripti,
1369 1491 1445 1520 quos
1473 1481 1633 1519 adhibuit,
1665 1482 1755 1513 hodie
1784 1483 1863 1513 desi-

206 1532 369 1564 derantur.
413 1532 458 1563 Et
479 1532 593 1564 codicis
616 1532 846 1563 Bellovacensis
868 1531 1000 1572 quidem,
1024 1542 1063 1563 cx
1084 1542 1143 1571 quo
1166 1532 1327 1572 epistolam
1350 1543 1381 1565 n.
1398 1534 1419 1562 3
1442 1533 1548 1572 edidit,
1573 1535 1683 1564 extant
1704 1534 1861 1565 nonnulla

207 1584 400 1625 apographa,
428 1584 537 1615 Vallic.
558 1583 582 1615 C
598 1584 639 1615 16
663 1584 702 1624 (s,
718 1583 831 1622 XVI.)
858 1586 887 1615 et
910 1583 978 1617 Vat.
995 1583 1049 1615 lat.
1066 1583 1153 1614 4982
1176 1583 1214 1623 (s.
1234 1584 1269 1615 X
1277 1583 1368 1624 VII.)
1376 1597 1386 1623 7·
1421 1586 1598 1623 excerptum
1631 1585 1779 1623 epistolae
1814 1595 1862 1617 co-

206 1635 273 1667 dice
290 1634 358 1667 Vat.
372 1635 447 1676 Reg.
461 1635 514 1667 lat.
530 1635 593 1667 291
612 1635 649 1677 (s.
662 1635 774 1676 XVI.)
791 1636 976 1667 continetur.
1006 1635 1054 1666 De
1076 1635 1189 1675 quibus
1211 1636 1368 1667 codicibus
1391 1636 1547 1677 imprimis
1561 1636 1603 1667 E.
1618 1637 1733 1673 Seelcel.
1751 1637 1864 1668 ‘Bene-

204 1687 307 1719 dictus
334 1687 445 1719 Levita
475 1688 656 1719 decurtatus
686 1690 715 1719 et
745 1689 916 1727 exeetptus'
939 1688 975 1718 in
996 1687 1199 1727 ‘Festschrift
1230 1687 1285 1717 der
1313 1687 1463 1718 Berliner
1485 1687 1776 1726 Juristenfalcultdt
1803 1687 1865 1727 fiir

205 1739 248 1771 H.
262 1739 427 1772 Brunner’
444 1740 559 1781 (1914)
578 1750 612 1781 p.
629 1741 762 1779 3813qq.
779 1740 938 1771 disseruit.
972 1740 1075 1771 Codex
1097 1749 1167 1770 vero
1190 1749 1215 1771 s.
1229 1739 1367 1778 Remigii
1384 1738 1555 1776 Remensis,
1578 1750 1617 1770 ex
1637 1750 1698 1779 quo
1714 1739 1864 1772 Sirmond

205 1792 344 1831 reliquas
366 1791 511 1832 epistolas
532 1792 576 1832 (n.
593 1792 692 1832 4—9)
709 1791 816 1829 edidit,
839 1801 938 1831 neque
958 1792 1023 1830 ipse
1045 1791 1184 1822 inveniri
1201 1793 1304 1830 potest
1326 1801 1423 1830 neque
1446 1791 1630 1831 apographa
1653 1792 1722 1822 eius
1744 1795 1863 1823 eatam.

206 1843 371 1874 Nescimus
392 1853 436 1874 an
458 1843 539 1875 idem
553 1844 596 1874 sit
610 1846 703 1882 atque
718 1843 811 1875 codex
826 1853 850 1874 s.
863 1843 1001 1884 Remigii
1017 1843 1189 1880 Remensis‚
1212 1853 1302 1882 quem
1316 1842 1437 1874 Baluee
1453 1843 1498 1873 ad
1514 1843 1675 1883 epistolam
1692 1843 1820 1875 Nicolai
1833 1844 1863 1875 I.

206 1894 287 1935 (JE.
303 1896 403 1936 2758)
419 1895 568 1926 edendam
583 1894 736 1933 adhibuit,
753 1895 793 1936 cf.
805 1895 845 1927 E.
861 1895 968 1926 Perels
989 1896 1025 1925 in
1041 1895 1157 1926 ‘Neues
1172 1894 1302 1926 Areliiv’
1318 1894 1420 1926 XXX
1431 1894 1503 1931 VII,
1521 1895 1584 1925 573
1607 1897 1635 1925 et
1658 1895 1720 1925 581
1726 1906 1736 1933 ,·
1759 1895 1864 1934 Epist.

212 1946 266 1983 VI,
281 1947 345 1978 290
367 1957 397 1978 n.
414 1947 466 1978 26.
504 1946 570 1977 Nee
595 1947 700 1978 minus
722 1947 850 1978 dubium
873 1950 926 1985 est,
951 1957 994 1977 an
1017 1947 1110 1978 codex
1132 1946 1350 1984 Vae‘rdunensis,
1381 1956 1440 1986 quo
1464 1946 1615 1977 Sirmorid
1645 1946 1689 1977 ad
1718 1947 1866 1986 epistolas

206 2008 237 2029 n.
250 1998 268 2028 5
284 2001 313 2029 et
325 2000 345 2028 7
355 1998 490 2030 edendas
503 2009 580 2034 usus
595 2001 648 2036 est,
665 1998 745 2029 idem
760 1999 802 2029 sit
816 2001 908 2038 atque
923 1998 986 2036 ille,
1002 2008 1091 2038 quem
1104 1998 1210 2029 Perels
1225 1999 1350 2036 frustra
1365 1998 1530 2038 quaesivit7
1547 1998 1587 2035 cf.
1601 1997 1706 2037 Epist.
1721 1998 1775 2035 VI,
1789 1998 1861 2030 693.

307 2049 473 2091 Epistolas
487 2049 662 2081 Iolionnnis
678 2049 774 2081 VIII.
789 2060 896 2089 papae
916 2052 1066 2090 quotquot
1087 2059 1151 2081 non
1173 2049 1216 2081 ad
1239 2061 1290 2081 res
1308 2049 1515 2080 Germanicas
1537 2051 1677 2089 spectare
1699 2049 1858 2087 videntur,

208 2112 378 2133 omisimus.

1023 2199 1049 2228 1.

308 2265 466 2297 Iohannes
488 2264 580 2296 VIII.
599 2274 689 2304 papa
717 2264 926 2297 Willibertum
958 2263 1170 2296 Coloniensem
1199 2264 1468 2305 arehiepiscopum
1501 2264 1635 2296 Romam
1663 2264 1706 2295 ad
1734 2274 1863 2295 eausam

207 2318 371 2350 dicendam
392 2316 497 2348 venire
519 2316 611 2357 iubet,
628 2315 768 2355 pallium
790 2317 818 2347 ei
840 2315 983 2357 conferre
1005 2318 1079 2346 ante
1096 2317 1318 2356 purgationem
1342 2319 1370 2347 et
1394 2316 1472 2355 quia
1490 2316 1567 2356 fidei
1576 2317 1699 2356 pagina
1714 2326 1777 2347 non
1792 2317 1863 2354 suf-

208 2370 295 2409 ficiat
317 2368 432 2400 renuit.
1540 2369 1604 2398 873
1628 2368 1706 2400 Νου.
1722 2367 1774 2398 28.

309 2436 405 2463 Cocld..·
423 2434 481 2462 Vat.
501 2436 547 2462 lat.
568 2439 636 2463 1326
653 2436 685 2469 (3.
702 2435 778 2469 XV.)
796 2436 818 2468 f.
833 2437 887 2462 211¹
907 2437 951 2466 (=
969 2436 1028 2470 V1),·
1056 2435 1115 2463 Vat.
1136 2436 1182 2463 lat.
1202 2440 1267 2463 1328
1292 2438 1368 2469 (saec.
1385 2436 1463 2469 XV.)
1482 2437 1502 2470 f.
1517 2439 1566 2461 124
1584 2436 1628 2468 (=
1642 2435 1703 2469 V2).
1723 2450 1756 2454 -
1775 2435 1862 2468 Frag-

204 2482 321 2506 mentum
340 2482 414 2506 extat
437 2479 468 2504 in
486 2479 543 2505 coll.
557 2487 616 2505 can.
633 2479 679 2512 (cf.
691 2487 775 2512 supra
790 2487 818 2512 p.
831 2480 893 2512 273)
912 2483 936 2505 Α
954 2479 975 2511 f.
992 2481 1044 2505 127¹
1063 2488 1101 2513 ep.
1116 2483 1147 2506 29
1165 2480 1210 2512 (=
1222 2481 1259 2513 A)
1278 2482 1302 2505 et
1319 2480 1339 2512 fi
1357 2480 1414 2505 188¹
1428 2479 1531 2513 (Varia
1547 2478 1580 2503 II
1596 2487 1624 2505 n.
1638 2481 1687 2511 49‚·
1713 2480 1749 2512 cf.
1764 2477 1862 2503 Ewald

207 2523 270 2550 NA.
290 2523 318 2555 V,
332 2525 392 2556 587)
409 2523 454 2555 (=
464 2523 523 2556 A1).
543 2537 575 2541 —
594 2522 621 2548 B
643 2522 686 2548 lib.
704 2521 721 2546 I
745 2530 766 2548 c.
780 2525 830 2548 238
853 2522 924 2555 (191)
946 2522 995 2555 (ed.
1016 2523 1182 2548 Mirtinzicci
1206 2526 1300 2555 11129,
1327 2522 1405 2556 IVolf
1420 2531 1442 2548 v.
1458 2521 1580 2548 Glanvell
1594 2530 1622 2554 p.
1639 2524 1706 2554 139).
1726 2536 1757 2539 -
1779 2520 1801 2546 0
1817 2520 1860 2546 lib.

212 2565 251 2592 VI
268 2574 288 2593 c.
301 2570 334 2592 89
352 2565 404 2598 (ed.
420 2565 527 2592 Thaner
538 2574 568 2598 p.
581 2568 649 2598 313).
670 2580 702 2584 —
723 2565 748 2591 G
766 2573 787 2591 c.
800 2570 816 2591 4
834 2565 870 2591 D.
886 2569 933 2592 100
950 2565 1000 2598 (ed.
1016 2565 1162 2599 Friedberg
1179 2565 1203 2598 l,
1217 2568 1288 2599 353).

307 2617 379 2643 Edd.
399 2617 538 2650 epistolam
558 2616 700 2650 integram:
728 2616 802 2643 Gino
823 2617 967 2651 Boryhen'o
984 2616 1024 2643 ‘Il
1045 2619 1110 2643 testo
1132 2618 1263 2650 integrale
1281 2617 1351 2644 della
1371 2618 1465 2643 lettera
1483 2617 1512 2643 di
1535 2624 1610 2649 papa
1632 2615 1771 2641 Giovanni
1788 2613 1860 2639 VIII

203 2671 222 2688 α
237 2660 384 2687 Williberto
401 2661 562 2686 arcivescovo
579 2659 607 2685 di
627 2659 746 2686 Golonfia’
764 2659 867 2691 (Roma
885 2661 964 2694 1923).
986 2675 1016 2678 —
1037 2661 1229 2693 Fragmentum
1251 2669 1283 2687 ex
1305 2661 1345 2687 G:
1370 2660 1550 2686 Conciliorum
1569 2662 1587 2685 t.
1602 2658 1714 2684 XXIV
1728 2657 1861 2689 (Parisiis

203 2713 216 2731 e
234 2703 412 2739 typographia
429 2703 502 2736 regia
525 2703 597 2737 1644)
611 2711 640 2736 p.
652 2706 702 2729 334
713 2715 742 2726 =
757 2703 850 2729 Mami
871 2701 948 2729 Cone.
962 2703 1019 2730 coll.
1037 2703 1134 2737 XVII,
1149 2708 1199 2730 242
1210 2715 1239 2726 z
1253 2704 1286 2730 M
1290 2705 1347 2737 igne
1369 2704 1441 2730 Patr.
1457 2703 1503 2729 lat.
1521 2701 1656 2730 CXXVI.
1678 2704 1725 2726 652
1744 2708 1773 2726 n.
1787 2703 1809 2726 2.
1826 2714 1858 2718 —

205 2748 254 2774 Ex
272 2748 307 2773 A:
336 2746 434 2773 Ewald
455 2745 519 2773 NA.
533 2745 561 2778 V,
580 2749 628 2772 306
645 2754 671 2771 n.
685 2749 724 2777 29,
745 2746 882 2772 Ditmmler
900 2746 930 2771 in
949 2745 1017 2772 MG.
1032 2746 1119 2778 Epist.
1138 2746 1184 2779 VI,
1202 2751 1249 2773 256
1266 2756 1292 2774 n.
1307 2751 1346 2774 12.
1365 2763 1392 2768 —
1410 2746 1457 2772 Ex
1476 2746 1509 2777 A,
1525 2745 1560 2777 Β,
1578 2744 1616 2770 G.-
1644 2743 1748 2776 caspar
1774 2751 1859 2776 supra

201 2799 229 2824 p.
245 2794 293 2817 290
310 2798 338 2817 n.
352 2793 392 2816 30.
413 2805 444 2808 —
463 2789 539 2823 Κεφ.-
557 2788 633 2821 Jaffe
651 2792 717 2815 2986
735 2790 834 2823 (2244).

314 2842 463 2868 ΕΡιετοιΑΕ
476 2840 572 2871 V11.2.
1623 2838 1657 2864 40
