2189 3042
194 717 219 736 10

193 973 216 992 15

194 1397 218 1416 20

189 1673 213 1692 25

190 1991 214 2009 30

189 2255 212 2273 35

187 2519 212 2537 40

186 2735 211 2753 45

574 161 801 189 FRAGMENTA
821 161 990 188 REGISTRI
1014 162 1191 190 IOHANNIS
1210 163 1285 190 VIII.
1305 163 1424 190 PAPAE
1447 163 1487 190 53.
1507 163 1548 190 54.
1823 168 1883 197 307

240 250 273 279 et
295 247 414 279 idcirco
436 248 516 279 iram
541 248 671 290 quidem
694 248 823 279 Domini
847 249 1032 288 merebaris,
1057 248 1113 280 sed
1136 249 1221 281 bona
1245 260 1344 291 opera
1367 251 1496 282 inventa
1520 253 1592 281 sunt
1614 251 1645 281 in
1670 254 1710 291 te,
1736 261 1773 283 eo
1799 251 1884 292 quod

239 299 408 330 abstuleris
435 299 523 330 lucos
547 299 586 331 de
610 302 695 330 terra
718 300 822 331 Iuda?
867 300 1027 336 Quantum
1051 304 1201 341 preterea
1228 303 1267 332 sit
1290 302 1361 333 Deo
1391 302 1582 333 delectabile
1611 302 1651 333 ab
1684 303 1883 334 inimicorum

238 349 300 380 Dei
328 360 408 391 pace
437 350 605 389 desistere,
635 353 743 381 noster
769 351 1037 392 psalmographus
1064 352 1262 393 manifestat,
1293 363 1364 384 cum
1389 353 1479 384 dicit:
1510 353 1639 384 ‘Nonne
1669 354 1722 394 qui
1750 353 1884 385 oderant
1898 362 2074 389 Ps.138‚21.22·.

239 404 300 441 tea,
324 401 493 442 Domineb,
520 401 651 432 oderam
675 401 745 432 illos
770 405 801 432 et
825 412 920 442 super
943 403 1087 433 inimicos
1111 406 1182 434 tuos
1206 404 1432 435 tabescebam?
1477 405 1628 436 Perfecto
1653 405 1726 436 odio
1751 405 1883 437 oderam

238 452 324 493 illos,
354 453 473 483 inimici
502 453 577 483 facti
601 455 674 483 sunt
700 452 800 483 mihi.³
854 453 904 483 Ex
928 464 1004 494 quo,
1038 454 1235 485 dilectissimi
1264 455 1334 495 filii,
1366 459 1515 496 patenter
1545 456 1735 497 ostenditur,
1765 460 1883 498 quanto

239 504 370 534 crimine
395 514 466 534 cum
490 504 637 544 pessimis
660 514 724 544 pax
748 506 884 544 tenetur,
916 506 941 534 si
965 505 1122 546 propheta
1145 508 1252 536 tantus
1275 506 1336 537 hoc
1359 507 1448 538 velut
1474 507 1630 539 hostiam0
1653 508 1724 539 Deo
1757 509 1882 550 optulit,

239 554 324 595 quod
342 554 472 585 contrad
488 564 522 585 se
543 565 599 595 pro
616 554 755 585 Domino
772 565 943 596 pravorum
962 556 1167 587 inimiciciasd
1184 557 1349 595 excitavit;
1375 558 1446 589 hinc
1462 559 1542 590 Levi
1564 559 1674 599 tribus,
1696 561 1883 601 assumptise
1899 553 1931 603 {i
1942 552 2018 600 (ξς-ἒξ

238 606 354 646 gladiis
378 615 436 646 per
459 608 635 636 castrorum
659 605 766 637 media
789 607 957 647 transiens,
990 608 1064 648 quia
1092 607 1243 639 feriendis
1266 609 1367 640 noluit
1390 611 1612 650 peccatoribus
1635 622 1782 652 parcere,
1811 612 1882 643 Deo

237 667 350 687 manus
373 667 447 687 suas
471 657 556 687 dicta
588 660 637 687 est
666 667 885 694 consecrasse.
915 658 987 689 hinc
1015 659 1154 690 Phineos
1184 661 1391 700 peccancium
1419 661 1535 692 civium
1565 664 1700 703 gratiam
1729 673 1882 703 spernens
1896 672 2086 697 cf.xum.25‚2;-s.

239 711 390 739 coeuntes
414 718 485 738 cum
509 707 710 739 Madianitisf
736 709 871 749 perculit
896 712 928 740 et
951 711 1031 740 iram
1054 710 1205 741 Dominig
1228 712 1327 742 iratus
1350 712 1498 752 placavit.

346 760 389 798 (3)
414 759 546 790 Item'f‘:
592 759 768 791 Prete1·ea¹¹
792 761 867 801 quia
890 760 1038 792 fidelibus
1068 764 1099 792 et
1126 762 1303 793 misterium
1327 763 1577 795 Christianitatis
1602 765 1773 796 scientibus
1796 766 1883 807 loqui

236 809 307 840 nosi
324 809 492 850 credimus,
516 821 574 851 per
590 821 751 842 sacrarum
776 813 1002 853 scripturarum
1021 813 1203 844 testimonia
1226 813 1351 854 longius
1369 814 1500 845 tendere
1519 815 1699 847 devitantes
1722 816 1884 848 dilectioni

236 864 340 901 vestre
364 861 527 892 Donatum
550 862 767 893 venerabilem
792 864 978 904 episcopum
991 864 1011 903 1,
1041 864 1129 894 cuius
1153 864 1222 894 laus
1247 867 1295 895 est
1324 865 1355 894 in
1385 868 1494 896 sancta
1524 867 1645 906 synodo
1676 870 1788 898 octava
1798 868 1820 907 2,
1852 872 1884 899 et

236 912 417 953 Eugenium
441 913 626 954 religiosum
650 914 914 955 presbiteru1nk³‚
945 914 1079 945 dilectos
1107 914 1219 946 fideles
1250 918 1282 946 et
1305 916 1503 947 consiliarios
1526 921 1664 957 nostros,
1696 919 1783 950 eccel
1807 919 1882 950 diri-

236 964 348 1005 gimus.

1034 1122 1084 1150 54.

344 1177 501 1209 Iohannes
520 1178 617 1210 VIII.
634 1189 724 1218 papa
743 1179 931 1219 Teuberyam
948 1182 976 1210 et
991 1179 1171 1210 Albericum
1190 1180 1247 1211 sub
1263 1190 1369 1219 poena
1386 1180 1716 1212 excommanicationes
1731 1182 1882 1219 admonet,

235 1232 269 1259 ut
292 1228 432 1267 Rodzclfo
455 1229 590 1270 (homini
615 1230 825 1271 imperatoris)
848 1241 976 1262 uxorem
999 1230 1155 1272 (Bavam)
1178 1231 1358 1262 restituant.
1677 1233 1798 1273 (87594

341 1296 404 1323 Coll.
418 1305 492 1323 cam:
519 1297 545 1322 A
563 1299 584 1330 f.
599 1300 645 1323 135
664 1305 702 1329 cp.
716 1301 753 1323 51.
773 1312 804 1316 —
826 1297 854 1323 D
873 1298 915 1324 lib.
932 1298 1009 1324 VIII
1023 1306 1043 1325 c.
1059 1302 1108 1324 118
1127 1298 1177 1332 (ed.
1194 1298 1299 1325 Fronto
1313 1307 1342 1331 12·
1356 1300 1421 1333 271).

339 1348 405 1375 Est.-
432 1349 527 1383 Ilqune
551 1349 626 1375 Patr.
645 1348 692 1376 lat.
715 1349 854 1382 CXXVI,
876 1352 926 1375 943
950 1358 976 1376 η.
995 1352 1045 1376 348
1069 1357 1100 1376 esc
1123 1350 1158 1376 D.
1187 1365 1219 1369 --
1248 1350 1324 1383 Resp:
1352 1350 1450 1376 Ewald
1474 1351 1536 1376 NA.
1561 1350 1589 1383 V,
1607 1354 1654 1377 314
1682 1359 1708 1377 n.
1727 1356 1765 1377 51.
1808 1352 1883 1383 Jaffe'

237 1391 302 1426 Rey.
315 1394 380 1418 3013
399 1392 493 1425 (2595).

773 1448 988 1481 TEUssEfflGAE
1011 1448 1065 1482 ET]
1088 1449 1341 1482 ALssEmc[o]*³³-⁵.

341 1503 505 1546 [Hieruma
528 1504 707 1544 iterumque
731 1514 787 1534 vos
810 1503 1040 1536 admonemus6
1064 1508 1096 1536 et
1119 1505 1321 1546 presentibus
1338 1505 1536 1546 apostolatus
1552 1505 1670 1536 nostrib
1694 1506 1806 1536 litteris
1824 1516 1878 1537 ex-

233 1556 423 1596 hortamurc,
449 1555 617 1587 eamdemd
637 1555 831 1587 fe1ninamd⁷
848 1557 1089 1597 prenominatoe
1105 1556 1205 1587 nobili
1228 1557 1294 1587 viro
1318 1556 1535 1598 Radulphofss,
1560 1557 1727 1587 sicut'iam
1752 1559 1878 1599 scripsi-

232 1613 331 1648 musss,
362 1608 516 1638 maturius
539 1608 707 1638 restituere
737 1610 769 1638 et
792 1607 859 1638 viro
883 1618 939 1639 suo
968 1608 1125 1639 adherere
1154 1608 1328 1639 secundum
1355 1608 1462 1649 legem
1485 1609 1616 1639 Domini
1646 1608 1762 1640 facere.
1809 1609 1879 1640 Non
1895 1617 2060 1643 cnseaan.

233 1659 316 1690 enim
333 1659 386 1690 lex
402 1659 467 1689 ulla
483 1659 649 1699 permittit,
667 1660 835 1700 quominus
851 1662 907 1690 aut
929 1659 1081 1690 iniectum
1103 1659 1162 1690 sibi
1180 1660 1299 1690 crimen
1316 1660 1515 1700 confiteatur,
1540 1662 1594 1690 aut
1610 1663 1697 1691 certe
1714 1671 1732 1691 a
1749 1662 1879 1692 crimine

231 1711 348 1741 iniecto
373 1710 519 1752 legitima
542 1711 698 1751 premissa
721 1710 937 1752 purgacioneh
961 1710 1111 1742 solvatur.
1158 1710 1280 1747 Quodsi
1303 1714 1451 1742 neutrum
1475 1711 1529 1742 illa
1557 1711 1668 1752 agerei
1693 1711 1881 1752 delegeritk,

231 1762 289 1793 sed
305 1762 373 1793 sola
397 1762 614 1793 obstinacione
636 1773 694 1793 usa
716 1761 794 1792 nulli
817 1762 1027 1793 satisfactioni
1050 1762 1125 1793 dare
1150 1773 1282 1804 operam
1299 1763 1527 1803 procuraverit,
1550 1763 1652 1804 liquet
1669 1767 1790 1804 aperte,
1808 1764 1881 1804 quia

232 1814 361 1854 crimen,
383 1813 469 1855 quod
492 1824 554 1844 non
578 1813 680 1854 diluit,
704 1814 814 1855 procul
839 1813 935 1845 dubio
961 1814 1138 1845 confitetur.
1185 1819 1253 1845 Sole
1276 1827 1431 1852 namque,
1456 1817 1491 1845 ut
1514 1817 1641 1845 sanctus
1665 1825 1750 1856 papa
1773 1815 1881 1846 scribit

230 1865 451 1906 Hol'misda¹⁰,
475 1878 593 1897 examen
618 1865 774 1906 effugiunt
797 1870 977 1906 conscientie,
999 1879 1053 1904 que
1076 1872 1154 1897 recta
1177 1872 1243 1897 sunt
1265 1879 1321 1897 non
1338 1872 1477 1897 tenentes.
1516 1865 1602 1907 Ergo
1627 1867 1652 1896 si
1676 1867 1731 1896 ism
1751 1867 1803 1897 vel
1826 1866 1881 1896 illa

343 1986 368 2017 ἃ)
387 1985 495 2011 Lemma
507 1987 529 2010 ct
542 1985 732 2018 superscriptio
745 1985 776 2010 in
785 1984 845 2010 Db:
864 1986 904 2011 De
918 1985 1157 2011 commendatione
1169 1985 1270 2011 Donati
1284 1987 1312 2011 et
1325 1985 1443 2019 Eugenii
1457 1984 1657 2019 episcoporum.
1685 1986 1799 2012 loannes
1806 1986 1880 2012 VIII.

387 2027 591 2061 Neapolitanis,
610 2027 793 2054 Salernitanis
813 2030 841 2054 et
858 2028 1045 2054 Amalfitanis.

325 2079 367 2112 ³⁴<*)
387 2079 497 2105 Lemma
522 2081 545 2104 et
570 2079 759 2112 superscriptio
783 2079 813 2104 in
840 2079 882 2105 D:
915 2079 953 2106 Ut
979 2080 1066 2106 nobili
1094 2080 1152 2106 viro
1180 2079 1329 2113 Radulpho
1358 2088 1426 2106 uxor
1455 2079 1556 2106 iniuste
1585 2080 1682 2106 ablata
1707 2080 1879 2107 restituatur.

387 2122 502 2148 Ioannes
516 2121 590 2148 VIII.
610 2121 785 2156 Theibergae
805 2124 833 2149 et
852 2122 982 2149 Alderico
1002 2122 1058 2148 filio
1079 2122 1145 2149 eius.

335 2200 358 2232 ³)
378 2204 402 2225 te
421 2200 527 2226 oderant
546 2199 578 2225 A.
660 2199 684 2231 b)
704 2201 775 2225 Deus
794 2200 827 2225 A.
910 2200 933 2232 0)
952 2201 978 2224 111
998 2201 1107 2225 hostiam
1126 2200 1178 2225 Da·
1258 2199 1282 2232 d)
1301 2204 1391 2225 contra
1411 2209 1503 2233 pravos
1522 2209 1567 2233 pro
1586 2202 1641 2237 Deo
1660 2201 1806 2225 inimicitias
1825 2200 1879 2224 Da.

232 2243 255 2275 e)
274 2244 385 2275 assuptis
404 2243 437 2268 A.
520 2242 539 2274 f)
558 2243 713 2268 Madianidis
732 2243 765 2268 A.
853 2241 878 2273 8)
897 2244 945 2268 Dei
964 2243 1017 2267 Da.
1100 2242 1126 2275 h)
1146 2252 1194 2268 om.
1210 2243 1260 2268 Db.
1344 2243 1361 2275 i)
1382 2252 1448 2269 corr.
1461 2252 1492 2269 ex
1510 2252 1562 2268 non
1581 2244 1612 2268 A.
1696 2242 1721 2274 k)
1740 2251 1753 2267 e
1773 2243 1878 2267 cancell.

232 2291 290 2311 ante
310 2286 403 2318 p'fn·um
421 2285 454 2310 A.
542 2284 560 2316 1)
579 2293 652 2310 eecce
670 2285 703 2310 A.

334 2345 376 2371 54.
403 2345 426 2377 ²)
446 2346 530 2370 littera
548 2345 655 2370 initialis
673 2346 740 2370 deest
759 2346 785 2370 in
805 2345 837 2370 A.
943 2344 967 2377 b)
987 2346 1080 2370 nostris
1099 2345 1132 2370 A.
1238 2345 1260 2376 c)
1279 2346 1411 2371 hortamur
1429 2345 1463 2370 D.
1570 2344 1594 2377 d)
1614 2346 1734 2370 seminam
1753 2352 1825 2369 suam
1844 2343 1878 2367 D.

231 2389 253 2422 e)
274 2398 321 2414 om.
340 2389 374 2414 D.
471 2387 490 2421 ¹)
510 2397 557 2413 om.
577 2388 610 2413 A.
709 2388 735 2420 8)
755 2392 814 2413 ante
832 2388 943 2413 diximus
962 2388 996 2413 D.
1096 2387 1121 2420 h)
1141 2389 1284 2421 pugacione
1304 2389 1336 2412 A.
1438 2388 1456 2420 i)
1475 2397 1551 2421 agere
1569 2389 1615 2413 illa
1633 2388 1666 2412 D.
1767 2385 1791 2418 k)
1811 2385 1877 2417 dele!

231 2441 297 2457 corr.
313 2440 342 2456 ea:
361 2431 409 2462 ele[
431 2430 463 2456 A.
550 2429 569 2462 1)
588 2431 725 2456 Hosmisda
743 2430 775 2456 A.
863 2431 896 2461 m)
916 2431 955 2456 his
976 2430 1008 2456 A.

335 2513 360 2540 1)
382 2511 532 2542 Ostiensem,
552 2513 667 2537 868—0.
681 2513 736 2536 876.
819 2511 845 2542 2>
865 2510 906 2541 Cf.
919 2510 994 2543 epist.
1007 2510 1148 2536 Hadriani
1161 2510 1199 2536 ΙΙ.
1216 2510 1253 2536 ad
1270 2510 1407 2536 Basilimn
1425 2510 1488 2542 imp.
1502 2518 1527 2535 α.
1543 2512 1592 2536 869
1612 2509 1719 2542 (Mansi
1734 2508 1814 2540 XVI,
1827 2508 1877 2540 23),

231 2555 304 2586 Jaffe
323 2554 384 2587 Req.
398 2556 464 2580 2913
482 2554 579 2586 (2210).
667 2553 694 2585 3)
715 2552 852 2585 Eundem,
871 2555 901 2578 ut
921 2552 1028 2585 ridetur,
1047 2553 1094 2585 qui
1110 2553 1249 2579 Donatum
1268 2553 1297 2578 in
1316 2553 1470 2585 episcopatu
1492 2552 1605 2577 Ostiensi
1623 2554 1728 2577 secutus
1748 2553 1771 2576 ct
1789 2559 1814 2575 α.
1827 2553 1878 2575 678

230 2598 330 2632 legatus
351 2596 609 2629 Constantinopolim
627 2596 723 2621 missus
742 2597 790 2628 est,
814 2597 848 2629 cf.
868 2603 952 2628 supra
969 2603 1016 2622 nn.
1032 2598 1071 2627 37,
1093 2599 1124 2622 66
1133 2603 1169 2629 sq.
1261 2596 1288 2627 4)
1308 2595 1348 2621 De
1367 2598 1480 2627 tempore
1498 2594 1579 2620 Ιιιιιίιε
1597 2594 1719 2626 epistolae
1742 2595 1777 2626 ef.
1798 2601 1822 2618 η.
1839 2596 1876 2623 55,

226 2650 255 2674 1).
271 2644 323 2668 308
342 2642 433 2666 annot.
445 2642 468 2666 3.
573 2639 598 2670 5)
618 2638 662 2664 De
679 2638 775 2671 quibus
796 2638 875 2671 nihil,
900 2638 955 2664 nisi
977 2638 1048 2671 qaod
1065 2638 1095 2664 de
1113 2639 1198 2665 Italia
1217 2638 1350 2671 superiori
1369 2645 1420 2663 esse
1444 2637 1564 2663 ridentur
1586 2638 1633 2670 (es.
1652 2645 1679 2662 η.
1692 2636 1744 2668 55),
1768 2637 1876 2660 constat.

231 2684 257 2715 6)
276 2683 319 2709 De
332 2683 423 2716 prima
442 2681 619 2708 admonitione
637 2683 671 2715 cf.
690 2690 717 2707 n.
731 2685 768 2713 55,
784 2684 877 2714 1230&
895 2684 986 2707 annot.
999 2685 1023 2708 4.
1119 2683 1144 2714 7)
1165 2682 1281 2713 Boram,
1301 2682 1336 2714 ef.
1355 2689 1382 2707 11.
1397 2684 1435 2706 55.
1534 2680 1559 2712 8)
1581 2678 1635 2705 Hic
1653 2686 1755 2711 qnoque
1770 2678 1877 2709 penitus

232 2727 339 2759 iqnotus
362 2728 407 2752 est.
513 2725 539 2757 9>
558 2724 647 2758 Epist.
673 2724 709 2749 ad
731 2724 908 2750 Anastasizcm
931 2725 991 2757 imp.
1011 2733 1036 2751 α.
1050 2728 1097 2751 515
1123 2724 1171 2757 (ecl.
1194 2724 1268 2750 leiel
1291 2724 1379 2756 Epist.
1396 2723 1471 2749 Rom.
1486 2725 1562 2755 pont.
1582 2722 1609 2754 Ι,
1632 2725 1674 2747 750·
1698 2728 1722 2745 n.
1736 2721 1776 2753 8),
1801 2719 1878 2750 Jajs'e

231 2769 296 2802 Rey.
312 2772 354 2795 770·
373 2769 454 2802 (436).

1622 2814 1670 2841 39*
