2189 3042
155 545 183 564 ci.
199 543 245 564 Iud.
258 545 290 567 13,
302 545 323 563 Π

152 1684 180 1704 cf.
189 1684 341 1708 2.(,ὀ]’.11,ἱ>84

346 196 405 226 1-12
772 186 950 214 IOHANNIS
971 186 1043 212 VIII.
1064 185 1182 212 PAPAE
1204 186 1405 213 EPISTOLAE
1428 186 1486 213 176.
1506 186 1564 212 177.

344 277 489 320 quamvis
512 279 544 307 ct
568 275 607 306 dc
631 274 759 305 assidua
784 273 926 314 corporis
950 272 1212 304 incommoditate
1238 275 1269 304 et
1293 272 1333 304 de
1357 274 1488 313 peracto
1512 272 1576 302 iam
1592 271 1727 312 Francie
1751 271 1865 302 itinere
1889 270 1994 303 adhuc

344 339 530 361 maneamus
554 326 680 357 defecti.
727 324 818 356 Nunc
842 325 939 365 igitur
962 327 1036 355 ante
1059 323 1277 364 predictorum
1300 323 1515 364 imperialium
1537 324 1706 354 missorum
1726 321 1899 353 adventum
1920 322 1995 353 illuc

345 389 518 422 properare
542 378 723 418 nequimus,
751 386 823 407 cum
847 386 923 407 vero
948 385 1059 407 eorum
1081 375 1280 417 legationem
1303 375 1395 406 nobis
1419 374 1561 415 delatam
1584 374 1731 415 congruis
1759 373 1829 405 Deo
1854 374 1994 415 propitio

345 429 605 471 responsionibus
636 431 764 459 utentes
794 427 1004 467 audierimus,
1033 430 1121 467 tunc,
1150 427 1225 468 quid
1253 427 1361 458 utilius
1393 426 1554 467 agendum
1584 426 1638 466 sit,
1666 435 1724 467 pro
1749 425 1868 456 viribus
1897 434 1995 466 agere

348 483 475 513 omnino
500 480 690 511 curabimus.
737 479 804 510 Vos
827 482 935 509 tamen
958 479 990 508 in
1013 477 1153 509 Domino
1177 478 1374 509 confidentes
1397 479 1503 509 animo
1528 480 1631 508 estote
1655 477 1828 516 constanti,
1857 476 1910 517 qui
1933 487 1996 507 non

349 533 468 564 deserit
497 531 693 563 confidentes
724 531 754 561 in
784 541 832 570 se,
864 533 898 561 ut
925 531 1008 560 inter
1032 533 1176 561 ceterosa
1199 532 1322 560 vestros
1346 530 1510 570 proximos
1535 532 1632 570 atque
1656 528 1775 559 vicinos
1799 527 1996 559 efficaciores

348 595 385 616 ac
410 585 550 625 potiores
574 584 604 613 in
629 582 776 613 omnibus
800 582 995 622 appareatis,
1020 581 1171 622 quoniam
1196 584 1304 612 nostro
1329 580 1505 622 apostolico
1529 590 1586 611 vos
1609 579 1759 621 presidio,
1783 581 1877 620 prout
1901 589 1996 620 opor-

349 639 458 666 tunum
483 635 588 673 fucrit,
613 634 704 675 quasi
728 633 908 664 carissimos
931 633 1012 663 filios
1036 632 1269 663 adiuvabimus.

452 705 546 728 DATA
566 704 610 728 UT
629 703 745 728 SUPRA.

1139 840 1208 869 177.

458 900 615 931 Iohannes
637 899 730 930 VIII.
750 909 840 938 papa
858 899 1008 939 Greyorio
1026 898 1210 938 primicerio
1233 900 1261 929 et
1284 896 1443 937 *imperiali
1465 896 1571 928 baiulo
1593 896 1716 936 qratias
1739 896 1804 935 ayit
1827 895 1864 927 de
1887 895 1999 927 litteris

346 952 422 991 paci
441 952 523 983 inter
538 951 717 982 Romanam
733 950 891 981 ecclesiam
911 953 940 981 et
955 949 1336 989 Constantinopolitanam
1351 948 1566 986 studentibas;
1589 947 1703 988 zeyatos
1718 947 1761 978 ad
1775 957 1807 978 se
1824 947 2001 986 diriyendos

350 1014 382 1034 se
402 1006 492 1043 μναῖς)
514 1003 620 1034 auimo
644 1005 840 1042 recepturum
857 1003 1024 1041 promittit.
1715 1000 1778 1030 879
1802 999 1914 1039 (Apr.)

448 1058 451 1061 .
467 1071 543 1097 Coa:
573 1070 599 1097 R
617 1072 637 1103 f.
653 1073 685 1096 69
703 1078 729 1096 oz.
744 1073 796 1096 17³3.

456 1122 540 1148 Erict:
568 1121 662 1147 Editio
675 1122 799 1148 Romana
814 1121 898 1154 (1591)
916 1121 974 1153 ΙΙΙ,
987 1125 1032 1146 411
1051 1128 1077 1146 n.
1090 1124 1142 1146 169.
1175 1119 1269 1145 Mansi
1289 1119 1366 1145 Cone.
1380 1119 1437 1145 coll.
1453 1118 1550 1151 XVII,
1565 1122 1608 1144 115
1627 1126 1654 1145 oz.
1666 1121 1721 1144 169.
1752 1117 1847 1152 Miyne
1867 1117 1942 1144 Patr.
1955 1117 2001 1144 zat.

356 1164 490 1196 CXXVI,
512 1167 562 1191 828
581 1173 607 1190 n.
621 1168 673 1190 211.
693 1179 725 1183 —-
744 1164 822 1196 ιῙαίΙὲ
842 1164 906 1198 Rey.
920 1167 986 1190 3239
1005 1164 1104 1197 (2460).

529 1252 677 1276 DILECTO
696 1252 776 1277 VIRO
799 1252 971 1277 GREGORIO
994 1250 1162 1276 GLORIOSO
1185 1250 1384 1275 PRIMICERIO
1406 1250 1450 1273 ΕΤ
1474 1250 1653 1274 IMPERIALI
1676 1247 1830 1273 BAIUL01.

462 1311 592 1342 Litteris
609 1312 669 1342 tuis
678 1310 700 1350 2,
726 1321 804 1352 quas
820 1311 911 1341 nobis
928 1321 985 1351 per
1002 1309 1200 1351 Stephanum
1217 1308 1422 1340 candidatum
1439 1308 1567 1339 fidelem
1584 1311 1672 1339 tuum
1690 1307 1845 1347 direxisti,
1863 1306 2001 1347 relectis,

356 1361 534 1393 devotionis
557 1366 610 1402 tue
634 1362 849 1393 sinceritatem
874 1365 907 1392 et
929 1361 1036 1402 fidem,
1061 1372 1157 1402 quam
1181 1361 1265 1392 circa
1290 1361 1460 1391 ecclesiam
1476 1360 1538 1391 Dei
1562 1362 1594 1390 et
1611 1359 1878 1400 gloriosissimos³
1900 1359 2002 1399 impe-

356 1416 478 1444 ratores
501 1413 602 1444 habes
625 1417 791 1454 augustos,
816 1413 1013 1444 enucleatius
1037 1416 1249 1454 agnoscentes
1272 1412 1445 1453 plurimum
1469 1411 1697 1442 collaudamus.
1743 1410 1786 1441 Et
1808 1410 1881 1441 ideo
1906 1410 2003 1441 sacris

357 1465 552 1495 orationibus
575 1465 700 1503 nostris,
723 1466 803 1496 sicut
826 1465 962 1505 supplici
978 1468 1052 1495 voto
1076 1464 1275 1505 postulastib,
1300 1466 1331 1494 te
1348 1463 1487 1494 Domino
1512 1462 1748 1501 commendare,
1772 1465 1807 1492 ut
1831 1465 1864 1493 et
1887 1472 1905 1492 a
1928 1461 2002 1492 visi-

356 1515 473 1546 bilibus
507 1519 539 1546 et
570 1516 780 1547 invisibilibus
810 1527 939 1547 securus
972 1527 1008 1547 ac
1036 1516 1138 1547 victor
1169 1516 1303 1555 existas,
1334 1515 1461 1546 omnino
1492 1514 1666 1545 studemus.
1712 1513 1754 1544 Et
1784 1514 1859 1554 quia
1886 1523 2003 1554 magno

357 1568 543 1608 imperatori
570 1568 646 1598 tu0³
670 1568 839 1598 ecclesiam
862 1567 925 1598 Dei
954 1567 1123 1608 pacificare
1147 1567 1267 1597 volenti
1294 1577 1361 1604 nos,
1389 1569 1425 1596 ut
1447 1565 1557 1596 favere
1582 1564 1771 1604 debeamus,
1796 1565 1946 1605 hortaris,
1971 1564 2004 1595 id

356 1619 446 1650 iuxta
462 1620 561 1649 nostri
578 1619 674 1650 officii
691 1619 909 1660 magisterium
928 1622 1076 1659 prompta
1093 1618 1261 1648 dumtaxat
1277 1628 1374 1659 agere
1388 1617 1551 1648 voluntate
1569 1616 1718 1647 divinitus
1733 1615 1834 1647 adiuti
1847 1626 2004 1655 curamus,

359 1671 523 1710 quoniam,
550 1670 674 1701 dicente
699 1671 862 1711 apostolo,
887 1670 1111 1701 ecclesiarumc
1135 1669 1197 1700 Dei
1222 1670 1362 1700 omnium
1386 1669 1478 1699 nobis
1502 1667 1681 1698 sollicitudo
1705 1668 1869 1698 incumbit.
1917 1667 2004 1703 Qua-

359 1725 491 1763 propter
532 1732 620 1753 more
662 1722 925 1763 predecessorum
963 1724 1142 1752 nostrorum
1184 1721 1369 1762 pontificum
1408 1720 1794 1761 Constantinopolitanam
1834 1719 2004 1750 ecclesiam

358 1773 586 1814 multiplicibus
619 1773 777 1804 scandalis
808 1783 890 1803 nunc
922 1773 1165 1813 perturbatam⁴¹
1193 1776 1288 1814 prout
1320 1771 1458 1802 iustumfl
1486 1775 1534 1803 est
1564 1775 1661 1813 atque
1691 1771 1858 1813 possibile,
1891 1770 2005 1802 sedare

359 1824 504 1855 volumus
539 1828 570 1855 et
602 1830 700 1865 pacee
728 1828 885 1865 perpetua
916 1824 1084 1855 stabilires.
1130 1824 1286 1855 Preterea
1316 1824 1437 1865 legati¹g
1466 1823 1665 1864 imperiales,
1699 1833 1777 1863 quos
1807 1822 1849 1853 ad
1876 1822 2007 1853 nostrah

360 1876 537 1917 apostolica
560 1877 697 1917 vestigia
721 1876 799 1907 dicis
823 1886 893 1907 esse
919 1876 1067 1917 directos,
1092 1877 1117 1906 si
1141 1877 1296 1916 venerint,
1321 1877 1549 1916 competentia
1566 1875 1658 1906 nobis
1674 1875 1869 1916 recipientur
1885 1874 2007 1905 honore

361 1931 393 1958 et
427 1927 640 1968 augustalemi
668 1938 726 1968 per
755 1938 810 1958 eos
840 1927 930 1958 nobis
961 1927 1102 1958 delatam
1131 1928 1328 1969 legationem
1359 1927 1534 1958 clementer
1563 1927 1754 1967 recipiemus
1782 1929 1878 1967 atque
1909 1926 2008 1966 ipsius

360 1979 530 2020 legationis
561 1982 683 2010 textum
717 1982 748 2010 et
780 1979 922 2010 ordinem
954 1982 1184 2020 cognoscentes
1218 1989 1279 2010 una
1305 1989 1375 2009 cum
1403 1978 1488 2009 sedis
1517 1978 1692 2018 apostolice
1720 1977 1812 2008 nobis
1840 1976 2007 2017 commisse

361 2041 506 2070 assensu,
541 2034 693 2071 quantum
723 2031 770 2061 fas
802 2034 864 2071 est,
899 2041 957 2071 pro
993 2030 1128 2071 ecclesie
1158 2030 1219 2061 Dei
1250 2040 1330 2071 pace
1365 2029 1524 2070 imperiali
1553 2029 1709 2060 voluntati
1740 2029 1848 2060 favere
1880 2028 2008 2059 omnino

361 2082 568 2113 studebimus.
614 2083 678 2113 Pro
703 2082 816 2123 quibus
844 2081 961 2112 etiamk
985 2082 1088 2112 missis
1112 2082 1313 2112 Pandenolfo
1338 2081 1491 2122 Capuano
1520 2081 1628 2111 comiti
1652 2080 1866 2121 scripsimus5,
1896 2082 1931 2110 ut
1954 2090 2010 2110 eos

361 2134 527 2164 venientes
550 2134 685 2174 recipiat
708 2136 740 2164 et
762 2144 819 2174 pro
844 2136 950 2164 nostro
974 2143 1083 2164 amore
1107 2143 1261 2174 prospero
1285 2133 1376 2164 nobis
1399 2133 1512 2163 itinere
1529 2132 1667 2162 Domino
1692 2134 1852 2162 annuente
1870 2130 2009 2171 dirigere

363 2185 499 2215 studeat.
538 2185 629 2216 Nunc
654 2195 730 2226 ergo
754 2184 864 2216 iidem¹
888 2185 1001 2215 missinl
1024 2185 1250 2226 presentaliter
1266 2184 1403 2215 Romam
1427 2184 1536 2215 venire
1561 2187 1742 2224 procurent,
1767 2183 1841 2224 quia
1864 2193 1922 2213 nos
1939 2183 2009 2213 aliis

363 2237 466 2267 causis
488 2235 633 2277 impediti
656 2237 734 2267 istas
753 2237 785 2267 in
800 2239 908 2277 partes
924 2235 1030 2276 modo,
1056 2237 1137 2266 sicut
1153 2236 1340 2277 dispositum
1356 2235 1536 2275 habuimus,
1558 2245 1734 2276 properare
1750 2245 1813 2265 non
1830 2244 2007 2275 possumus

467 2305 561 2329 DATA
580 2306 626 2330 UT
645 2306 761 2330 SUPRA.

469 2459 525 2485 176.
554 2460 576 2491 ⁸)
595 2468 666 2484 -eros
684 2459 711 2483 in
729 2467 783 2482 ras.
801 2458 834 2483 R.

470 2511 526 2536 177.
555 2510 579 2543 Ε)
598 2511 791 2543 gloriosisimos,
810 2511 887 2535 -imos
906 2511 932 2534 ιή
951 2519 1002 2534 rus.
1023 2510 1054 2535 R.
1141 2508 1166 2542 b)
1186 2518 1252 2534 corr.
1266 2518 1296 2535 ex
1314 2510 1437 2542 postulati
1455 2509 1487 2534 R.
1577 2509 1598 2540 ⁰)
1619 2517 1686 2534 corr.
1699 2516 1730 2533 ex
1749 2508 1857 2539 ecclesie
1875 2508 1959 2532 arium
1980 2507 2011 2533 R.

366 2553 390 2586 d)
409 2559 433 2579 -t
453 2555 489 2579 iu-
507 2555 534 2579 in
553 2562 606 2578 ras.
626 2557 649 2578 st
667 2562 732 2578 corr.
747 2561 777 2577 ex
795 2557 806 2577 t
824 2552 854 2577 R.
949 2554 972 2584 e)
991 2562 1057 2577 corr.
1072 2561 1102 2578 ex
1120 2560 1208 2585 pacem
1228 2552 1259 2578 R.
1356 2551 1376 2584 f)
1396 2561 1439 2577 —re
1462 2552 1490 2576 in
1508 2560 1561 2576 ras.
1581 2552 1612 2576 R.
1706 2550 1731 2583 ἕ)
1749 2559 1815 2575 corr.
1834 2558 1864 2574 ex
1888 2551 1959 2583 ligati
1978 2550 2010 2575 R.

365 2596 390 2628 h)
409 2601 522 2622 nostram
541 2596 572 2621 R.
656 2595 674 2627 i)
693 2596 830 2628 augustale
848 2596 880 2620 R.
961 2595 986 2627 k)
1007 2597 1053 2621 -ti-
1072 2597 1099 2620 in
1117 2604 1169 2621 ras.
1188 2596 1220 2621 B.
1303 2595 1321 2627 l)
1341 2605 1406 2621 corr.
1423 2604 1454 2620 cz·
1471 2596 1555 2620 hidem
1574 2595 1606 2621 R.
1693 2594 1726 2625 ¹¹¹)
1745 2603 1812 2619 corr.
1826 2602 1857 2619 ea>
1875 2594 1958 2619 missis
1977 2593 2009 2618 R.

470 2674 495 2706 1)
513 2673 553 2699 De
571 2680 622 2705 qao
644 2672 678 2704 cf.
697 2679 781 2704 supra
804 2680 828 2697 η.
842 2675 882 2704 47,
901 2680 929 2704 p.
943 2675 974 2697 45
992 2674 1084 2698 annot.
1098 2676 1119 2698 1.
1217 2672 1242 2704 2)
1262 2671 1335 2704 Quae
1359 2679 1414 2697 non
1437 2673 1551 2697 exstant.
1649 2670 1675 2703 3)
1695 2669 1798 2695 Basilio
1817 2669 1853 2701 1.,
1877 2668 1912 2701 cf.
1931 2677 1958 2695 n.
1972 2672 2014 2701 69,

362 2724 390 2749 p.
404 2720 435 2742 64
455 2718 547 2742 annot.
562 2720 582 2741 1.
670 2716 696 2747 4)
716 2714 775 2740 Seil.
790 2722 839 2748 per
858 2714 947 2740 Phoar·
967 2714 1140 2747 patriarchae
1164 2714 1193 2739 in
1211 2714 1295 2740 sedem
1313 2722 1388 2740 sitam
1406 2714 1596 2740 restitutionem
1614 2712 1659 2746 (cf.
1678 2721 1704 2738 n..
1718 2717 1758 2745 69,
1774 2720 1802 2745 p.
1817 2715 1850 2738 64
1867 2714 1961 2738 annot.
1978 2712 2014 2745 2),

367 2760 412 2786 cai
430 2762 458 2784 ut
476 2766 629 2785 consensum
643 2766 731 2791 papae
750 2758 903 2790 acquireret,
920 2757 1014 2791 legatio
1034 2758 1084 2783 ista
1101 2757 1175 2783 1ιαίιά
1192 2758 1296 2790 frustra
1309 2758 1356 2790 (cf.
1370 2766 1396 2784 n.
1407 2758 1469 2790 207)
1481 2757 1586 2784 studuit
1594 2764 1604 2789 ‚¹
1622 2756 1655 2788 cf.
1669 2755 1863 2788 Hememo'ther
1874 2754 2014 2781 ‘Photius'

367 2802 410 2835 H,
429 2805 483 2828 380
493 2810 527 2835 sq.
616 2801 642 2833 5)
668 2800 696 2827 V.
715 2808 741 2827 τι.
757 2804 811 2826 176.

2019 904 2044 923 1⁰

2021 1167 2045 1186 15

2022 1472 2048 1491 20

2023 1728 2048 1747 25

2027 1986 2053 2005 30

2028 2241 2052 2260 35

2028 2599 2055 2618 40
