2189 3042
108 1591 139 1614 ot.
147 1591 211 1613 Rom.
222 1594 282 1616 1,1⁴.

88 1625 118 1646 ef.
128 1625 191 1646 Rom.
200 1628 234 1649 11,
246 1627 278 1646 13.

293 136 354 164 416
533 128 724 155 ANASTASII
745 127 1042 154 BIBLIOTHECARII
1061 126 1261 153 EPISTOLAE
1280 126 1360 152 SIVE
1380 126 1658 152 PRAEFATIONES
1676 128 1701 153 G.

290 216 347 242 cod,
363 215 493 240 thrncnsi
513 217 560 239 142
583 221 610 239 rt.
623 213 685 245 3⁸11,
711 215 744 245 cf.
759 212 857 245 Haqen
878 212 964 238 Catal.
977 212 1052 238 codd.
1066 212 1182 238 Bernen.
1196 211 1281 244 (1875)
1300 220 1330 244 12·
1345 215 1400 238 142.
1431 211 1493 237 Vnt.
1507 211 1552 237 lai.
1569 214 1638 237 7304
1664 212 1695 243 (s.
1711 210 1784 242 XV„
1810 214 1844 245 cf.
1859 219 1943 244 supra

289 267 314 291 2).
329 261 383 283 403
400 257 417 283 l.
434 259 457 289 ἲ)
475 257 496 288 f.
511 260 525 282 9
544 260 586 289 (=
603 255 650 288 C);
673 255 732 281 rat.
745 255 792 281 lat.
808 258 873 281 1330
892 256 923 287 (s.
939 254 1113 287 XVJXVJ.)
1131 257 1152 288 f.
1164 259 1177 280 1
1196 254 1238 286 (=
1254 254 1302 287 D),
1324 261 1356 280 ex
1374 262 1426 287 quo
1444 254 1571 287 dependet
1591 254 1647 280 Vat.
1662 254 1708 280 lat.
1723 257 1781 279 1331
1801 254 1832 286 (ς.
1849 253 1943 286 XVI.)

289 304 309 334 f.
324 306 335 326 1
354 304 395 331 (z
413 300 442 325 1)
457 300 486 332 1).
525 301 618 324 Omnes
637 298 684 324 hos
702 297 800 324 codices
818 300 885 324 cont.
899 298 935 324 Ε.
950 298 1046 324 Perels.
1062 313 1092 316 -—
1111 297 1178 323 Nori
1195 297 1286 322 collati
1304 299 1370 323 szmt
1388 297 1416 322 1ιί
1434 297 1537 323 codices
1560 297 1727 323 recentiores:
1747 297 1805 323 Vat.
1819 297 1865 323 lat.
1878 299 1944 322 4168

290 346 349 376 f.1‚-
367 343 425 368 Vae.
441 341 526 367 Ottob.
543 344 617 375 1757f.
632 346 640 366 1
659 343 682 366 ct
701 345 748 367 904
766 342 786 374 f.
799 345 821 373 1,
849 341 896 373 qai
921 348 954 366 ccc
971 341 999 366 D
1017 341 1056 366 rel
1076 340 1125 366 D]
1145 340 1270 372 descripti
1288 342 1367 372 szmi;
1390 340 1479 366 Paris,
1492 341 1538 367 lat.
1552 344 1614 366 1700
1634 341 1665 371 (s.
1680 340 1791 372 XVII.)
1811 340 1845 370 cf.
1859 339 1944 366 catal.

289 385 360 412 codd.
374 394 432 411 mss.
448 385 622 411 Bibliothecae
640 384 724 416 regnae
743 383 796 409 III
810 384 909 416 (1744),
924 387 985 414 173,·
1007 383 1093 409 Veniet.
1108 383 1196 409 Marc.
1209 383 1239 409 Z.
1251 382 1284 408 L.
1298 382 1427 408 CLXIV
1442 382 1539 415 (class.
1555 382 1637 415 VIII,
1653 384 1711 415 119)
1730 383 1762 415 (s.
1777 381 1852 415 XV.)
1871 384 1892 415 f.
1907 385 1942 412 9’,’

290 428 423 455 Escorial.
437 427 505 460 511,
522 432 550 453 10
568 430 599 460 (s.
615 426 710 457 XVI.)
727 426 748 458 f.
761 431 783 459 1,
802 428 837 460 cf.
852 427 968 452 Antoliri
985 426 1124 459 ‘Cutziloqo
1141 425 1172 451 de
1191 426 1228 451 los
1246 425 1320 452 codd.
1334 426 1380 452 lat.
1393 425 1435 451 del
1453 425 1586 452 Escorial‘
1600 425 1625 458 I,
1639 429 1696 452 242.

393 478 476 505 Edd.:
486 478 663 505 Coneilioram
671 478 700 503 X
704 478 746 504 IX
750 480 764 510 (
764 479 852 504 Paris.
859 480 939 511 1644),
946 482 977 505 35
982 478 1060 511 (haec
1069 477 1148 504 editio
1156 477 1298 503 admodum
1305 485 1364 503 cum
1371 477 1507 504 codicibus
1515 478 1656 504 Vaticanis
1663 477 1797 511 conqruit)
1806 489 1834 499 =
1846 476 1944 502 Labbe-

293 523 397 549 Coss-art
407 522 529 548 Corte-ilia
538 521 562 547 V
564 522 582 546 I
582 522 601 553 Ι,
611 525 645 547 29
653 533 683 542 =
692 521 859 547 Harduinus
871 522 939 547 Acta
951 521 1124 547 conciliorum
1138 520 1187 552 IV,
1201 524 1230 546 19
1243 520 1332 553 (cicius
1345 523 1439 552 temtus,
1453 529 1530 554 quem
1540 521 1581 546 ‘ez
1593 529 1639 547 ms.
1650 520 1704 547 cod.
1714 520 1773 546 bibl.
1785 519 1877 546 Paris.
1890 519 1946 546 Col-

290 566 352 599 lcyii
371 565 511 591 Socictcttis
524 564 592 590 Iesa’
607 567 740 597 sumptam
759 564 878 597 adnotat,
896 572 956 590 crim
968 563 1069 590 Labbei
1086 566 1163 590 texta
1174 563 1331 596 concordat)
1346 576 1375 585 =
1392 564 1486 590 ΖΙΙαηεί
1500 564 1577 590 Cone.
1589 564 1645 590 coll.
1662 563 1735 595 XII,
1747 567 1794 590 981
1808 575 1836 585 -=
1854 563 1947 596 Miyne

291 609 366 635 Patr.
380 609 427 634 lat.
440 608 578 639 CXXIX,
594 611 643 634 195.

456 717 590 741 DOMINO
609 717 825 742 COANGELICO
843 716 989 740 IOHANNI
1009 716 1130 740 SUMMO
1149 715 1341 740 PONTIFICI¹³
1360 716 1403 739 ET
1422 715 1630 740 UNIVERSALI
1654 714 1782 739 ΡΑΡΑΕ1

927 759 1138 783 ANASTASIUS
1157 758 1317 783 EXIGUUS.

400 819 617 860 Interpretata
641 829 741 860 nuper
757 817 947 849 decessoreb
964 820 1089 849 vestrae
1114 817 1322 848 beatitudinis
1340 817 1527 848 Hadrian0⁰
1550 817 1747 849 reverendae
1772 817 1947 848 memoriae

292 870 397 912 papad
413 874 523 902 sancta
546 873 659 902 octava
683 873 715 901 et
731 870 901 901 universali
919 869 1061 910 synodo2
1077 869 1263 900 indecorum
1281 872 1314 900 et
1329 869 1559 900 inconveniens
1576 868 1748 900 arbitratus
1764 879 1834 899 sum
1851 868 1948 909 septi-

293 933 379 954 mam
402 921 617 953 universalem
640 921 807 963 synodum,
825 932 906 962 quae
931 920 1154 962 praesident&
1170 921 1203 951 in
1218 921 1344 951 vicariis
1368 921 1432 952 suis
1455 921 1573 952 beatae
1597 920 1828 951 recordationis
1851 929 1946 961 prae-

294 975 462 1006 decessore
486 977 592 1005 vestro
616 973 823 1004 Hadriano⁹³
846 973 932 1014 apud
955 972 1128 1004 Nicaeamf
1150 972 1291 1004 secundo
1316 973 1514 1003 conveniens
1538 971 1596 1003 sub
1621 971 1764 1003 Hireness
1787 982 1843 1002 seu
1863 970 1948 1002 Gon—

294 1027 432 1058 stantino
456 1025 704 1067 imperatoribus
728 1025 893 1056 celebrata
917 1024 996 1064 est4‚
1024 1035 1086 1055 non
1110 1023 1231 1055 habere
1254 1024 1397 1055 Latinos,
1447 1022 1531 1054 Nam
1562 1024 1650 1054 nulia
1680 1024 1804 1054 ratione
1835 1026 1950 1054 octava

293 1078 408 1109 dicitur
431 1078 482 1108 vel
504 1077 606 1109 teneri
630 1077 758 1118 poterit,
788 1076 842 1107 ubi
865 1076 1003 1117 septima
1027 1087 1089 1107 non
1113 1076 1260 1115 habetur,
1292 1086 1356 1106 non
1381 1075 1468 1116 quod
1499 1078 1574 1106 ante
1604 1085 1661 1106 nos
1691 1075 1823 1106 minime
1854 1074 1951 1105 fuerit

291 1130 511 1170 interpretata,
541 1128 598 1160 sed
622 1128 707 1170 quod
738 1128 895 1169 interpres
924 1137 1007 1168 pene
1039 1138 1096 1168 per
1119 1128 1245 1168 singula
1268 1127 1383 1158 relicto
1412 1127 1583 1168 utriusque
1613 1127 1742 1168 linguae
1771 1125 1950 1157 idiomateh

292 1181 373 1212 adeo
398 1181 494 1211 suerit
517 1180 649 1211 verbum
674 1179 704 1210 ei
721 1179 820 1210 verbo
845 1178 1023 1218 seoutusk⁵‚
1046 1183 1091 1219 ut,
1116 1179 1192 1220 quid
1216 1179 1248 1209 in
1275 1178 1390 1210 eadem
1414 1177 1572 1209 editione¹
1594 1178 1804 1219 intelligatur,
1824 1181 1879 1209 aut
1895 1178 1949 1208 vix

292 1236 347 1263 aut
370 1242 545 1272 numquam
574 1231 676 1272 possit
705 1231 854 1262 advertim
877 1231 910 1261 in
939 1229 1166 1272 fastidiumque
1191 1241 1283 1261 versa
1312 1230 1504 1272 legentumu
1527 1240 1611 1271 pene
1641 1229 1681 1260 ab
1713 1229 1859 1260 omnibus
1888 1229 1949 1260 hac

291 1295 348 1325 pro
373 1294 469 1314 causa
492 1286 722 1316 contemnatur.
761 1282 854 1313 Unde
878 1293 897 1313 a
921 1281 1110 1323 quibusdam
1135 1292 1194 1313 nec
1217 1282 1287 1323 ipsa
1310 1282 1461 1321 lectione,
1481 1284 1517 1312 ut
1541 1292 1605 1312 non
1630 1281 1735 1312 dicam
1759 1281 1948 1321 transscrip-

293 1336 388 1374 tione,
415 1334 511 1376 digna
535 1335 661 1375 penitus
683 1334 871 1365 iudicaturss.
918 1333 1013 1370 Quod
1036 1334 1105 1374 ipse
1129 1334 1254 1364 intuens
1278 1343 1336 1364 nee
1359 1333 1490 1374 proprio
1514 1333 1638 1364 infirmo
1663 1333 1788 1373 corpori
1812 1342 1947 1373 parcens

291 1388 486 1418 auxiliante⁰
502 1387 641 1418 Domino
665 1386 747 1418 hanc
769 1387 855 1416 nisus
879 1396 949 1416 sum
971 1385 1176 1426 interpretari
1192 1385 1324 1424 Latinis,
1341 1385 1497 1416 indecens
1521 1387 1554 1415 et
1581 1385 1792 1425 incongruum
1817 1394 1950 1415 censens

291 1442 431 1470 vestram
453 1439 603 1478 maxime,
621 1437 763 1469 omnium
784 1437 1012 1468 ecclesiarumv
1029 1437 1227 1478 magistram,
1246 1436 1446 1468 Romanamq
1462 1435 1614 1467 videlicet
1636 1436 1815 1476 ecclesiam,
1833 1435 1949 1467 eadem

291 1490 412 1531 synodo
437 1489 631 1529 defraudari,
658 1499 730 1520 cum
754 1488 880 1519 videam
903 1489 1082 1529 posteriori,
1112 1487 1163 1518 idr
1190 1491 1238 1519 est
1268 1491 1406 1527 octav-az
1438 1487 1756 1528 magnificentissime
1785 1487 1947 1523 decorari;

293 1542 483 1582 praesertim
516 1551 587 1572 cum
619 1550 729 1572 sacrae
761 1539 955 1571 bibliotecae
985 1542 1122 1578 vestrae,
1152 1540 1239 1570 cuius
1272 1540 1416 1570 minister
1446 1542 1553 1570 vestra
1585 1538 1769 1580 dignatione
1800 1539 1948 1578 consisto,

298 1603 339 1624 ex
363 1593 433 1633 hoc,
451 1592 538 1634 quod
556 1591 694 1633 desuper
714 1592 792 1623 mihi
809 1591 918 1622 datum
942 1593 999 1631 est,
1018 1590 1143 1622 debitor
1159 1591 1234 1621 simss
1249 1592 1440 1630 ministrare,
1463 1591 1489 1621 si
1506 1593 1615 1621 tamen
1637 1590 1795 1621 emulatus
1818 1592 1948 1630 aposto-

294 1644 359 1675 lum
376 1644 587 1675 ministerium
602 1654 709 1675 meum
724 1643 871 1674 studeam
888 1643 1056 1673 honorare.
1084 1642 1168 1674 Sane
1184 1642 1359 1674 notandum
1377 1645 1445 1673 estu
1458 1641 1638 1683 quaedamv
1654 1642 1712 1672 inW
1728 1642 1789 1672 hac
1806 1640 1945 1682 synodo⁷

293 1706 334 1727 ex
358 1695 577 1737 apostolorum
600 1698 632 1726 et
655 1698 767 1726 sextae
790 1694 978 1725 universalis
1002 1693 1115 1734 synodi
1139 1694 1313 1725 canonibus
1331 1696 1383 1725 etx
1399 1693 1564 1724 sententiis
1582 1694 1725 1732 inveniri,
1744 1703 1828 1734 quae
1846 1703 1946 1734 penes

294 1758 352 1778 nos
380 1748 592 1788 interpretata
618 1756 678 1777 nec
707 1746 864 1777 habentur
888 1755 945 1776 nec
976 1744 1216 1776 admittunturss.
1263 1745 1305 1776 Et
1334 1748 1421 1777 certe
1453 1745 1493 1776 de
1525 1745 1744 1786 apostolorum
1775 1744 1949 1775 canonibus

395 1910 420 1935 6.
447 1908 471 1942 ⁸)
490 1910 602 1942 pontifici
621 1918 719 1934 summo
740 1909 766 1939 O,
780 1909 813 1940 D,
826 1909 886 1934 D1.
981 1908 1005 1940 b)
1024 1917 1091 1934 corr.
1105 1909 1132 1933 in
1152 1908 1280 1933 decessori
1300 1908 1326 1934 Ο.
1414 1909 1436 1940 o)
1458 1909 1571 1934 Adriano
1590 1913 1612 1933 ec
1630 1909 1666 1933 sic
1684 1917 1782 1940 semper
1802 1908 1829 1939 Ο,
1843 1908 1877 1938 D,
1892 1908 1950 1933 D1.

292 1953 317 1986 d)
336 1962 402 1979 corr.
418 1953 445 1977 in
463 1961 535 1985 papae
554 1952 591 1984 Β,-
616 1960 689 1985 pape,
709 1961 722 1977 e
741 1956 767 1976 at
785 1952 834 1976 vid.
849 1960 915 1977 corr.
931 1952 956 1976 O.
1063 1952 1086 1983 θ)
1106 1960 1173 1976 corr.
1187 1952 1214 1976 in
1232 1951 1421 1984 presidentibus
1440 1952 1544 1976 vicariis
1563 1952 1638 1976 beate
1656 1952 1841 1976 recordationis
1861 1951 1949 1983 prede-

292 1998 398 2022 cessoris
411 1996 489 2021 vestri
500 1996 616 2026 Adriani,
635 1996 662 2020 in
674 1996 803 2027 maryine:
820 1995 933 2020 eiusdem
948 1994 974 2020 0.
1034 1993 1052 2027 f)
1066 2003 1132 2019 corr.
1143 2003 1174 2019 ex
1186 1995 1311 2020 Nicenarn
1323 1993 1351 2019 C.
1413 1993 1438 2025 8)
1452 1995 1558 2027 Hyrene
1572 1994 1605 2024 D,
1617 1994 1643 2018 D
1654 1997 1681 2023 1;
1699 2002 1745 2019 seu
1758 1994 1807 2020 del.
1819 1998 1844 2019 et
1857 1994 1918 2019 add.
1931 1994 1952 2019 0

292 2040 320 2064 in
337 2040 461 2071 margine.
531 2037 557 2070 h)
576 2039 709 2071 ydeomate
730 2037 761 2067 Ο]
780 2038 916 2063 idioamate
935 2038 969 2063 D.
1040 2036 1059 2068 i)
1078 2046 1110 2062 ex
1131 2037 1157 2062 C'.
1228 2035 1254 2069 k)
1274 2041 1399 2069 sequutus
1419 2037 1452 2062 D.
1524 2035 1542 2068 ι)
1562 2037 1690 2062 indicione
1710 2036 1737 2062 C.
1816 2036 1848 2069 ω)
1867 2037 1950 2062 averti

296 2082 323 2114 0,
337 2082 371 2113 D,
386 2082 443 2107 D1.
523 2082 548 2114 1-’·)
567 2083 650 2114 legem
668 2082 732 2107 tium
753 2081 786 2112 C'‚·
804 2082 946 2114 legentium
965 2081 998 2112 D,
1012 2081 1070 2112 D1,
1089 2089 1156 2106 corr.
1169 2089 1199 2105 ea:
1218 2081 1349 2114 legentum
1371 2081 1402 2105 D.
1482 2080 1506 2113 ⁰)
1525 2081 1668 2106 aulixiante
1686 2080 1744 2106 D1.
1826 2080 1850 2112 Ρ)
1869 2081 1951 2105 eccle-

294 2125 391 2150 siarum
418 2126 532 2150 omnium
559 2125 585 2150 O.
678 2124 702 2157 q)
731 2133 798 2150 corr.
819 2133 850 2149 ex
877 2126 982 2149 Romam
1008 2124 1034 2149 O.
1127 2124 1148 2155 r)
1176 2124 1214 2149 uti
1241 2124 1267 2149 0.
1356 2123 1377 2155 Β)
1405 2128 1523 2149 octavam
1549 2123 1575 2149 0.
1664 2123 1684 2155 t)
1709 2132 1767 2149 eum
1793 2122 1821 2154 0,
1840 2123 1874 2154 D,
1893 2122 1951 2148 D1.

294 2167 320 2199 ¹¹)
340 2168 408 2200 quod
427 2168 489 2193 add.
504 2166 531 2199 C,
545 2167 580 2198 D,
591 2167 648 2192 D1.
741 2168 766 2198 v)
779 2171 839 2199 post
857 2168 983 2199 quaedam
1002 2167 1112 2192 litteram
1131 2175 1210 2192 unam
1229 2167 1278 2192 del.
1291 2171 1319 2192 ut
1335 2167 1388 2192 vid.
1400 2167 1432 2192 B.
1528 2166 1559 2198 w)
1578 2176 1610 2192 ex
1631 2166 1658 2192 O.
1766 2165 1791 2198 x)
1811 2175 1858 2191 om.
1873 2166 1906 2198 B,
1921 2165 1952 2195 C:

296 2219 422 2244 superscr.
436 2211 470 2237 D.

398 2305 423 2337 1)
447 2304 535 2336 VIII„
554 2306 697 2330 872-882.
802 2303 828 2335 2)
849 2302 890 2335 Of.
903 2311 990 2336 supra
1008 2311 1034 2329 n.
1047 2307 1067 2329 5.
1175 2304 1201 2335 3)
1221 2304 1252 2336 L,
1276 2307 1411 2330 772—795.
1512 2303 1539 2337 4)
1559 2303 1592 2329 Α.
1609 2306 1661 2330 787.
1763 2303 1789 2335 5)
1810 2301 1852 2337 Of.
1865 2309 1950 2335 supra

293 2356 321 2375 ri.
335 2352 348 2374 1
364 2357 390 2380 p.
403 2350 452 2374 397
469 2355 534 2373 ann.
547 2350 571 2373 3.
691 2347 717 2379 6)
738 2346 826 2380 Quam
843 2346 985 2372 versionem
1003 2347 1037 2372 ab
1056 2346 1203 2373 Hadriano
1223 2347 1245 2374 1.
1273 2356 1349 2381 papa
1375 2347 1412 2373 ad
1438 2347 1575 2373 Karozum
1601 2347 1738 2380 Magnum
1762 2346 1870 2372 missam
1899 2354 1952 2373 esse

294 2391 464 2417 Hincmarus
480 2390 615 2416 Remensis
631 2390 732 2416 Contra
747 2389 926 2415 Hincmarrim
943 2389 1150 2416 Laudzmensem
1169 2398 1227 2423 cap.
1242 2394 1275 2417 20
1293 2390 1341 2423 (ed.
1358 2390 1449 2424 Miqne
1462 2390 1539 2416 Patr.
1552 2390 1600 2416 zat.
1613 2389 1750 2422 CXXVI,
1765 2389 1825 2423 360)
1843 2391 1951 2421 narrat,

295 2442 350 2467 qua
377 2433 408 2459 de
433 2441 461 2459 re
487 2432 592 2458 dabitat
618 2432 718 2458 Hauck
741 2431 1015 2465 ‘Kirchenyesehichte
1039 2432 1248 2459 Dezitsclzlands’
1263 2434 1281 2449 ³·
1297 2434 1315 2449 4·
1340 2433 1380 2465 II,
1395 2436 1454 2465 327,
1484 2441 1549 2459 arm.
1570 2436 1592 2458 2.
1630 2432 1700 2458 Eam
1729 2440 1818 2458 coram
1842 2431 1950 2458 Κατ-οἷο

295 2476 397 2509 Mayno
419 2476 558 2502 recitatam
580 2483 633 2502 esse
658 2476 774 2509 episcopi
800 2474 968 2501 Francorum
992 2475 1022 2500 in
1044 2476 1215 2509 praefatione
1240 2475 1339 2502 Libelli
1361 2475 1500 2510 synodaiis
1526 2475 1689 2501 Parisiensis
1715 2475 1751 2508 (a.
1767 2476 1826 2508 825)
1853 2474 1951 2501 dicunt

295 2519 344 2552 (ed.
365 2519 436 2545 MG.
453 2518 574 2545 Concilia
592 2518 630 2551 II,
645 2519 715 2552 481).
756 2517 797 2551 Of.
818 2517 884 2550 qaid
909 2517 1030 2543 Kar-olas
1049 2519 1170 2552 Maqnas
1189 2518 1220 2545 de
1238 2526 1269 2544 ea
1292 2518 1455 2550 iudicaverit,
1480 2518 1560 2544 Libri
1581 2518 1713 2551 Oarolini,
1738 2518 1889 2551 praefatio,
1913 2516 1951 2544 ed.

297 2562 366 2589 MG.
383 2562 505 2588 Concilia
518 2562 551 2587 ΙΙ
573 2562 666 2594 Suppl.
681 2569 709 2594 p.
721 2565 735 2587 5
754 2560 825 2594 (caim
843 2568 908 2586 ann.
922 2562 961 2593 2):
988 2560 1072 2587 Cuius
1093 2561 1250 2595 scripturae
1269 2563 1363 2588 textus
1383 2561 1544 2595 eloquentia
1567 2569 1704 2595 sensuque
1727 2569 1823 2587 carens
1845 2560 1881 2587 ad
1904 2568 1952 2587 nos

296 2614 382 2639 usque
392 2605 528 2639 pervenit.
599 2605 625 2637 7)
638 2604 698 2630 Scit.
707 2605 737 2630 iri
750 2604 819 2630 actis
831 2603 895 2629 VII.
908 2603 1011 2637 synodi.
1089 2604 1116 2637 8)
1131 2604 1171 2638 Of.
1182 2605 1262 2630 Actio
1273 2604 1351 2631 VIII
1358 2612 1418 2631 can.
1428 2609 1449 2637 1,
1462 2604 1501 2631 ed.
1511 2604 1602 2638 Miyne
1612 2604 1687 2630 Patr.
1696 2604 1742 2631 lat.
1752 2602 1886 2636 CXXIX,
1894 2606 1952 2630 480.

298 2648 341 2674 De
353 2648 532 2681 apostolorum
550 2656 684 2674 canonum
701 2646 898 2673 recensionibus
914 2646 1019 2672 Graeca
1037 2649 1061 2672 et
1074 2647 1181 2673 Latina
1193 2647 1263 2674 inter
1274 2655 1300 2674 se
1313 2647 1422 2673 diversis
1440 2647 1476 2679 cf.
1490 2647 1583 2681 Hefele
1593 2647 1758 2673 ‘Concilien-
1770 2645 1930 2672 Geschichte’
1942 2646 1952 2661 ²

297 2691 322 2723 1,
338 2694 449 2724 793sqq.‚
473 2691 504 2717 de
528 2690 629 2725 synodo
645 2689 816 2724 ‘quinisexta’
839 2698 864 2716 α.
884 2693 933 2715 692
960 2689 1061 2722 habita,
1087 2697 1154 2722 qaae
1178 2699 1195 2715 a
1221 2690 1330 2716 Graecis
1354 2690 1514 2716 universalis
1535 2689 1704 2723 praedicata,
1723 2698 1741 2716 a
1760 2689 1872 2715 Latinis
1894 2696 1952 2714 vero

298 2734 398 2761 abiecta
417 2737 463 2765 est,
482 2734 516 2765 cf.
530 2733 593 2760 ibid.
607 2733 668 2766 III,
680 2736 731 2760 328
738 2741 793 2766 sqq.

1977 612 2000 630 10

1977 928 2001 947 15

1978 1185 2003 1204 2⁰

1977 1442 2003 1462 25

1977 1704 2002 1723 30

1978 2045 2003 2064 3⁵

1978 2311 2004 2330 ⁴0

1980 2524 2004 2543 45

1980 2736 2004 2755 5⁰

2172 1883 2189 1916 ⁸⁸„-
