2189 3042
628 140 805 166 IOHANNIS
825 139 898 166 VIII.
918 140 1036 166 PAPAE
1058 140 1257 167 EPISTOLAE
1278 141 1320 167 49,
1339 141 1380 167 50.
1787 145 1826 173 47

308 244 479 270 IOHANNES
503 243 647 268 IOHANNI
671 242 920 275 RAVENNANT11,
945 245 1121 270 ANSPERTO
1143 244 1418 270 MEDIOLANENSI²
1441 245 1484 269 ET
1504 245 1698 270 VUAIPERTO

738 287 971 318 AQUILEIENSI³
990 288 1274 312 ARCHIEPISCOPIS.

288 338 395 369 Sancti
418 337 590 378 magnique
614 337 727 368 Niceni
750 337 874 368 concilii
898 341 1051 378 precepta
1075 338 1190 377 secuti,
1215 349 1275 379 que
1299 337 1429 368 iubent*
1453 338 1634 379 regularem
1658 339 1827 379 epistolam

180 403 230 428 per
253 402 480 427 unamquamque
503 393 677 427 provinciam
702 393 865 425 obtineri,
890 402 931 419 ne
955 394 995 426 hi,
1020 394 1068 427 qui
1091 394 1259 425 abiciuntur,
1289 394 1323 420 ab
1347 393 1409 420 aliis
1433 394 1613 428 recipiantur,
1637 390 1828 421 fraternitati

150 455 161 473 5
180 444 284 482 vestre
309 444 419 471 notum
443 450 513 471 esse
530 439 686 478 volumus,
707 439 907 470 Adelardum
923 439 1143 472 Veronensem
1168 441 1353 481 episcopum
1377 442 1567 472 auctoritate
1591 441 1675 472 sedis
1698 446 1827 482 aposto-

180 493 239 533 lice
256 492 416 533 privilegii
440 491 662 522 communione
679 491 848 531 privatum,
869 493 1019 532 quoniam
1044 492 1212 532 cenobium
1228 491 1419 532 Nonantule,
1445 492 1530 533 quod
1554 503 1681 533 semper
1696 496 1826 534 aposto-

179 543 238 584 lice
263 543 348 574 sedis
373 545 406 573 et
427 545 533 582 nostre
556 543 656 583 ipsius
680 543 878 573 auctoritatis
901 543 1090 585 privilegio⁵
1106 544 1262 574 munitum
1287 544 1403 574 nullius
1427 544 1598 575 invasionis
1621 546 1827 585 usurpatione

180 594 392 633 detinebatur,
416 593 474 624 sed
497 594 595 624 solius
617 593 782 634 hucusque
807 594 932 625 abbatis
957 605 974 625 e
998 595 1120 636 gremio
1145 595 1279 625 fratrum
1304 595 1397 625 electi
1422 598 1518 636 atque
1540 596 1655 636 prelati
1678 596 1826 627 modera-

179 647 264 677 mine
288 645 470 686 regebatur,
495 645 651 686 subripuit
671 646 800 686 suisque
824 645 943 685 usibus,
968 647 1118 677 coartatis
1135 649 1281 677 extrema
1298 649 1442 687 egestate
1459 647 1633 686 monachis,
1655 647 1828 688 applicavit

136 710 160 729 ιο
180 701 212 729 et
240 701 371 728 eatenus
400 697 496 728 etiam
526 700 598 737 post
625 696 774 738 frequens
802 697 1006 728 interdictum
1030 701 1171 728 nostrum
1198 698 1380 738 opprimere
1405 698 1658 739 seculariumque
1682 698 1827 729 manibus

179 749 381 790 dispertitum
398 747 536 788 prodere
561 758 623 778 non
640 748 799 789 formidat,
825 751 935 779 contra
951 752 1131 780 sanctorum
1148 752 1274 790 patrum
1295 749 1443 789 regulas⁰
1459 759 1518 780 nec
1533 760 1596 780 non
1621 753 1653 780 et
1676 750 1827 781 adversus

179 801 354 841 apostolice
378 800 463 831 sedis
487 802 520 830 et
542 800 640 830 totius
663 803 772 840 sancte
797 800 930 841 synodia
947 794 1148 839 sententiani,
1173 811 1267 840 quam
1292 800 1394 830 missis
1418 810 1475 840 per
1491 801 1631 841 singulas
1648 802 1826 842 provincias

178 852 293 883 litteris
316 854 424 882 notam
441 850 531 881 vobis
555 851 700 882 omnibus
724 851 857 882 fecimus
867 852 887 887 7,
912 853 943 882 in
967 852 1221 883 communionem
1239 854 1313 891 post
1334 854 1476 882 nostram
1493 862 1619 892 quoque
1637 852 1825 892 prohibitio-

178 914 251 934 nem
281 913 339 944 per
365 903 478 933 missos
506 905 630 933 nostros
658 905 690 933 et
717 903 825 943 apices
853 903 1018 943 sepissime
1049 902 1255 942 destinatam,
1286 903 1404 942 passim
1433 903 1556 943 recepit
1586 906 1617 934 et
1644 903 1675 933 in
1706 904 1826 934 cunctis

137 967 160 985 ιε,
179 954 390 995 pravitatibus
425 954 492 984 eius
526 954 669 984 conscius
704 956 736 984 et
770 953 876 984 fautor
909 954 1067 994 apparuit.
1127 953 1484 984 Excommunicavimus
1518 955 1614 994 igitur
1647 954 1825 995 predictum

178 1005 377 1036 Adelardum
401 1004 621 1036 Veronensem
651 1005 852 1046 episcopum,
886 1005 987 1035 donec
1020 1005 1052 1035 in
1079 1005 1273 1045 presentiam
1302 1005 1387 1035 sedis
1419 1005 1594 1045 apostolice
1625 1006 1754 1037 veniens
1785 1006 1825 1037 de

175 1056 393 1098 predictorum
418 1067 607 1087 excessuum
631 1057 786 1098 qualitate
809 1056 959 1087 idoneam
983 1056 1234 1087 satisfactionem
1259 1066 1368 1086 coram
1392 1057 1513 1096 positus
1541 1056 1734 1090 exhibuerit:
1764 1068 1825 1098 quq

176 1109 201 1139 si
232 1108 473 1149 contempserit,
506 1108 646 1139 existens
674 1109 801 1139 interim
832 1108 969 1138 existet¹'
998 1117 1056 1148 per
1086 1107 1193 1138 omnia
1224 1108 1446 1138 communione
1477 1108 1545 1138 iure
1574 1109 1727 1148 privatus,
1757 1110 1825 1149 pari

178 1158 303 1190 vinculo
327 1159 474 1190 irretiens
498 1169 623 1199 omnes,
648 1160 701 1200 qui
730 1159 788 1190 sibi
817 1159 1121 1189 communicaverint
1143 1159 1194 1189 vel
1222 1162 1332 1189 contra
1355 1158 1558 1189 interdictum
1582 1162 1724 1190 nostrum
1748 1170 1827 1190 ausu

133 1223 158 1242 20
178 1212 349 1242 temerario
367 1210 513 1242 faverint.
551 1211 645 1242 Unde
662 1221 717 1242 vos
733 1213 843 1242 cautos
866 1209 1003 1241 reddere
1022 1210 1176 1249 volumus,
1201 1210 1226 1240 si
1250 1220 1313 1240 non
1329 1210 1423 1240 vultis
1445 1211 1505 1251 ipsi
1523 1210 1629 1242 eidem
1652 1211 1826 1242 secundum

177 1262 305 1304 regulas
329 1273 435 1293 sacras
458 1262 623 1293 subiacere
647 1262 774 1293 iudicio.
822 1261 979 1302 Optamus
1002 1261 1237 1293 fraternitatem
1261 1264 1293 1293 et
1316 1264 1432 1293 cetera.

975 1414 1026 1442 50.

286 1471 445 1503 Iohannes
462 1470 559 1502 VIII.
570 1481 660 1510 papa
681 1470 760 1502 oleo-o
779 1470 947 1502 Veronensi
969 1471 1084 1502 eisdem
1103 1471 1174 1512 fere
1196 1471 1295 1503 verbis
1311 1472 1362 1511 (nt
1376 1482 1407 1503 n.
1420 1472 1476 1512 49)
1492 1472 1688 1503 Adelardum
1710 1472 1825 1511 episco-

171 1533 252 1562 pum
274 1523 575 1554 excommnnicatmn
598 1523 774 1554 denuntiat.
1502 1525 1545 1554 87
1548 1526 1567 1554 7
1589 1524 1669 1563 Apr.
1686 1525 1736 1555 28.

288 1586 362 1613 (lod..-
389 1586 415 1613 R
433 1588 507 1620 fl24¹
526 1595 553 1613 n.
567 1590 608 1613 50.

133 1646 159 1666 25
281 1638 367 1664 Eam..-
394 1638 487 1664 Editio
502 1638 628 1664 Romana
646 1638 735 1672 (1591)
755 1638 814 1671 ΠΙ,
833 1641 882 1665 330
899 1647 927 1665 n.
938 1642 979 1665 49.
1018 1639 1111 1665 Mansi
1132 1640 1210 1665 Cooew.
1223 1639 1279 1666 coll,
1297 1638 1396 1670 XVII,
1414 1643 1446 1664 44
1465 1647 1492 1665 n.
1503 1643 1542 1665 49.
1580 1640 1674 1673 Miyne
1692 1640 1766 1666 Patr.
1780 1641 1824 1667 lat.

179 1681 264 1708 CXX
270 1682 316 1714 VI,
338 1684 386 1707 729
403 1689 431 1707 n.
447 1685 484 1707 76.
505 1696 537 1700 -
557 1681 635 1712 Jaffe'
655 1681 721 1714 ch.
734 1684 804 1708 3098
822 1682 918 1715 (2322).
956 1681 1029 1708 Kehr
1048 1682 1132 1708 Italia
1146 1682 1287 1715 pontificia
1306 1682 1335 1714 V,
1353 1685 1407 1708 337.

524 1765 696 1789 IOHANNES
719 1765 888 1790 UNIVERSO
911 1765 1021 1790 CLERO
1045 1765 1226 1801 ECCLESII}a
1244 1765 1479 1790 VERONENSISS.

284 1819 492 1860 Experientie
517 1822 620 1860 vestre
644 1823 753 1850 notum
778 1830 847 1851 esse
871 1819 1017 1850 volumus
1041 1820 1241 1851 Adelardum
1265 1820 1451 1861 episcopum
1472 1824 1611 1851 vestrum
1637 1821 1824 1851 auctoritate

176 1871 260 1903 sedis
292 1871 467 1912 apostolice
501 1872 725 1902 communione
756 1872 929 1912 privatum,
966 1873 1116 1913 quoniam
1149 1871 1315 1912 cenobium
1348 1871 1544 1912 Nonantule,
1581 1871 1666 1912 quod
1698 1882 1826 1913 semper

132 1935 158 1955 30
177 1923 354 1964 apostolice
383 1922 469 1953 sedis
497 1926 529 1953 et
555 1925 661 1963 nostre
686 1923 784 1963 ipsius
808 1923 1007 1953 auctoritatis
1030 1923 1198 1964 privilegio
1222 1923 1378 1953 munitum
1402 1923 1518 1953 nullius
1540 1923 1711 1953 invasionis
1734 1933 1825 1953 usur-

176 1974 326 2016 pationeb
351 1973 564 2014 detinebatur,
593 1974 650 2006 sed
674 1975 771 2005 solius
794 1974 956 2015 hucusque
981 1974 1105 2005 abbatis
1129 1984 1146 2005 e
1170 1975 1293 2015 gremio
1318 1975 1450 2005 fratrum
1474 1974 1569 2005 electi
1592 1977 1687 2015 atque
1711 1974 1825 2014 prelati

175 2026 396 2057 moderamine
420 2025 603 2067 regebatur,
633 2026 791 2067 subripuit
819 2027 947 2067 suisque
975 2025 1098 2066 usibus,
1128 2026 1279 2056 coartatis
1307 2029 1454 2056 extrema
1481 2029 1625 2067 egestate
1653 2026 1826 2066 monachis,

176 2078 349 2118 applicavit
373 2080 406 2108 et
429 2080 562 2108 eatenus
586 2077 683 2108 etiam
707 2080 779 2118 post
802 2077 953 2118 frequens
977 2077 1181 2108 interdictum
1205 2081 1347 2108 nostrum
1365 2078 1546 2119 opprimere
1571 2078 1825 2118 seculariumquc

175 2129 323 2160 manibus
346 2129 547 2170 dispertitum
572 2129 708 2169 prodere
734 2140 796 2160 non
821 2129 986 2169 formidat,
1016 2131 1126 2160 contra
1154 2132 1335 2160 sanctorum
1359 2133 1486 2170 patrum
1510 2129 1658 2170 regulas⁹
1681 2139 1740 2160 nec
1764 2139 1825 2159 non

132 2192 157 2211 35
177 2184 209 2211 et
233 2180 386 2212 adversus
410 2181 587 2221 apostolice
611 2180 696 2211 sedis
726 2184 758 2212 et
789 2181 886 2212 totius
915 2184 1023 2221 sancte
1053 2181 1166 2222 synodi
1195 2181 1386 2212 sententiam
1417 2181 1448 2212 in
1472 2182 1727 2212 communionem
1754 2185 1827 2221 post

177 2235 319 2263 nostram
337 2242 464 2273 quoque
488 2232 736 2273 prohibitionem
760 2242 818 2273 per
840 2233 953 2263 missos
976 2236 1101 2263 nostros
1125 2236 1157 2264 et
1181 2233 1288 2273 apices
1312 2233 1477 2273 sepissime
1495 2232 1685 2264 destinatam
1708 2233 1826 2274 passim

177 2283 299 2324 recepit
327 2286 360 2314 et
390 2284 422 2313 in
451 2284 570 2314 cunctis
600 2284 810 2324 pravitatibus
839 2285 908 2315 eius
936 2284 1080 2315 conscius
1109 2282 1153 2315 et*
1169 2284 1274 2315 fautor
1304 2285 1462 2325 apparuit.
1506 2283 1826 2315 Excommunicatum

177 2335 273 2376 igitur
297 2344 370 2366 eum
395 2335 522 2375 scitote,
548 2334 651 2366 donec
674 2336 706 2366 in
729 2337 924 2376 presentiam
948 2335 1032 2366 sedis
1056 2336 1231 2376 apostolice
1255 2337 1386 2366 veniens
1410 2335 1450 2366 de
1474 2335 1689 2376 predictorum
1713 2345 1824 2366 exces-

176 2397 268 2417 suum
292 2386 448 2427 qualitate
472 2386 623 2417 idoneam
653 2386 903 2418 satisfactionem
928 2397 1034 2418 coram
1063 2387 1185 2428 positus
1214 2386 1412 2424 exhibuerit;
1443 2398 1504 2428 que
1534 2387 1561 2417 si
1589 2388 1824 2428 contempserit,

132 2505 158 2523 4ο
281 2497 322 2524 49.
352 2497 375 2530 ²)
394 2506 461 2523 corr.
480 2507 511 2523 ea·
532 2499 630 2531 synodo
649 2499 675 2523 ni
693 2499 725 2524 R.
813 2498 837 2531 b)
855 2499 890 2524 sic
910 2499 947 2529 Β,-
966 2500 999 2532 cf.
1017 2508 1042 2524 η.
1058 2501 1089 2524 21
1103 2508 1131 2531 p.
1146 2502 1175 2524 19
1193 2500 1210 2525 Z.
1225 2502 1269 2524 19:
1286 2500 1392 2525 veniens
1411 2500 1506 2525 veniat.

280 2548 322 2574 50.
350 2548 373 2580 ³)
387 2550 502 2581 primum
520 2557 534 2574 c
553 2550 615 2575 add.
634 2559 716 2583 supra
734 2551 829 2575 lineam
847 2551 880 2576 R.
968 2550 993 2582 ¹²)
1012 2559 1059 2575 -ne
1081 2559 1149 2576 corr.
1167 2560 1198 2576 em
1217 2552 1271 2576 -nis
1290 2551 1321 2577 R.

281 2625 307 2657 1)
326 2624 445 2651 Iohanni
464 2625 506 2658 X,
523 2629 653 2652 350—78.
749 2626 776 2659 2)
800 2626 830 2652 V.
843 2634 926 2659 snpra
945 2634 971 2652 n.
986 2629 1025 2659 35,
1040 2634 1068 2659 p.
1082 2629 1116 2652 34
1134 2628 1226 2652 annot.
1242 2630 1263 2652 1.
1359 2626 1386 2657 3)
1412 2629 1529 2652 875—c.
1541 2628 1597 2651 899.
1683 2625 1711 2657 4)
1733 2624 1798 2650 Can.
1810 2629 1824 2650 5

178 2667 227 2700 (ed.
247 2667 344 2694 Mansi
362 2668 398 2694 II
401 2689 406 2700 ,
427 2669 497 2703 679).
585 2670 611 2700 5)
632 2668 673 2700 Cf.
692 2677 719 2694 n.
732 2672 773 2701 48,
788 2677 818 2702 p.
830 2672 865 2695 46
883 2672 977 2695 annot.
990 2672 1013 2695 3.
1095 2669 1122 2702 6)
1143 2669 1184 2700 Of.
1203 2677 1224 2694 c.
1238 2673 1270 2695 49
1288 2676 1358 2695 conc.
1371 2668 1575 2701 Constantinop.
1588 2667 1729 2700 quinisext,
1741 2671 1824 2693 &692

177 2711 288 2743 (Mansi
309 2710 363 2743 XI,
381 2712 450 2745 967).
532 2712 559 2744 7)
577 2711 622 2737 Ad
635 2711 752 2745 primm
769 2711 801 2738 dc
818 2711 906 2739 eadem
923 2720 952 2738 re
971 2712 1138 2743 sententiam,
1157 2711 1188 2738 cle
1205 2720 1258 2744 qun
1277 2711 1388 2737 notitiae
1405 2710 1510 2743 desunt,
1529 2718 1582 2736 sese
1599 2711 1694 2742 referre
1711 2709 1822 2736 ridetur.

132 2761 158 2781 45
177 2753 203 2787 8)
224 2753 266 2786 Cf.
284 2761 312 2780 n.
326 2757 367 2787 48,
388 2758 430 2781 49.
517 2755 544 2788 9)
569 2755 597 2782 V.
616 2758 708 2782 annot.
721 2759 743 2782 6.
