2189 3042
629 163 807 190 IOHANNIS
824 163 899 189 VIII.
920 162 1037 189 PAPAE
1060 161 1259 188 EPISTOLAE
1281 162 1323 189 44.
1341 162 1383 189 45.
1786 166 1825 193 423

184 250 352 290 credimus,
376 251 439 281 aeti
462 250 562 282 semel
585 250 770 291 elegimus1‚
792 253 947 291 perpetuo
972 253 1123 290 tanquam
1145 249 1244 279 filium
1268 248 1469 279 karissimum
1487 249 1571 279 omni
1588 253 1705 280 conatu
1721 249 1826 290 diligi-

183 312 263 342 muS,
290 302 335 333 ita
357 305 392 332 ut
414 302 512 342 ipsius
535 302 654 332 amicos
677 305 709 332 et
731 302 875 333 inimicos
897 304 1022 332 nostros
1045 300 1164 332 amicos
1187 303 1220 331 et
1242 300 1386 331 inimicos
1411 301 1548 331 existere
1573 303 1747 332 teneamus.
1794 300 1828 332 Si

184 363 247 394 qua
262 363 338 384 vero
354 356 426 384 sunt
441 353 532 384 vobis
555 353 595 384 ab
615 354 682 384 eius
702 353 872 384 clementia
895 352 1107 393 impetranda,
1131 362 1190 393 per
1205 362 1272 391 nos„
1297 351 1464 392 credimus⁷
1490 362 1561 382 eum
1576 352 1666 382 vobis
1689 352 1826 393 libuerit,

183 403 388 435 indifficulter
411 405 556 445 optinere
580 404 741 440 valebitis;
766 404 851 445 quod
875 406 907 435 et
930 414 987 435 nos
1010 403 1219 434 libentissime
1242 414 1299 444 pro
1323 404 1478 434 memoria
1498 404 1600 444 prisce
1624 403 1828 445 benignitatis

153 468 164 485 ει
183 458 287 495 vestre
306 465 464 496 gemmis,
489 459 521 486 et
544 455 630 486 idem
649 456 718 496 pius
735 458 887 496 augustus
911 466 967 496 pro
984 455 1045 486 Dei
1069 458 1315 495 sanctorumque
1341 455 1569 495 apostolorum,
1594 455 1650 486 sed
1674 459 1706 486 et
1729 455 1827 486 nostri

184 506 354 537 dilectione
377 507 483 537 animo
499 508 637 547 gratanti
657 506 820 537 concedet.
861 507 1018 547 Optamus
1035 506 1239 537 dilectionem
1256 509 1394 536 vestram
1412 506 1495 537 bene
1518 506 1550 536 in
1567 506 1692 537 Christo
1709 507 1828 545 valere⁷

185 557 391 589 dilectissima
414 558 488 588 filia.

288 619 382 642 DATA
401 619 444 643 VI.
462 618 646 642 KALENDAS
665 619 812 649 APRILIS,
832 618 1032 642 INDICTIONE
1056 618 1194 642 DECIMA.

981 815 1031 844 45.

291 881 448 912 Iohannes
471 880 567 913 VIII.
589 892 679 921 papa
703 881 850 922 IViqbodo
878 882 1018 922 episcopo
1041 880 1208 912 Parmensi
1238 881 1281 911 ad
1309 880 1493 920 colloquium
1521 891 1614 912 smmi
1642 883 1831 921 qucmtooius

142 945 166 963 ιο
184 931 354 963 accelerare
370 932 544 971 praecipi&
567 933 712 972 epistolas
733 944 810 965 suas
833 934 901 974 (nn.
918 935 969 971 43,
992 934 1048 973 44)
1072 933 1125 968 eis,
1148 933 1262 972 quibus
1285 932 1420 963 directae
1442 933 1515 970 sint,
1539 934 1699 972 asportari
1714 933 1829 974 faciat.

1488 985 1550 1014 877
1575 984 1675 1016 Mart.
1691 985 1742 1016 27.

296 1050 371 1077 Colla
400 1051 426 1078 R
443 1053 464 1085 f.
478 1054 520 1077 22¹
540 1060 567 1078 iz.
580 1056 622 1078 45.

286 1106 369 1132 Edd.:
396 1107 491 1133 Editio
504 1107 630 1133 Romana
648 1108 737 1141 (1591)
756 1108 812 1140 III,
831 1111 881 1134 326
899 1116 925 1134 n.
939 1112 979 1134 44.
1016 1107 1111 1133 Μιιηεί
1131 1106 1207 1133 Cone.
1220 1106 1275 1132 coll.
1290 1106 1320 1131 X
1327 1106 1389 1138 VII,
1408 1110 1441 1133 40
1459 1116 1485 1132 n.
1498 1111 1539 1133 44.
1579 1107 1672 1140 Miyne
1692 1108 1768 1134 Patr.
1783 1108 1827 1134 lat.

186 1149 323 1182 CXXVI,
345 1153 391 1176 721
409 1158 436 1176 η.
451 1154 489 1176 67.
509 1165 540 1169 --
560 1150 636 1182 Jctfft}
654 1151 721 1184 Req.
734 1153 801 1178 3086
818 1151 910 1184 (2315).

141 1248 165 1267 15
498 1236 683 1270 (IOHANNES
704 1236 918 1270 EPISCOPUS)*
938 1238 1113 1262 VVIGBODO
1135 1237 1298 1262 EPISCOPO
1321 1238 1493 1262 PARMENSI
1501 1237 1519 1262 ².

290 1291 477 1324 Devotionis
500 1296 553 1333 tue
577 1293 710 1324 affectus
732 1303 795 1324 non
818 1293 907 1323 inscii
929 1296 1037 1333 grates
1060 1292 1234 1333 condignas
1257 1292 1496 1332 rependimus³;
1521 1293 1595 1334 quia
1615 1303 1690 1324 vero
1714 1294 1829 1324 saneti-

183 1346 283 1374 tatem
300 1343 430 1375 dolereb
446 1348 534 1375 tuam
557 1346 778 1386 cognoscimus
801 1355 858 1385 pro
883 1354 932 1384 eo,
958 1344 1043 1386 quod
1066 1354 1086 1375 a
1108 1343 1199 1374 nobis
1223 1343 1319 1374 nichil
1343 1344 1404 1374 sibi
1427 1344 1548 1375 laboris
1571 1344 1761 1385 iniungatur,
1786 1345 1829 1376 nil

184 1405 254 1426 esse
284 1397 409 1427 noveris
436 1397 532 1437 aliud,
562 1397 635 1437 nisi,
664 1397 738 1438 quia
767 1397 911 1427 novimus
942 1398 974 1427 te
1001 1395 1109 1426 multis
1138 1395 1231 1426 huius
1261 1396 1415 1437 temporis
1443 1396 1657 1436 procellarum
1684 1397 1831 1428 fluctibus

182 1448 349 1478 irretitum.
384 1447 505 1479 Verum
522 1448 596 1489 quia
617 1448 708 1479 nobis
731 1448 832 1479 multa
853 1447 1008 1478 incumbit
1022 1448 1196 1478 necessitas
1219 1450 1252 1478 et
1274 1450 1330 1478 tua
1345 1447 1584 1488 promptissima
1600 1447 1700 1479 claret
1715 1448 1828 1479 alacri-

139 1507 164 1526 20
182 1501 244 1539 tas,
274 1499 448 1539 hortamur,
476 1502 525 1539 ut,
549 1509 768 1541 quoscumque
792 1502 884 1540 potes
907 1502 940 1530 et
961 1498 1267 1540 quomodocunque0
1290 1502 1397 1540 potes,
1428 1498 1469 1529 ad
1493 1498 1714 1530 defensionem
1737 1499 1830 1529 huius

182 1553 289 1591 sancte
305 1551 489 1592 principalis
513 1551 645 1591 ecclesie
661 1551 800 1582 filiorum
824 1551 955 1590 excites,
979 1550 1092 1581 incites
1116 1553 1158 1591 et,
1182 1554 1276 1591 prout
1302 1551 1476 1581 necessitas
1499 1553 1623 1592 urguet,
1648 1550 1829 1591 impellas<¹3

182 1601 239 1632 sed
263 1605 296 1633 et
317 1603 386 1643 ipse
410 1612 481 1633 cum
498 1602 556 1643 his,
581 1603 634 1644 qui
658 1602 715 1633 tibi
739 1602 921 1642 adherente,
946 1602 987 1632 ad
1004 1602 1198 1643 colloquium
1221 1604 1363 1632 nostrum
1387 1601 1569 1633 accelerare
1593 1612 1633 1632 ne
1657 1602 1829 1643 pigriteris,

183 1653 346 1694 q11afinusf
376 1655 536 1685 communi
570 1654 702 1685 consilio
737 1653 912 1685 auxiliante
942 1653 1013 1684 Deo
1048 1663 1127 1694 gens
1160 1653 1259 1694 impia
1293 1654 1408 1684 nostris
1444 1653 1626 1684 eliminetur
1658 1664 1675 1684 e
1704 1653 1828 1685 finibus.

181 1705 254 1736 Hoc
278 1709 339 1745 est,
363 1705 450 1747 quod
474 1706 646 1747 exigimus,
678 1706 739 1737 hoc
763 1709 824 1746 est,
854 1705 939 1746 quod
963 1708 1037 1736 ante
1067 1705 1199 1746 speciali
1223 1705 1314 1736 votos
1336 1705 1548 1746 deposcimus.
1596 1705 1665 1745 Quq
1689 1715 1764 1736 vero
1789 1705 1829 1736 de

139 1770 163 1789 25
181 1756 364 1788 mittendis&
381 1757 559 1798 quibusque
576 1757 690 1788 litteris
713 1758 828 1788 nostris
851 1766 1025 1798 suggerere
1041 1757 1179 1795 voluisti,
1203 1757 1285 1788 votis
1308 1757 1380 1796 tuis,
1403 1759 1498 1797 prout
1520 1757 1674 1797 temporis
1694 1757 1830 1798 qualitas

183 1811 215 1839 et
238 1818 406 1839 causarum
429 1808 623 1849 dispensatio
648 1809 817 1849 concessit,
848 1811 1012 1850 gratanter
1035 1808 1202 1839 annuimus
1226 1812 1258 1839 et
1287 1819 1349 1839 non
1373 1809 1477 1839 solum
1505 1808 1581 1847 hoc,
1611 1808 1667 1839 sed
1698 1810 1743 1848 et⁷
1768 1819 1829 1849 que

181 1870 362 1900 possumuS‚
392 1863 480 1891 tanto
509 1861 592 1891 circa
615 1861 857 1892 sanctimoniam
881 1863 969 1891 tuam
993 1860 1147 1891 exhibere
1171 1860 1321 1891 libentius
1343 1860 1502 1899 volumus,
1527 1862 1645 1900 quanto
1669 1859 1750 1890 hanc
1772 1870 1828 1900 pre

182 1912 297 1942 ceteris
319 1911 380 1942 illis
408 1912 440 1942 in
462 1911 607 1953 partibus
630 1912 808 1943 constitutis
835 1912 971 1943 alacrius
1001 1915 1033 1943 et
1061 1911 1243 1951 instantius,
1268 1922 1328 1952 que
1359 1914 1467 1942 nostra
1497 1914 1581 1951 sunt,
1609 1911 1726 1952 exequi
1755 1921 1829 1942 eon-

182 1963 384 2005 templamur.
429 1963 574 2004 Epistole
598 1966 707 1995 autem
733 1964 833 2005 ipse-3,
862 1963 977 2005 quibus
1005 1964 1101 1994 misse
1130 1964 1205 2003 sint,
1236 1963 1504 2004 superscriptione
1534 1973 1644 1993 earum
1674 1964 1828 1993 monstra-

138 2027 163 2046 30
181 2014 297 2056 bum-1¹,
321 2025 401 2056 quas
423 2015 492 2056 ipse
509 2015 620 2056 procul
636 2015 732 2046 dubio
757 2015 797 2046 ad
818 2025 883 2055 eos,
901 2014 1014 2056 quibus
1038 2014 1158 2055 directe
1182 2017 1263 2054 sunt,
1287 2014 1399 2045 faciesi
1415 2015 1582 2055 asportari.
1620 2014 1697 2045 Esto
1720 2014 1829 2055 itaque

182 2066 256 2097 fisus
282 2068 316 2098 in
338 2067 430 2098 nobis
453 2069 485 2098 et
507 2067 651 2098 ‘viriliter
673 2077 734 2108 age
759 2070 791 2098 et
814 2066 1011 2098 confortetur
1034 2076 1089 2097 cor
1111 2069 1200 2097 tuum
1224 2069 1256 2097 et
1279 2067 1399 2097 sustine
1422 2065 1607 2097 Dominum³
1630 2069 1663 2096 et
1685 2065 1828 2106 ‘accinge
1842 2064 1880 2110 {2⁵13
1890 2066 2034 2115 {33540'2'

182 2119 262 2149 sieut
277 2119 324 2149 vir
339 2118 466 2149 lumbos
482 2118 564 2149 tuos³
586 2121 619 2149 et
639 2118 794 2156 accelera,
818 2121 853 2149 ut
876 2118 1082 2149 dilectionem
1103 2121 1192 2148 tuam
1212 2118 1357 2158 superius
1374 2117 1636 2149 commonuimus.
1672 2116 1829 2157 Optamus

182 2170 384 2201 sanctitatem
408 2173 496 2201 tuam
520 2173 553 2201 et
576 2172 693 2201 cetera.

286 2239 381 2263 DATA
399 2239 443 2264 VI.
462 2239 645 2264 KALENDAS
667 2239 812 2270 APRILIS,
831 2238 1031 2263 INDICTIONE
1049 2239 1080 2262 X.

139 2494 163 2513 35
284 2486 310 2518 ’ἢ
329 2485 393 2512 add.
411 2493 483 2511 man.
503 2485 654 2511 correctoris
673 2485 705 2512 R.

285 2563 327 2590 45.
355 2563 379 2596 ⁸)
398 2564 555 2596 repsi-dimus
573 2563 606 2589 R.
702 2562 727 2596 b)
746 2572 813 2589 corr.
830 2572 860 2589 ex
879 2564 964 2589 dolore
982 2564 1014 2589 R.
1111 2563 1134 2595 c)
1153 2572 1220 2589 corr.
1239 2572 1269 2589 ea:
1287 2563 1531 2595 quomodoscunque
1549 2561 1581 2586 R.
1680 2560 1705 2591 d)
1724 2568 1736 2584 s
1759 2568 1825 2584 corr.

183 2615 213 2631 ex
230 2610 241 2631 t
259 2606 290 2631 R.
370 2606 394 2638 Θ)
413 2610 458 2632 -nt
474 2607 502 2631 in
519 2615 572 2632 rae.
592 2606 624 2632 R.
703 2605 722 2637 f)
741 2605 1016 2639 (quati)nus—v0(to)
1035 2607 1062 2631 ἰη
1080 2614 1132 2632 ras.
1152 2606 1184 2631 R.
1264 2605 1289 2637 8)
1308 2614 1334 2630 -s
1354 2614 1420 2630 corr.
1434 2613 1464 2629 ca:
1481 2609 1491 2630 t
1511 2605 1542 2629 R.
1622 2602 1646 2635 ¹¹)
1666 2602 1825 2632 monstrabit,

182 2650 199 2674 b
219 2658 285 2674 corr.
299 2657 329 2674 eoe
346 2657 364 2674 u
383 2648 415 2674 R.
502 2647 520 2681 i)
540 2657 608 2674 corr.
621 2657 651 2674 eac
669 2650 748 2675 facias
766 2649 798 2675 R.

287 2735 311 2767 1)
332 2733 395 2760 Scil-
407 2733 438 2759 in
454 2733 646 2766 imperatorem.
717 2734 742 2767 2)
763 2733 802 2766 Cf.
816 2742 842 2760 n.
853 2736 896 2767 28,
913 2742 941 2767 1²-
952 2737 984 2760 26
996 2735 1088 2759 annot.
1100 2737 1122 2759 3.
1194 2732 1220 2764 3)
1240 2731 1433 2758 Ρναεεειῐεηιεε
1446 2730 1516 2756 duas
1528 2730 1652 2763 epistolas
1670 2737 1717 2755 nn.
1728 2731 1767 2760 43,
1781 2732 1823 2761 44,

140 2784 166 2803 40
185 2776 273 2802 eadem
291 2775 333 2802 die
351 2776 471 2809 scriptas,
490 2776 611 2803 indicare
629 2776 740 2803 videtur.
