2189 3042
287 134 348 163 438
493 125 685 153 ANASTASH
707 124 1002 152 BIBLIOTHECARH
1020 123 1220 151 EPISTOLAE
1240 123 1320 150 SIVE
1338 121 1616 149 PRAEFATIONES
1634 122 1675 149 15.
1690 124 1729 149 16.

286 217 400 248 Latine
425 213 595 245 translatus
618 212 669 243 hie
689 211 867 252 paucior-ee,
892 210 974 242 illie¹¹
999 210 1140 251 plurales
1153 209 1283 241 sillabas
1307 212 1518 251 generaturus
1543 212 1636 248 esset,
1662 218 1723 239 non
1746 211 1855 249 aptam
1879 218 1938 239 nec

287 276 435 298 sonoram
460 268 570 296 cantus
594 263 771 294 armoniam
796 262 954 294 redderet.
991 261 1112 293 Verum
1144 264 1176 293 et
1205 262 1230 291 si
1259 260 1321 292 hoe
1350 261 1427 292 mihi
1458 271 1477 292 a
1506 263 1549 301 te,
1580 271 1597 291 o
1622 261 1669 290 vir
1697 259 1938 298 desideriorum,

288 318 470 359 imponitur,
495 315 666 357 aggrediar
681 314 752 346 Deo
770 314 942 355 praeduce,
967 313 1052 355 quod
1075 313 1222 353 hortaris,
1247 313 1322 354 quia
1346 312 1404 344 etsi
1429 312 1483 343 alii
1506 323 1568 343 non
1585 310 1736 352 profuere
1758 310 1939 351 scribendo,

289 369 364 401 mihi
405 373 510 399 tamen
547 367 683 408 prodero
719 365 833 397 saltem
868 365 1081 397 oboediendo
1140 364 1293 396 Ceterum
1326 364 1400 396 nolo
1439 363 1681 395 sanctimoniam
1716 367 1804 394 tuam
1838 363 1939 394 latere

289 421 453 462 scripsisse
478 420 608 450 beatum
626 418 827 449 Clementem
845 417 1015 459 quaedam,
1040 427 1122 459 quae
1147 416 1189 448 ad
1212 419 1353 448 nostram
1369 416 1515 448 notitiam
1539 415 1679 447 nondum
1704 424 1832 455 venere,
1857 424 1941 456 quae

287 472 461 504 admodum
490 473 618 502 sanctus
640 470 803 501 Dionisius
826 469 1033 510 Ariopagites
1062 468 1209 500 meminit
1231 467 1431 499 Athenarum
1462 468 1653 509 episeopus²
1685 470 1717 498 et
1745 466 1858 498 beatus
1888 466 1941 497 Io-

287 525 408 556 hannes
433 521 736 563 Scithopolitanusz
766 521 854 552 cuius
879 521 1023 552 doctrina
1046 521 1129 551 inter
1152 522 1245 561 gesta
1267 519 1425 551 sinodalia
1447 519 1606 560 reperitur
1617 519 1638 559 ³,
1667 528 1801 560 quorum
1831 527 1942 549 sensus

289 586 386 618 super
408 575 469 606 hae
493 574 731 606 circumstantia
754 573 818 604 iam
843 572 963 603 dudum
988 571 1178 603 translatosb
1200 571 1344 603 invenies
1367 572 1399 602 in
1423 571 1533 603 codice
1562 571 1625 601 iam
1649 571 1819 602 memorati
1842 569 1943 601 sancti

292 627 428 659 Dionisii
451 626 649 657 Athenarum
675 624 855 656 antistitis4.
903 623 990 659 Quos
1020 626 1165 664 oportere
1189 626 1224 654 ut
1253 626 1285 654 et
1313 623 1374 664 ipsi
1404 633 1532 664 quoque
1563 622 1664 663 operi,
1695 621 1782 663 quod
1814 621 1853 652 de
1877 621 1943 652 vita

293 680 380 711 beati
405 677 580 710 Clementis
610 677 761 707 instantia
790 679 844 706 tua
867 674 1034 716 praedicto
1054 674 1171 706 Christi
1194 674 1291 705 levita
1320 673 1454 710 sudante
1478 673 1609 714 texitur,
1633 673 1820 704 inserantur.
1858 671 1942 708 Qua-

289 732 363 763 liter
386 733 494 762 autem
518 728 674 770 reliquiae
694 728 792 768 ipsius
815 736 944 768 semper
967 726 1168 758 memorandi
1185 725 1360 757 Clementis
1383 724 1496 757 erebro
1521 725 1605 756 dicto
1630 726 1814 766 asportante
1838 723 1943 765 philo-

291 782 393 824 sopho
418 783 449 813 in
472 780 611 812 Romam
635 779 760 811 delatae
785 782 883 820 atque
907 778 1091 810 reconditae
1114 780 1186 809 sunt
1196 778 1218 817 ⁵,
1243 788 1306 809 non
1334 787 1466 809 necesse
1496 777 1601 809 habeo
1631 776 1783 816 scribere,
1815 786 1888 807 cum
1912 778 1945 807 et

288 835 357 876 ipse
386 835 549 875 inspector
579 832 680 863 factus
711 841 773 862 non
804 830 927 861 nescias
959 833 991 861 et
1020 831 1155 871 scriptor
1184 830 1267 861 vitae
1301 828 1385 860 illius
1417 829 1543 860 silentio
1576 829 1657 860 sicut
1689 828 1848 860 credimus
1880 837 1943 858 non

290 888 482 929 praetereat.

1100 1048 1146 1076 16.

399 1107 594 1139 Anastasius
616 1105 867 1138 bibliothecarius
888 1105 1010 1136 Karoto
1034 1105 1162 1145 (Calvo)
1186 1104 1368 1143 imperatori
1389 1104 1570 1143 passionem
1593 1114 1616 1136 s.
1633 1103 1789 1136 Demetrii
1814 1104 1945 1135 Thessa-

293 1160 460 1192 lonicensis
481 1159 597 1190 Latine
619 1167 740 1189 versam
763 1157 867 1188 mittit.
1603 1157 1667 1187 876
1689 1155 1791 1186 Mart.
1806 1155 1859 1188 25.

394 1227 471 1254 God.:
490 1227 609 1259 Alenqon
624 1230 655 1251 10
667 1228 698 1258 (s.
712 1225 779 1252 XII
787 1225 837 1258 in.)
848 1226 870 1258 f.
886 1228 956 1257 103¹,
976 1225 1009 1256 ef.
1023 1225 1120 1251 ‘Gatat
1136 1225 1244 1258 uenerat
1256 1224 1300 1250 des
1320 1224 1387 1250 Mss.
1401 1224 1521 1257 De'part!
1536 1224 1579 1255 (in
1594 1224 1638 1256 8⁰)
1653 1223 1695 1255 II,
1707 1227 1756 1250 483
1774 1226 1798 1250 et
1812 1223 1845 1250 E.
1860 1223 1949 1249 Perets

291 1272 322 1296 *in
339 1270 438 1297 ‘Nemes
452 1268 559 1296 Archiv’
575 1268 736 1300 XXXVII,
750 1272 810 1300 800,
828 1268 910 1294 deser.
924 1269 957 1294 E.
973 1269 1061 1294 Perels
1078 1269 1123 1301 (=
1134 1269 1159 1294 Α
1158 1270 1172 1301 )
1178 1268 1201 1294 ⁸.

395 1322 449 1349 Ed.
463 1322 539 1348 deest.

402 1460 428 1492 ⁹⁶)
447 1461 542 1486 Altera
568 1459 670 1486 brevior
695 1459 811 1485 eiusdem
835 1459 1015 1492 praefationis
1041 1459 1130 1491 reo-sio,
1157 1467 1238 1491 qaam
1264 1466 1296 1484 ea·
1324 1458 1411 1486 codice
1431 1457 1604 1484 Braxellensi
1631 1465 1683 1491 regl-
1704 1461 1874 1485 8690-8702
1903 1457 1946 1491 (de

450 1503 542 1536 Gheyn
565 1504 639 1535 3213)
666 1502 696 1534 (s.
717 1501 801 1534 XII.)
825 1502 846 1534 f.
865 1504 905 1528 65¹
931 1501 1012 1527 edidit
1037 1501 1171 1528 Mabitton
1194 1501 1284 1528 Vetera
1302 1501 1435 1527 Analecta
1454 1505 1474 1527 1.
1494 1500 1532 1527 ecl.
1552 1501 1574 1532 I,
1590 1504 1625 1527 65
1643 1501 1685 1534 (=
1701 1504 1723 1527 2.
1742 1500 1782 1527 ed.
1798 1509 1828 1534 p.
1848 1504 1894 1527 172
1913 1513 1943 1523 =

445 1546 540 1580 Mifflw
559 1545 638 1572 Patr.
651 1545 697 1571 lat.
714 1544 853 1577 CXXIX,
869 1549 912 1571 715
926 1556 957 1567 =
970 1544 1096 1571 Bolland.
1106 1544 1178 1571 Aeta
1195 1544 1374 1570 Sanetorum³
1387 1547 1411 1570 8.
1444 1543 1533 1571 Oetob.
1547 1544 1566 1570 1
1569 1543 1599 1577 V,
1612 1546 1658 1574 87,·
1681 1545 1716 1576 cf.
1731 1543 1858 1570 Bouana.
1876 1543 1947 1570 Bibl.

445 1590 505 1623 hay.
519 1589 567 1614 lat.
580 1596 607 1614 n.
621 1588 706 1621 2122),
724 1588 767 1613 hic
783 1587 917 1614 addatur:

549 1630 653 1664 Incipit
668 1631 801 1664 prologus
814 1631 844 1656 in
857 1630 1015 1664 passionem
1029 1629 1118 1657 sancti
1131 1629 1265 1656 Demetrii
1284 1629 1422 1663 martyris
1452 1629 1569 1656 Domino
1582 1629 1707 1664 piissimo
1727 1632 1755 1656 et
1773 1629 1947 1663 tranquillis-

450 1674 519 1701 simo
538 1673 700 1708 imperatori
719 1673 821 1700 Karolo
840 1681 949 1707 semper
961 1674 1080 1708 augusto
1098 1672 1262 1700 Anastasius
1281 1672 1398 1707 exiguus
1417 1681 1548 1700 coronam
1567 1674 1596 1699 et
1615 1681 1732 1707 regnum
1750 1681 1813 1700 cum
1828 1672 1945 1700 Christo.

552 1717 633 1744 Beati
651 1717 788 1743 Demetrii
807 1716 1062 1743 Thessalonicensis
1081 1716 1212 1750 martyris
1238 1715 1395 1750 passionem
1420 1718 1506 1749 atque
1532 1715 1668 1743 miracula
1691 1715 1871 1742 hortantibus
1897 1716 1949 1742 fra-

445 1760 535 1788 tribus
554 1762 583 1787 et
601 1759 721 1786 maxime
740 1759 799 1786 viro
818 1759 990 1793 peritissimo
1010 1759 1131 1785 Iohanne
1145 1759 1262 1786 diacono
1277 1767 1359 1785 verae
1378 1758 1443 1786 fidei
1462 1758 1588 1793 puritate
1608 1767 1641 1786 ac
1660 1758 1797 1785 scientiae
1817 1759 1949 1786 claritate

447 1804 590 1831 notissimo
614 1811 702 1836 nuper
726 1802 759 1829 de
779 1802 866 1829 Greco
891 1802 921 1828 in
940 1802 1071 1829 Latinum
1096 1801 1229 1829 transtuli
1254 1810 1415 1829 sermonem.
1453 1802 1507 1832 Qui
1532 1802 1676 1836 praefatus
1702 1802 1840 1829 Iohannes
1867 1802 1950 1829 huius

447 1846 578 1879 martyris
596 1845 625 1871 in
644 1845 724 1872 domo
743 1845 856 1878 quidem
875 1853 925 1871 sua
943 1845 1030 1872 mirae
1048 1845 1230 1878 antiquitatis
1249 1846 1277 1871 et
1296 1844 1516 1878 pulchritudinis
1535 1845 1687 1872 oratorium
1705 1844 1841 1876 habebat;
1854 1846 1950 1872 tamen

446 1889 508 1923 quis
527 1889 579 1915 iste
598 1891 705 1922 martyr
717 1887 820 1915 Christi
839 1889 918 1920 esset,
944 1887 1103 1922 ignorabat.
1131 1887 1189 1922 Ego
1209 1895 1281 1919 vero,
1302 1887 1376 1914 sicut
1395 1889 1526 1922 expertus
1544 1897 1605 1915 sum
1623 1888 1699 1922 apud
1714 1888 1950 1920 Thessalonicam,

445 1932 493 1960 ubi
512 1931 668 1966 preciosum
687 1939 786 1965 corpus
804 1931 863 1957 eius
883 1931 1026 1957 eonditum
1044 1931 1152 1958 redolet
1177 1933 1207 1957 et
1229 1930 1378 1965 splendore
1405 1931 1601 1958 miraculorum
1628 1931 1760 1966 refulget,
1791 1931 1902 1958 innotui
1925 1931 1952 1958 ei

446 1985 496 2010 per
508 1974 639 2001 ordinem.
667 1974 720 2000 Sed
739 1973 805 2008 quia
823 1973 971 2008 imperium
992 1975 1114 2000 vestrum
1133 1973 1207 2000 tanti
1226 1973 1374 2008 agonistae
1392 1973 1517 2000 fraudari
1535 1974 1639 2001 notitia
1655 1974 1730 2006 novi,
1746 1974 1827 2001 vobis
1841 1983 1951 2008 quoque

445 2019 474 2045 id
501 2018 593 2052 ipsum
623 2020 779 2052 opportune
805 2017 918 2044 mittere
946 2017 1107 2051 procuravi,
1134 2016 1266 2050 quatinus
1293 2018 1386 2043 vestra
1415 2017 1581 2051 magnitudo
1610 2026 1676 2044 eum
1706 2017 1952 2045 intercessionibus

446 2063 603 2088 sanctorum
623 2062 652 2087 et
671 2059 820 2087 amicorum
841 2060 941 2094 (vrum
960 2062 988 2087 et
1007 2060 1074 2086 ami·
1093 2060 1123 2085 in
1141 2060 1252 2091 rasura)
1278 2059 1330 2086 Dei
1355 2059 1439 2087 istius
1458 2069 1568 2094 quoque
1594 2069 1676 2095 prece
1702 2061 1778 2095 apud
1796 2061 1885 2088 Deum
1904 2061 1952 2088 ob-

447 2106 536 2132 tinere
551 2105 673 2139 gratiam
693 2105 787 2132 valeat
806 2107 834 2131 et
852 2104 958 2139 perfrui
979 2106 1118 2132 mereatur
1130 2104 1221 2139 gloria
1240 2105 1418 2139 sempiterna.
1456 2104 1515 2131 Rex
1539 2113 1637 2139 regum
1662 2106 1691 2131 et
1717 2103 1844 2130 dominus
1863 2104 1949 2131 domi-

447 2148 575 2175 nantium
603 2156 717 2181 regnum
742 2149 864 2174 vestrum
889 2148 1004 2174 dextera
1032 2156 1082 2174 sua
1108 2149 1240 2182 protegat
1266 2150 1294 2175 et
1321 2148 1354 2174 de
1384 2147 1536 2181 temporali
1566 2147 1601 2174 ad
1630 2149 1775 2174 aeternum
1801 2147 1954 2173 transferat

450 2199 574 2225 regnum.
611 2190 737 2224 Explicit
755 2190 893 2225 prologus.
932 2190 1037 2224 Incipit
1058 2191 1157 2224 passio.

396 2279 420 2311 ⁵)
437 2280 475 2304 illi
493 2279 561 2307 cod.‚·
579 2287 623 2302 em.
637 2277 782 2303 Friedrich.
853 2277 878 2309 b)
897 2287 963 2304 corr.
978 2287 1007 2303 er
1026 2279 1180 2303 translantos
1199 2279 1253 2304 cod.
1320 2280 1342 2309 0)
1361 2282 1478 2311 opportet
1496 2279 1550 2303 cod.

400 2363 425 2395 1)
450 2362 491 2389 De
515 2362 615 2389 divinis
639 2362 792 2389 nominibus
817 2367 903 2396 cap.5
920 2367 935 2394 ς·
950 2367 972 2395 9,
997 2363 1033 2389 etl.
1053 2363 1143 2397 Miyne
1166 2364 1238 2389 Patr.
1255 2371 1296 2397 φ’.
1317 2362 1371 2395 ΠΙ,
1387 2365 1447 2395 824,
1465 2371 1483 2388 a
1508 2362 1644 2397 Dionysio
1677 2362 1824 2395 φιλόσοφος
1845 2361 1956 2395 Κλήμης

297 2408 514 2432 commemoratur
532 2406 599 2440 (seit.
616 2405 730 2432 Clemens
748 2405 971 2439 Alexandrinus).
1076 2406 1103 2439 2)
1128 2405 1164 2432 In
1188 2406 1296 2438 scholio,
1321 2405 1392 2439 qaod
1414 2414 1432 2431 a
1464 2405 1587 2431 Maximo
1609 2404 1764 2439 Confessore
1787 2407 1812 2431 et
1831 2404 1955 2430 Iohanne

297 2448 514 2483 Scythopolitano
530 2449 702 2482 compositam
719 2450 813 2483 feriar,
830 2448 879 2475 hoe
897 2449 953 2475 loco
971 2448 1120 2475 adnotatur
1138 2449 1246 2483 (Miqne
1260 2449 1336 2475 Patr.
1350 2456 1390 2483 qr.
1405 2448 1458 2482 IV,
1475 2451 1525 2475 329
1534 2448 1589 2482 B):
1613 2447 1723 2481 παράγει
1740 2447 1827 2481 μέντοι
1846 2447 1891 2473 καὶ
1911 2447 1955 2473 τὸν

296 2491 428 2525 μακάριον
446 2492 591 2526 Κλήμενῑα,
613 2492 646 2518 οὗ
668 2492 795 2526 μέμνηται
819 2491 834 2517 ὁ
857 2491 1007 2524 ἀπόστολος,
1034 2492 1138 2518 εἰπόντα
1165 2495 1210 2519 etc.
1225 2500 1256 2525 p.
1270 2495 1320 2518 329
1334 2491 1377 2518 D:
1401 2491 1454 2517 πόῦ
1472 2491 1502 2517 δὲ
1521 2494 1601 2518 ταῦτα
1619 2490 1690 2517 εἶπεν
1711 2491 1726 2516 ὅ
1745 2491 1817 2524 ἅγιος
1836 2491 1955 2525 Κλήμης,

298 2534 348 2561 οὐκ
366 2534 491 2568 ἐδήλωσε.
601 2536 628 2567 3)
650 2535 691 2570 Of.
705 2535 801 2561 Mansi
821 2534 900 2562 Cone.
913 2534 971 2561 coll.
987 2534 1023 2565 X,
1037 2538 1108 2567 1107,
1130 2535 1186 2567 XI,
1199 2538 1256 2562 438.
1369 2535 1396 2567 4)
1416 2534 1457 2560 Ab
1476 2534 1534 2568 ipso
1556 2534 1705 2561 Anastasio
1725 2541 1804 2566 verso,
1823 2536 1858 2568 ef.
1870 2541 1956 2567 supra

298 2586 325 2604 n.
339 2581 378 2605 13.
417 2577 459 2612 Cf.
472 2578 530 2606 eod.
544 2578 663 2606 Berotin.
679 2578 760 2605 Phili.
774 2578 820 2605 lat.
833 2581 900 2604 1668
917 2577 1003 2610 (Rose
1021 2579 1064 2611 46)
1081 2578 1103 2611 f.
1118 2579 1161 2604 87¹
1172 2579 1234 2611 (84¹)
1242 2577 1350 2605 Profert
1368 2578 1463 2604 autem
1482 2578 1511 2604 et
1528 2578 1657 2604 sanctum
1679 2576 1858 2609 Clementem,
1878 2577 1956 2604 cuius

300 2621 427 2648 meminit
445 2622 597 2656 apostolus,
621 2621 725 2656 quique
743 2621 829 2648 Rome
853 2620 956 2648 tercius
976 2629 992 2648 a
1010 2622 1107 2648 sancto
1127 2621 1209 2648 Petro
1235 2621 1383 2656 episeopus
1407 2620 1469 2653 fuit,
1495 2619 1634 2648 dicentem
1653 2640 1659 2647 .
1675 2642 1680 2647 .
1694 2641 1701 2648 .
1729 2619 1785 2647 Ubi
1811 2628 1876 2647 uero
1900 2619 1956 2647 ista

301 2664 377 2691 dieat
395 2664 529 2696 Clemens,
554 2665 675 2692 nondum
701 2664 768 2700 legi.
807 2664 871 2690 Cam
894 2664 957 2690 hnic
979 2664 1078 2690 scholio
1095 2664 1203 2698 siqnztm
1227 2664 1316 2691 erasis
1339 2672 1395 2690 non
1420 2663 1572 2697 appositam
1595 2663 1638 2696 sit,
1670 2671 1726 2690 non
1744 2662 1864 2690 Maximi
1888 2663 1957 2689 Con-

301 2707 419 2739 s'essoris,
436 2708 482 2734 sed
499 2708 632 2735 Iohannis
652 2707 863 2742 Seythopolitani
880 2714 931 2733 esse
944 2707 1108 2733 Anastasius
1126 2707 1265 2740 indicavit,
1290 2709 1326 2741 ef.
1345 2715 1431 2740 snpra
1442 2715 1469 2734 n.
1482 2709 1547 2740 1312.
1561 2709 1609 2733 432
1627 2707 1643 2734 l.
1656 2709 1697 2734 20,
1805 2707 1832 2739 5)
1850 2706 1885 2732 Α.
1897 2709 1959 2739 868,

299 2752 334 2784 cf.
350 2750 486 2779 Translat.
504 2759 524 2778 ε.
540 2751 685 2783 Clementis,
704 2750 743 2778 ecl.
758 2751 826 2777 Aeta
845 2749 1006 2776 Sanctorum
1026 2750 1042 2776 l.
1056 2750 1073 2776 I.
1087 2758 1113 2783 p.
1127 2751 1177 2777 *21
1185 2758 1223 2784 sq.

1972 685 1996 703 10

1974 1122 1998 1141 1⁵

1978 1898 2003 1917 30

1977 2113 2002 2132 35

1981 2412 2007 2431 40

1983 2626 2007 2645 4⁵
