2189 3042
218 149 280 179 235
648 141 826 168 IOHANNIS
845 140 919 166 VIII.
939 140 1058 167 PAPAE
1080 140 1279 167 EPISTOLAE
1302 141 1360 168 269.
1379 140 1438 167 270.

217 231 342 263 callidis
366 229 562 270 argumentis
585 228 730 259 nocivam
755 227 813 258 tibi
836 227 1032 267 molliuntur,
1056 230 1185 258 nostro*
1201 230 1319 258 statuto
1342 227 1542 259 decernimus
1566 230 1663 269 atque
1679 227 1741 259 Dei
1765 229 1867 259 omni-

217 282 355 323 potentis
384 280 575 311 auctoritate
599 279 751 320 beatique
776 279 864 310 Petri
894 278 1114 319 apostolorum
1138 279 1289 320 principis
1319 282 1351 310 et
1380 282 1488 310 nostra
1511 279 1675 310 sanctione
1700 280 1867 310 statuimus

216 333 293 364 nulli
322 342 474 373 umquam
498 331 812 372 archiepiscoporum
837 330 888 361 vel
913 330 1115 361 sacerdotum
1146 333 1201 361 aut
1229 330 1399 362 cuiuslibet
1428 330 1547 362 ordinis
1571 330 1759 362 clericorum
1783 331 1866 361 eius-

217 384 290 415 dem
322 386 430 421 sancte
454 382 704 413 Mediolanensis
735 381 869 421 ecclesie
901 392 959 413 nec
992 381 1125 412 aliarum
1158 382 1367 413 ecclesiarum
1396 392 1501 423 neque
1531 382 1626 413 alicui
1653 392 1769 423 magne
1794 392 1867 421 par-

215 445 319 476 veque
350 444 486 475 persone
520 434 747 474 cuiuscumque
772 433 901 464 honoris
931 433 1055 474 predite
1087 433 1241 474 dignitate
1274 443 1344 465 esse
1375 433 1497 465 licitum
1524 444 1582 475 pro
1614 437 1668 465 tue
1697 433 1868 465 laudabilis
1899 444 1910 462 5

216 486 394 517 devotionis
418 485 537 516 affectu
562 489 593 516 et
617 495 673 526 pro
699 488 752 516 tue
776 484 851 515 fidei
875 485 1058 516 sinceritate
1083 488 1179 526 atque
1204 485 1345 516 caritatis
1369 486 1555 525 certamine,
1579 485 1665 526 quod
1689 495 1747 526 pro
1771 485 1869 526 ipsius

217 538 351 577 ecclesie
386 537 522 568 utilitate
558 537 673 567 nostris
709 536 760 567 teb
796 536 907 567 diebus
941 535 1109 567 habuisse⁰
1144 537 1364 577 cognovimus⁷
1400 536 1540 578 aliquam
1574 537 1632 568 tibi
1667 546 1869 578 quocumque

215 589 311 620 modo
335 589 386 620 vel
411 588 468 619 sub
493 587 802 620 ecclesiasticarumd
826 598 931 619 rerum
957 588 1108 618 obtentu0
1132 588 1249 619 inferre
1274 588 1467 619 calumniam
1491 591 1546 619 aut
1568 588 1617 619 his
1641 588 1783 629 prefatis,
1808 597 1869 629 que

215 651 272 682 pro
304 641 348 671 tui
379 640 465 681 digni
498 639 616 671 laboris
646 640 760 670 merito
791 640 924 679 retines,
958 639 1122 670 beneficiis
1154 643 1186 670 et
1216 640 1416 681 patrimoniis
1447 640 1497 671 vel
1529 640 1704 681 aliquibusf
1732 640 1869 681 propriis

216 692 310 723 rebus
339 691 531 722 mobilibusg
555 692 695 732 privare,
726 691 783 722 sed
811 691 923 722 diebus
951 692 1014 731 vite
1043 694 1096 731 tue
1121 691 1297 722 secundum
1326 692 1544 723 auctoritatish
1568 695 1674 733 nostre
1704 692 1870 723 decretum
1889 701 1913 719 ιο

216 754 273 784 pro
306 753 415 774 amore
444 743 507 774 Dei
543 746 574 773 et
607 743 757 774 mercede
792 743 897 783 anime
932 746 1037 783 nostre
1074 746 1192 784 tuaque
1227 742 1398 783 fidelitate,
1433 753 1529 784 quam
1562 746 1614 784 tue
1649 746 1681 775 te
1713 743 1871 774 novimus}

215 795 335 826 habere
359 795 505 835 ecclesie,
530 795 624 826 liceat
649 794 706 825 tibi
730 794 788 826 sub
805 795 981 836 apostolice
1006 794 1091 825 sedis
1114 805 1397 836 successorumque
1421 798 1601 826 nostrorum
1619 795 1774 826 tutamine
1798 805 1870 826 cum

215 847 352 887 propriis
381 846 547 877 beneficiis
578 850 609 877 et
637 857 708 877 cum
740 846 886 877 omnibus
916 847 978 877 tuis
1008 846 1190 877 hominibus
1220 847 1385 887 utriusque
1420 846 1539 878 ordinis
1566 857 1697 878 manere
1727 847 1871 887 quietum

216 901 312 939 atque
337 908 494 929 securum.
541 898 641 928 Porro
667 898 859 939 quicumque
884 901 995 929 contra
1018 897 1099 929 hook
1122 901 1265 929 nostrum
1293 901 1446 929 statutum
1470 899 1642 929 temerario
1670 908 1749 928 ausu
1772 908 1870 939 agere

216 953 312 991 teque
336 960 394 990 pro
411 949 593 980 huiusmodi
616 950 746 990 negotio
771 950 968 980 calumniare
984 949 1225 990 presumpserit,
1251 949 1336 980 omni
1359 960 1431 980 eum
1456 949 1673 981 ecclesiastica
1693 949 1870 981 iudicamus
1889 960 1913 978 ιε,

216 1002 438 1032 communione
470 1011 594 1041 carere,
624 1011 789 1042 quousque
820 1011 878 1042 per
906 1011 1079 1042 congruam
1109 1001 1360 1032 satisfactionem
1389 1001 1421 1031 in
1449 1004 1557 1032 nostra
1585 1011 1870 1042 successorumque

216 1056 396 1084 nostrorum
429 1053 604 1093 presentia,
640 1052 726 1094 quod
760 1063 931 1094 perperam
967 1052 1110 1093 leseratl,
1146 1052 1320 1084 emendare
1357 1053 1525 1084 curaverit.
1582 1052 1624 1084 Et
1655 1053 1729 1084 ideo
1762 1056 1871 1084 nostra

218 1105 315 1136 etiam
346 1105 522 1145 apostolica
552 1105 742 1136 auctoritate
772 1105 966 1145 precipimus
999 1108 1030 1136 te
1061 1115 1216 1145 nusquam
1247 1104 1416 1135 cuiuslibet
1445 1104 1588 1145 episcopi
1615 1105 1665 1135 vel
1696 1104 1871 1136 sacerdotis

218 1156 383 1187 subiacere
407 1156 539 1196 iudicio,
571 1166 736 1197 quousque
767 1157 797 1186 in
828 1159 969 1187 nostram
993 1157 1044 1187 vel
1068 1166 1285 1187 successorum
1313 1159 1493 1187 nostrorum
1517 1156 1618 1187 libere
1649 1166 1687 1187 ac
1716 1157 1871 1187 securiter

218 1208 285 1238 sine
310 1208 443 1238 alicuius
468 1208 633 1238 obstaculo
658 1208 708 1238 vcl
732 1207 950 1248 inpedimento
975 1208 1169 1248 presentiam
1194 1209 1313 1239 venias.
1889 1218 1914 1237 20

322 1270 416 1294 DATA
436 1270 481 1293 UT
500 1270 617 1294 SUPRA.

1009 1381 1080 1410 270.

326 1435 485 1466 Iohannes
506 1434 602 1466 VIII.
622 1445 711 1474 papa
727 1435 882 1473 Ansperto
903 1435 1136 1466 ,Mediolanensi
1159 1435 1389 1474 archiepiscopo
1407 1445 1469 1474 pro
1492 1435 1604 1475 Ioseph
1628 1436 1664 1467 de
1687 1436 1870 1468 Vcrcelleusi

219 1486 346 1518 ecclesia
377 1486 504 1523 deiecto,
538 1496 624 1516 necno
655 1486 811 1524 permissu
834 1485 950 1517 Karou
973 1486 1074 1526 (III.)
1106 1486 1188 1525 reyes
1218 1486 1251 1515 in
1275 1486 1404 1516 Astensi
1437 1485 1565 1517 ecelesia
1596 1486 1687 1517 electo
1719 1488 1867 1527 episcopo,

219 1548 381 1570 assenswn
403 1537 606 1576 apostolicum
623 1538 744 1576 petenti
767 1537 892 1568 annuit.
1552 1538 1614 1568 881
1639 1538 1713 1570 Feb.
1731 1540 1780 1570 15.

335 1602 410 1628 Cosa·
439 1601 465 1627 R
483 1604 503 1635 f.
518 1604 565 1626 107
581 1609 607 1626 π.
622 1604 676 1626 272.
1888 1612 1912 1632 25

323 1649 408 1675 Echi..-
436 1648 528 1675 Editio
543 1648 668 1674 Romana
681 1648 768 1681 (1591)
783 1648 841 1679 HI,
855 1652 902 1673 481
922 1656 947 1673 n.
959 1651 1017 1674 260.
1047 1648 1141 1674 BImzsi
1161 1647 1234 1673 Cone.
1248 1647 1305 1673 coll.
1321 1647 1420 1679 XVII,
1435 1650 1482 1673 192
1494 1656 1520 1674 n.
1531 1651 1588 1674 260.
1618 1648 1712 1681 Mifflze
1732 1649 1808 1675 Patr.
1822 1651 1868 1677 lat.

220 1692 357 1725 CXXVI,
379 1695 427 1718 920
445 1700 471 1717 οι.
484 1694 541 1717 310.
560 1706 593 1709 —-
612 1691 683 1722 Jaffc
703 1690 768 1724 Rey.
782 1693 849 1717 3334
868 1691 959 1724 (2557).

673 1767 849 1791 ANSPERTO
868 1766 1125 1791 MEDIOLANENSI
1144 1765 1420 1790 ARCHIEI'ISCOPO.

328 1817 577 1849 Consultationis
601 1820 667 1856 tue,
702 1827 763 1857 qua
787 1827 843 1847 nos
867 1827 962 1857 super
985 1816 1103 1856 Ioseph
1127 1826 1229 1856 nuper
1252 1816 1282 1846 in
1307 1816 1523 1846 Bereellensist
1548 1816 1685 1847 ecclesia
1710 1816 1867 1847 ordinatil

219 1880 301 1900 nova
332 1879 414 1899 nunc
446 1868 602 1899 electione
632 1868 683 1898 vel
712 1868 911 1898 ordinatione
943 1869 975 1898 in
1005 1867 1141 1898 ecclesia
1164 1867 1295 1898 Astensi
1327 1867 1492 1898 consulere
1521 1867 1662 1906 voluisti,
1692 1869 1868 1909 perspectis
1887 1878 1912 1896 ao

219 1919 486 1961 suggestionibus,
512 1919 645 1960 quibusb
663 1929 759 1959 super
782 1919 842 1949 hoc
866 1922 971 1958 nostre
995 1919 1194 1949 auctoritatis
1215 1918 1394 1949 consultum
1410 1919 1555 1958 requiris,
1580 1919 1766 1950 canonicum
1788 1919 1869 1950 iudi-

220 1982 327 2002 camus
345 1975 377 2001 et
393 1971 508 2002 nostris
525 1971 582 2001 tibi
600 1970 737 2001 decretis
754 1971 981 2001 convenienter
997 1970 1135 2010 propitia
1153 1969 1319 2000 divinitate
1337 1969 1558 2010 respondimus
1566 1975 1586 2000 ⁰.
1625 1969 1745 2001 Fuerat
1761 1974 1869 2002 autem

220 2023 258 2054 de
283 2023 337 2053 illo
355 2023 502 2063 primum,
526 2026 560 2052 ut
576 2023 644 2062 ipse
662 2032 787 2052 mecum
805 2021 955 2061 advertis,
981 2020 1166 2062 quoddam‘1
1182 2021 1407 2062 inregulariter
1424 2021 1612 2057 institutum,
1636 2021 1693 2052 sed
1710 2032 1767 2052 nos
1783 2022 1870 2063 apud

218 2074 350 2105 beatum
379 2074 509 2105 Petrum
544 2074 725 2114 apostolum
760 2084 831 2103 cum
863 2076 973 2103 sancta
1003 2072 1148 2113 syn0d02
1180 2072 1356 2103 residentes
1391 2072 1510 2103 salubri
1541 2073 1637 2113 potiti
1671 2073 1802 2104 consilio
1839 2076 1871 2104 et

219 2127 456 2156 animositatem
480 2125 563 2155 illius
587 2126 796 2163 correximus,
829 2128 860 2155 et
883 2124 1102 2165 misericordie
1127 2124 1270 2155 fomenta
1293 2125 1396 2165 gratia
1421 2124 1522 2154 sancti
1546 2123 1683 2165 Spiritus
1706 2125 1870 2156 revelante
1889 2134 1914 2152 ³⁵

218 2178 362 2218 protinus
386 2176 600 2216 adhibuimus,
625 2176 746 2207 scilicet
769 2180 804 2207 ut
829 2187 866 2207 eo
891 2177 922 2207 in
945 2177 1113 2217 pristinum
1138 2176 1282 2207 ordinem
1306 2176 1450 2215 reducto,
1479 2177 1504 2206 si
1529 2175 1625 2206 alium
1650 2177 1871 2217 episcopatum

220 2229 249 2259 ei
280 2228 456 2259 concedere
488 2228 641 2259 voluisses
674 2232 706 2259 et
735 2228 812 2259 cleri
842 2229 893 2259 vel
924 2229 1034 2269 populi
1063 2231 1138 2259 vota
1170 2228 1253 2259 hunc
1288 2228 1348 2258 sibi
1381 2227 1582 2259 concorditer
1615 2227 1646 2257 in
1683 2228 1871 2269 episcopum

221 2283 421 2320 expeterent,
446 2283 478 2310 et
496 2279 669 2320 eligeretur
694 2283 735 2319 ct,
759 2280 840 2310 sieut
864 2281 917 2321 qui
940 2280 1037 2311 nichil
1062 2280 1102 2311 ab
1121 2279 1303 2311 ordinatore
1320 2281 1408 2321 prius
1433 2280 1604 2320 acceperit,
1628 2280 1660 2309 in
1685 2280 1871 2320 episcopum

220 2333 390 2361 crearetur.
430 2330 558 2361 Interea
583 2330 708 2370 accidit,
732 2333 766 2360 ut
783 2331 929 2361 Astensis
954 2331 1088 2371 ecclesie
1112 2334 1237 2362 rectore
1254 2331 1384 2372 proprio
1406 2331 1567 2363 obeunte-³
1584 2331 1741 2371 permissu
1758 2330 1871 2361 Karoli

219 2382 350 2422 gloriosi
367 2381 473 2421 regis4
489 2381 574 2411 idem
592 2381 710 2422 Ioseph
727 2385 799 2422 post
816 2382 1006 2413 electionem
1024 2383 1101 2413 cleri
1126 2386 1157 2413 et
1175 2383 1405 2423 expetitionem
1422 2382 1532 2423 populi
1553 2383 1584 2412 in
1602 2381 1716 2412 eadem
1733 2382 1870 2413 ecclesia
1889 2393 1914 2411 40

323 2476 345 2506 a)
370 2477 449 2501 nostri
468 2476 498 2500 R.
604 2475 629 2507 b)
654 2478 683 2501 1Tr
707 2478 753 2501 iste
778 2477 808 2501 R.
915 2478 937 2509 c)
960 2479 1064 2503 abuisse
1082 2478 1114 2502 R.
1221 2476 1245 2509 d)
1265 2482 1315 2503 —st-
1340 2478 1366 2502 in
1389 2486 1456 2508 raa,
1480 2485 1583 2502 -earum
1607 2485 1673 2502 corr.
1693 2485 1723 2501 ecc
1746 2485 1819 2502 -cum
1838 2477 1870 2502 R.

220 2519 243 2550 θ)
262 2519 278 2543 b
297 2527 363 2543 corr.
378 2526 408 2543 ex
427 2527 442 2550 p
461 2518 492 2543 R.
598 2518 616 2550 f)
636 2528 652 2543 a
670 2520 764 2551 quibus
784 2520 815 2544 R.
920 2520 944 2551 8)
964 2521 1103 2545 monilibus
1121 2520 1153 2545 R.
1258 2519 1284 2551 h)
1303 2521 1337 2545 -is
1357 2521 1384 2544 in
1401 2528 1453 2544 ras.
1469 2520 1500 2544 R.
1600 2518 1619 2551 i)
1638 2528 1654 2544 v
1673 2528 1739 2544 corr.
1754 2528 1784 2544 esc
1803 2520 1818 2544 b
1837 2520 1869 2545 R.

220 2560 245 2593 k)
264 2561 326 2586 add.
345 2570 425 2593 supra
444 2561 538 2585 lineam
557 2562 592 2586 αἰ.
605 2570 673 2587 man.
693 2562 725 2587 R.
814 2561 831 2593 ¹)
852 2563 957 2587 iesserat
975 2563 1007 2588 R.

323 2611 382 2637 270.
411 2612 433 2643 a)
452 2612 615 2637 bercellensis
635 2613 666 2638 B.
754 2612 778 2645 b)
798 2614 860 2638 -bus
879 2615 905 2638 ιή
923 2623 976 2638 ras.
990 2614 1022 2639 R.
1111 2614 1133 2646 0)
1153 2615 1179 2639 ι’,η
1197 2622 1250 2638 ras.
1264 2615 1299 2639 al.
1312 2622 1380 2638 man.
1395 2614 1425 2639 R.
1514 2613 1538 2646 d)
1558 2614 1662 2645 quidam
1681 2615 1712 2640 R.

324 2679 350 2710 1)
373 2678 412 2710 Cf.
432 2687 478 2704 un.
493 2682 547 2711 247,
567 2682 623 2705 248.
720 2680 746 2712 2)
766 2680 800 2706 D.
815 2684 852 2706 15.
869 2680 986 2706 Octobris
1004 2684 1052 2707 879
1071 2681 1204 2707 celebrata.
1304 2681 1330 2713 3)
1351 2681 1483 2707 Aldorino
1502 2689 1523 2707 c.
1536 2684 1663 2707 878-81,
1762 2682 1789 2714 4)
1807 2681 1867 2708 Seil.
1887 2685 1913 2704 45

221 2724 285 2747 tunc
302 2729 372 2755 rege,
391 2722 437 2754 qui
454 2724 544 2747 tamen
563 2722 671 2755 paucis,
694 2725 757 2748 ante
776 2731 854 2756 quam
877 2723 938 2749 hacc
961 2723 1072 2756 epistola
1095 2723 1261 2757 scriberetur,
1286 2723 1377 2749 (liebus
1395 2724 1425 2749 in
1443 2724 1623 2757 imperatorem
1642 2726 1783 2750 comnotus
1801 2727 1866 2757 erat,

221 2764 257 2797 cf.
276 2763 449 2790 Miihlbacher
467 2764 545 2797 Rea.²
560 2768 623 2791 1609
635 2765 718 2799 (1566)
727 2774 751 2791 ιι.

2155 2652 2159 2661 .

2148 2680 2158 2710 v.'

2144 2719 2165 2747 IJ

2148 2755 2163 2788 ἔ

2145 2793 2173 2810 -5,
