2189 3042
624 167 801 194 IOHANNIS
821 167 895 193 VIII.
914 166 1031 192 PAPAE
1052 165 1251 192 EPISTOLAE
1276 166 1315 193 69.
1336 165 1376 192 70.
1783 170 1822 199 65

179 258 319 286 vestrum
347 254 494 285 nolumus
523 265 580 285 nos
607 254 782 295 apostolice
812 253 896 285 sedis
927 254 1108 294 precepisse
1133 253 1264 293 legatie,
1299 256 1333 283 ut
1360 263 1456 284 causa
1484 256 1605 284 tautum
1635 254 1823 285 visitationis

179 307 354 347 gloriosum
378 305 519 336 eiusdem
545 306 706 346 provincie
730 305 926 346 principem1
951 304 1069 335 adeant
1096 308 1128 335 et
1158 304 1198 336 de
1228 307 1339 345 optata
1362 305 1517 336 memoria
1541 306 1570 336 ei
1594 306 1823 346 apostolorum,

179 362 214 388 ut
244 356 413 395 condecet,
446 357 583 397 expletis
614 357 726 388 officiis
750 356 1008 398 persalutationis
1041 355 1177 386 edicant.
1222 355 1366 397 Ideoque
1400 367 1564 397 rogamuS,
1601 360 1636 387 ut
1665 357 1753 388 aditu
1778 359 1824 388 eis

181 408 395 440 annitentibus
418 407 508 439 vobis
532 418 696 448 concesso,
728 409 825 439 talem
849 408 910 438 illis
933 407 1122 438 industrium
1146 408 1275 447 viruma,
1300 408 1353 448 qui
1379 418 1433 438 eos
1456 419 1556 449 usquc
1581 408 1622 439 ad
1646 409 1824 449 predictum

151 472 161 490 5
181 460 357 501 principem
381 459 486 490 salvos
510 459 606 490 ducat
629 464 726 500 atque
750 459 891 499 reducat,
915 459 1000 489 facta
1022 460 1053 489 in
1077 459 1201 499 scriptis
1224 459 1264 490 de
1289 469 1327 490 ea
1351 459 1480 490 minime
1505 460 1619 491 iterum
1642 461 1824 501 usurpanda

180 511 388 552 professione.
430 510 587 550 Optamus
610 521 665 541 vos
688 521 745 551 per
768 511 885 541 multos
908 521 1006 541 annos
1030 510 1061 540 in
1078 509 1202 541 Christo
1227 510 1308 541 bene
1332 511 1439 541 valere
1464 515 1496 541 et
1519 511 1693 543 barbaricis
1710 513 1826 553 iugiter

180 562 323 594 hostibus
347 562 554 602 triumphare,
578 562 750 603 spiritualis
774 566 806 593 et
830 561 1051 592 desiderabilis
1074 564 1105 592 et
1122 561 1388 592 Christianissime
1412 562 1456 592 fili
1480 573 1607 603 semper
1630 567 1775 605 auguste.

284 622 398 647 DATAb
464 623 663 647 INDIC'HONE
682 624 724 647 Xl.

981 765 1030 793 70.

289 822 447 853 Iohannes
466 822 561 855 VIII.
574 833 662 861 papa
683 823 830 862 (fratrem
851 822 1019 853 Illiclmelis
1041 823 1122 861 ressz's
1138 822 1366 862 Bulgyarormn)
1387 823 1541 861 liortcolur,
1566 827 1601 854 ut
1621 835 1714 863 penes
1737 826 1826 858 illum

140 891 165 909 10
181 884 240 914 pro
264 873 409 905 Romana
434 873 559 905 ecclesia
583 874 707 905 laboret.
1573 876 1637 906 878
1660 876 1737 915 Apr.

295 941 370 968 Geel.-
400 941 426 968 R
444 944 464 975 f.
480 945 525 968 34¹
545 950 571 967 11.
584 946 622 968 69.

286 993 368 1019 Edit„-
396 994 488 1020 Editio
508 994 634 1020 Romana
653 995 736 1028 (1591)
756 993 815 1026 III,
833 996 879 1019 353
897 1001 924 1018 11.
938 997 973 1018 77.
1011 993 1106 1018 11101151
1128 992 1203 1018 Cone.
1217 993 1273 1018 coll.
1292 992 1321 1017 X
1328 992 1394 1024 VH,
1417 996 1447 1018 60·
1465 1001 1491 1018 u.
1507 997 1542 1018 77.
1579 993 1674 1026 Mlqne
1694 995 1768 1021 Patr.
1782 996 1826 1022 lat.

183 1037 319 1069 CXXVI,
341 1041 389 1063 762
406 1045 432 1063 n.
448 1041 499 1064 110.
520 1052 551 1055 —
571 1037 648 1068 Jaffe'
667 1037 729 1069 Rcy.
744 1039 807 1063 3132
825 1036 920 1069 (2359).

289 1122 515 1165 [Dilectissimo
533 1123 597 1153 filio
611 1126 717 1153 nostro
731 1121 938 1163 Michaheli]a
950 1121 1220 1153 Christianissimo
1237 1121 1325 1162 regib
1339 1122 1537 1162 apostolatus
1554 1123 1652 1153 nostri
1664 1123 1828 1154 mittentes

139 1190 162 1208 15
183 1175 374 1216 epistolam2
392 1174 522 1215 dignum
540 1174 697 1213 duximus,
720 1177 756 1204 ut
779 1177 811 1204 et
835 1177 887 1204 tue
912 1182 1039 1214 quoque
1063 1172 1164 1213 glorie
1188 1172 1399 1203 scriberemus
1424 1176 1456 1203 et
1479 1174 1617 1214 gemitus
1640 1184 1677 1204 ac
1702 1174 1829 1206 dolores

183 1227 282 1257 nostri
306 1225 409 1257 cordis
432 1226 643 1266 aperiremus,
669 1235 747 1266 quos
770 1225 897 1255 assidue
922 1225 1062 1265 patimur
1085 1224 1281 1264 suspirantes
1306 1227 1338 1255 et
1362 1225 1468 1254 tristes
1492 1226 1619 1265 penitus
1644 1226 1830 1258 incedentes

185 1282 217 1309 et
241 1281 370 1319 stupore
394 1278 491 1308 nimio
516 1277 721 1317 admirantes,
745 1276 906 1318 quomodo
931 1277 999 1317 ipse
1024 1276 1276 1316 sapientissimus
1300 1285 1356 1305 rex
1382 1279 1414 1306 et
1430 1287 1485 1306 vos
1509 1276 1568 1317 ipsi
1592 1279 1694 1308 averti
1716 1282 1829 1319 potue-

184 1330 251 1360 ritis
284 1333 315 1360 et
345 1339 364 1360 a
394 1332 482 1359 recta
509 1329 624 1359 semita
648 1328 808 1359 declinare
837 1332 870 1359 et
898 1338 916 1358 a
945 1327 1021 1358 sede
1050 1327 1137 1357 beati
1160 1326 1249 1358 Petri
1274 1327 1492 1367 apostolorum
1523 1329 1674 1370 principis
1702 1331 1828 1361 omnino

184 1381 353 1419 recedere,
378 1381 441 1417 cui,
467 1381 547 1411 sicut
570 1379 772 1420 evangelium
797 1380 909 1419 refert,
940 1389 1001 1409 non
1026 1389 1099 1409 caro
1125 1381 1174 1410 etc
1197 1379 1339 1420 sanguis,
1370 1378 1402 1408 id
1425 1383 1473 1410 est
1500 1379 1639 1410 hnmana
1662 1382 1830 1423 sapientia,

141 1445 166 1464 20
185 1433 241 1463 sed
264 1433 332 1473 ipse
357 1443 414 1473 per
437 1442 469 1463 se
494 1435 586 1472 pater
609 1432 709 1462 filium
732 1432 895 1472 proprium
920 1431 1089 1469 revelavit,
1114 1441 1185 1461 cum
1209 1431 1263 1461 alii
1287 1430 1370 1461 hunc
1395 1431 1587 1471 Iohannem,
1613 1433 1666 1463 alii
1691 1433 1831 1473 Heliam,

183 1484 237 1515 alii
264 1484 463 1515 Hieremiam
495 1486 549 1514 aut
577 1493 672 1513 unum
704 1494 744 1514 ex
768 1483 933 1524 prophetis
963 1483 1193 1514 existimarent.
1246 1481 1421 1513 Scribimus
1451 1493 1527 1523 crgo
1560 1487 1710 1524 tanquam
1744 1486 1832 1516 fratri

184 1536 252 1566 eius
276 1539 308 1566 et
331 1536 492 1566 carissimo
518 1535 660 1571 nostro&
695 1545 769 1566 nam
793 1539 915 1575 cuncta,
940 1546 1001 1575 que
1026 1535 1067 1565 ad
1091 1534 1227 1565 salutem
1252 1535 1356 1576 gentis
1381 1538 1484 1574 vestre
1509 1546 1527 1565 a
1551 1535 1641 1566 nobis
1665 1540 1737 1567 acta
1761 1542 1833 1569 sunt

185 1590 217 1618 et
245 1590 322 1628 quot
352 1590 384 1617 et
412 1586 566 1627 quantosd
590 1586 718 1618 labores
748 1598 805 1627 pro
830 1587 1036 1617 instructione
1060 1587 1156 1617 vestri
1187 1597 1244 1616 nos
1273 1587 1554 1627 assumpserimus,
1588 1587 1656 1628 ipse
1687 1589 1831 1628 profecto

184 1650 246 1669 non
269 1638 398 1669 nescisss.
445 1638 486 1669 Et
512 1638 593 1669 bene
619 1638 748 1680 quidem
773 1639 909 1680 primum
934 1639 965 1668 in
989 1638 1080 1669 nobis
1104 1637 1352 1668 delectabamini
1377 1642 1409 1668 et
1432 1638 1627 1678 spiritalibus
1651 1640 1777 1680 gaudiis
1801 1645 1833 1672 et

141 1700 164 1718 25
184 1689 380 1731 profectibus
404 1689 611 1727 fruebamini,
643 1690 699 1720 sed
723 1690 891 1730 nescimus,
916 1690 985 1731 quis
1009 1700 1064 1720 vos
1095 1689 1134 1719 de
1159 1692 1266 1720 cetero
1292 1689 1509 1729 fascinaverit,
1541 1691 1610 1731 quis
1641 1691 1832 1732 deccperitf,

185 1742 254 1782 quis
279 1751 433 1782 organum
458 1741 561 1772 factus
585 1741 715 1781 diaboli,
740 1742 793 1782 qui
817 1742 892 1772 olim
916 1752 974 1782 per
997 1744 1179 1782 serpentem
1196 1740 1298 1771 Evam
1322 1740 1459 1780 seduxit,
1484 1752 1539 1772 vos
1563 1753 1581 1772 a
1605 1746 1693 1773 recto
1719 1744 1831 1775 itinere

184 1792 301 1824 callida
331 1793 478 1823 suasione
507 1794 686 1824 retraxerit.
732 1792 825 1824 Unde
849 1804 909 1823 non
935 1803 1047 1834 parum
1065 1792 1229 1823 dolemusg
1246 1802 1304 1823 nec
1328 1792 1443 1823 leniter
1466 1794 1635 1824 anxiamur
1657 1798 1690 1825 et
1713 1794 1831 1826 idcirco

184 1848 229 1884 te,
255 1844 393 1875 virorum
418 1845 552 1885 optime,
578 1844 791 1884 cohortamur,
820 1844 951 1886 loquere
975 1844 1015 1875 ad
1040 1854 1134 1875 aures
1158 1844 1302 1875 eiusdem
1327 1844 1435 1875 dilecti
1458 1844 1512 1875 filii
1538 1846 1636 1876 nostri
1660 1847 1757 1887 regis,
1783 1848 1831 1877 cui

185 1899 218 1926 et
240 1895 396 1926 Dominus
420 1896 488 1937 ipse
512 1897 618 1937 potius
646 1896 687 1927 ad
710 1907 804 1928 aures
831 1895 1070 1937 precordiorum
1094 1896 1253 1937 loquatur,
1284 1899 1318 1926 ut
1348 1896 1485 1937 primam
1514 1896 1610 1927 fidem
1643 1908 1706 1928 non
1736 1898 1832 1929 faciat

139 1958 164 1976 ³0
184 1948 316 1986 irritam,
340 1951 375 1978 ut
397 1951 471 1978 ante
495 1958 529 1979 se
545 1948 695 1989 gradiens
719 1952 803 1979 retro
829 1959 1032 1989 nequaquam
1050 1948 1209 1988 respiciat,
1232 1948 1316 1978 viam
1334 1958 1397 1989 qua
1413 1948 1600 1979 ambulabat
1616 1959 1677 1979 non
1695 1948 1831 1988 deserat,

185 1999 405 2040 evangelicam
435 2000 524 2040 legat
552 2000 728 2040 hystoriam
751 2003 783 2031 et
807 1999 915 2030 videat
937 2000 982 2030 ibi
1006 2001 1156 2040 precipue
1181 1999 1240 2030 soli
1263 1999 1361 2031 Petro
1378 1999 1538 2030 Christum
1562 2000 1624 2031 Dei
1648 2001 1709 2030 vivi
1733 2001 1832 2032 filium

185 2050 371 2082 revelatum.
417 2050 469 2081 Ad
498 2051 589 2081 huius
617 2062 693 2092 ergo
718 2051 893 2083 beatissimi
916 2051 1006 2082 Petri
1033 2051 1144 2082 sedem
1175 2052 1271 2082 alacri
1301 2054 1432 2092 pectore
1464 2062 1521 2082 rex
1545 2051 1832 2083 Christianissimus

185 2101 298 2133 redeat
322 2105 354 2132 et
377 2102 458 2132 sieut
482 2113 607 2141 cervus,
636 2113 707 2133 cum
732 2103 808 2144 quid
832 2103 1004 2143 sumpserit
1027 2103 1171 2142 noxium,
1201 2102 1365 2133 desiderat
1393 2102 1434 2133 ad
1458 2102 1562 2133 fontes
1585 2113 1755 2143 aquarum,
1787 2104 1832 2134 ita

186 2153 350 2184 desideret
381 2157 414 2184 et
444 2155 529 2185 sitiat
561 2155 667 2185 anima
689 2155 789 2195 ipsius
818 2154 859 2184 ad
887 2154 1053 2185 salutifera
1082 2155 1150 2185 eius
1180 2154 1322 2194 doctrine
1353 2154 1482 2185 fluenta.
1530 2154 1565 2184 111
1591 2165 1652 2195 quo
1681 2154 1754 2195 pio¹¹
1779 2158 1833 2186 tua

141 2218 165 2236 35
185 2204 312 2236 laboret
336 2215 432 2246 opere
457 2216 512 2246 pre
537 2207 657 2237 cunctis
681 2206 834 2245 sollertia,
858 2209 893 2237 ut
916 2217 977 2237 non
1002 2206 1103 2237 solum
1128 2206 1259 2236 fratrem
1284 2206 1487 2236 karissimum
1506 2205 1695 2245 lucrifacias,
1720 2206 1776 2237 sed
1801 2210 1833 2237 et

290 2301 312 2331 ἢ)
333 2300 425 2324 excidit
437 2301 551 2329 tradatis,
571 2301 634 2325 sicut
646 2301 767 2325 editiones
779 2301 967 2333 suppleverunt,
986 2306 1028 2325 an!
1041 2300 1121 2325 simile
1134 2301 1195 2332 quid
1214 2300 1245 2324 R.
1329 2298 1352 2330 b)
1368 2308 1479 2331 parvum
1493 2305 1573 2325 exstat
1591 2301 1707 2332 spatium,
1727 2302 1760 2332 cf.
1776 2310 1799 2326 n.
1810 2304 1832 2331 5,

181 2353 209 2376 p.
225 2346 240 2368 5
260 2345 275 2368 l.
290 2346 304 2368 9
323 2348 346 2368 et
364 2343 422 2368 NA.
438 2343 569 2374 XXXVI,
582 2346 626 2369 131
644 2348 731 2368 annot.
744 2347 766 2369 5.

289 2403 329 2430 70.
359 2404 381 2435 81)
395 2405 456 2429 haec
470 2404 559 2436 prima
573 2404 692 2436 epistolae
704 2405 789 2435 verba,
807 2412 871 2436 quae
884 2412 913 2428 ex
926 2404 1012 2428 eodem
1025 2404 1080 2436 fere
1093 2403 1212 2435 epistolae
1230 2412 1256 2429 n.
1274 2405 1288 2427 6
1293 2405 1306 2426 7
1317 2407 1402 2427 tenore
1415 2407 1482 2427 certo
1496 2403 1586 2427 certius
1605 2403 1700 2427 resumi
1715 2408 1831 2434 possunt,

187 2447 336 2479 reyietrator
354 2455 494 2478 perperam
508 2455 560 2478 pro
583 2448 759 2479 inscriptione,
782 2456 846 2478 quae
869 2447 896 2471 iv.
919 2447 1019 2471 minuta
1037 2447 1122 2471 adhuc
1145 2446 1246 2476 deerat,
1269 2446 1356 2470 habuit
1382 2450 1404 2470 el
1425 2446 1528 2470 mutatis
1545 2446 1732 2477 quodmnmodo
1752 2446 1831 2470 verbis

144 2500 169 2518 40
189 2490 214 2514 ἱη
227 2497 377 2514 MICHAHELI
390 2496 516 2514 GLORIOSO
527 2497 588 2515 REGI
599 2497 751 2515 UULGARUM
761 2491 871 2522 sequenti
884 2491 1003 2522 epistolae
1017 2490 1097 2515 tenori
1106 2499 1157 2521 pro
1171 2489 1334 2521 inscriptione
1347 2489 1497 2520 anteposuit,
1516 2490 1549 2521 cs.
1562 2488 1618 2513 NA.
1632 2489 1763 2520 XXXVI,
1774 2492 1830 2514 110.

188 2532 212 2564 b)
231 2542 297 2557 corr.
316 2541 347 2557 ea:
370 2533 473 2565 regibus
492 2532 524 2556 B.
613 2533 636 2564 c)
656 2542 722 2558 corr.
741 2542 771 2558 em
793 2542 824 2558 ex
844 2533 874 2557 R.
967 2531 992 2563 d)
1013 2543 1027 2557 o
1046 2542 1112 2558 corr.
1125 2541 1155 2557 ea:
1174 2542 1191 2557 u
1210 2533 1242 2558 R.
1331 2531 1352 2562 e)
1372 2541 1438 2556 corr.
1456 2540 1486 2556 ea:
1504 2532 1583 2556 nescit
1604 2531 1634 2556 R.
1722 2530 1741 2561 f)
1761 2532 1831 2555 (lece-

188 2577 214 2600 ἱιι
233 2585 286 2601 ras.
305 2575 337 2601 R.
425 2575 450 2605 g)
469 2584 554 2601 -emus
574 2577 600 2601 in
618 2585 670 2601 ras.
691 2577 722 2601 R.
811 2575 835 2606 h)
856 2585 922 2601 corr.
936 2584 966 2600 em
985 2577 1026 2608 pia
1045 2576 1076 2600 R.

292 2656 317 2689 1)
336 2656 490 2682 Michaelem
508 2664 592 2690 regem
612 2657 803 2690 Bulyarorum.
891 2656 917 2689 2)
939 2656 979 2687 Cf.
1000 2664 1026 2682 11.
1040 2660 1080 2682 66.
1150 2656 1177 2687 3)
1198 2656 1251 2681 His
1269 2663 1301 2680 ex
1319 2655 1401 2680 rerbis
1420 2655 1466 2685 (cs.
1481 2655 1560 2679 elisam
1578 2654 1594 2679 l.
1609 2656 1659 2685 35),
1679 2653 1830 2685 paullulum

188 2698 369 2730 differentibus
387 2699 419 2724 ab
437 2699 560 2731 epistolae
578 2708 604 2725 21.
618 2703 650 2725 67
666 2700 755 2732 (ezoius
779 2702 892 2725 tenorem
916 2706 999 2731 usquc
1021 2699 1071 2724 11αο
1088 2701 1181 2724 nostra
1201 2698 1348 2723 Γᾶν-1101011113
1366 2697 1491 2729 semeiam,
1509 2697 1634 2729 protinus
1654 2704 1712 2721 sero
1729 2696 1830 2720 amissis

146 2749 170 2766 ⁴5
188 2741 344 2774 quibusdam
353 2744 483 2774 postremo
492 2742 603 2774 penitus
615 2742 741 2775 neyliyit),
759 2742 789 2774 is,
809 2743 851 2768 cui
863 2741 991 2775 cliriyilm·
1003 2741 1120 2774 epistola,
1140 2742 1226 2772 frater
1238 2741 1306 2773 reyis
1325 2748 1376 2765 esse
1389 2739 1526 2771 erineitur,
1540 2746 1584 2764 nec
1597 2741 1699 2763 tantum
1714 2738 1829 2770 ‘qnidam

191 2792 224 2809 ιω
241 2783 372 2810 nobilibus
391 2784 538 2817 Bulyaris‘,
558 2787 588 2810 ut
606 2785 703 2811 liabent
719 2785 820 2817 priores
840 2784 959 2816 editam,
980 2784 1014 2815 ef.
1034 2784 1128 2815 Hes'ele
1146 2782 1380 2816 ‘Coneilienycsclr'
1400 2782 1468 2814 1V2,
1482 2785 1538 2807 4-17.

293 2835 443 2862 Emsromn
463 2835 521 2861 VH.
1609 2833 1625 2858 9

1844 1340 1872 1361 cf.
1887 1340 1924 1360 ΡΞ.
1934 1343 1967 1365 43,
1979 1343 2010 1363 19.

1845 1392 1872 1412 cf.
1881 1392 1958 1414 Matth.
1967 1395 2036 1418 16,17.

1847 1434 1873 1454 cf.
1881 1434 2035 1460 Matth.1s,14;

1847 1460 1911 1482 Marc.
1924 1463 1943 1485 8,
1954 1463 1985 1482 28.

1847 1703 1874 1723 cf.
1888 1703 1936 1725 Gal.
1947 1706 1966 1729 3,
1979 1708 1996 1725 1.

1847 1754 1874 1774 ef.
1889 1754 1961 1777 2.Cor.
1973 1758 2006 1780 11,
2016 1758 2034 1777 3.

1846 1908 1874 1930 cf.
1887 1908 1965 1928 1.'rim.
1977 1910 2035 1933 5,1⁴2.

1848 2011 2035 2037 01.)Ιῆ1111,16,17.

1846 2114 1873 2133 cf.
1889 2114 1923 2134 Ps.
1934 2117 1967 2139 41,
1978 2117 1996 2136 2.
