2189 3042
186 725 210 744 10

187 982 209 1000 15

186 1238 212 1257 20

186 1755 211 1774 30

185 2010 209 2029 31‘·

185 2270 212 2287 40

187 2572 212 2590 45

189 2784 215 2802 50

710 164 889 192 IOHANNIS
907 164 981 190 vm.
1001 164 1119 190 PAPAE
1141 164 1316 191 EPISTOLA
1339 164 1397 191 255.
1817 168 1877 196 2255

230 258 263 285 te
287 254 377 295 quasi
400 254 527 284 unicum
550 252 650 283 filium
673 262 782 282 amore
806 251 927 291 ingenti
952 251 1175 292 amplectimur
1199 255 1231 282 et
1254 262 1324 282 cum
1351 251 1495 282 omuibus
1511 252 1658 283 fidelibus
1683 252 1744 282 tuis
1768 256 1876 293 pater-

231 305 338 336 nitatis
369 308 475 344 nostre
503 304 626 345 gremio
654 302 753 333 veluti
783 313 859 333 oves
888 302 1017 333 Domini
1050 303 1140 333 nobis
1172 304 1358 334 commissas
1391 304 1562 344 recipimus
1595 304 1723 345 viteque
1758 304 1875 345 pabulo

231 357 406 387 clementer
433 357 550 386 nutrire
576 358 723 395 optamus
747 357 842 395 atque
868 355 982 384 nostris
1007 355 1140 385 assiduis
1164 354 1312 395 precibus
1336 355 1545 396 omnipotenti
1571 358 1601 386 te
1626 355 1764 386 Domino
1790 367 1876 386 com-

230 408 384 438 mendare
412 407 590 442 studemus.
626 409 784 446 quatenus
815 408 994 436 sanctorum
1025 406 1240 447 apostolorum
1271 406 1518 447 suffragantibus
1546 408 1666 438 meritis
1696 410 1727 437 et
1755 408 1785 437 in
1816 408 1877 438 hoc

231 459 337 498 seculo
362 458 496 489 adversa
521 458 626 488 omnia
650 467 803 497 superare
828 460 861 487 et
884 457 913 486 in
939 457 1048 497 celesti
1068 458 1271 498 postmodum
1296 459 1426 498 regione
1449 469 1519 488 cum
1537 458 1662 489 Christo
1681 458 1751 489 Deo
1769 463 1876 489 nostro

229 510 338 541 valeas
362 509 567 550 triumphare.
606 508 709 549 Igitur
732 508 815 539 1111110
839 508 1039 539 Methodium
1057 509 1273 540 venerabilem
1291 510 1567 550 archiepiscopum
1584 513 1724 540 vestrum
1742 511 1876 541 interro-

228 562 374 602 gavimus
398 560 619 601 corampositis
636 559 785 590 fratribus
806 560 922 591 nostris
940 561 1108 601 episcopis,
1133 561 1158 591 si
1180 561 1357 600 orthodoxe
1374 560 1448 591 fidei
1467 561 1643 601 symbolum
1671 562 1714 592 ita
1732 562 1878 592 crederet

230 616 262 643 et
285 613 367 643 inter
390 622 480 642 sacra
503 612 670 642 missarum
694 611 883 652 sollempnia
912 615 1055 651 caneret,
1087 613 1177 643 sicuti
1202 616 1343 643 sanctam
1368 612 1547 643 Romanam
1573 613 1741 644 ecclesiam
1767 616 1876 644 tenere

230 668 261 694 et
284 664 315 694 in
340 664 456 694 sanctis
479 673 536 694 sex
559 663 791 694 universalibus
816 663 958 704 synodisl
976 674 994 694 a
1018 664 1133 694 sanctis
1158 663 1300 704 patribus
1324 663 1497 694 secundum
1524 665 1741 705 evangelicam
1760 664 1876 695 Christi

229 715 291 746 Dei
315 715 410 746 nostri
436 715 660 745 auctoritatem
686 715 921 756 promulgatum
948 718 1043 755 atque
1069 715 1219 746 traditum
1245 718 1376 746 constat.
1424 715 1482 745 Ille
1508 718 1614 745 autem
1640 716 1802 756 professus
1831 720 1878 747 est

230 778 262 797 se
287 767 376 797 iuxta
401 766 620 807 evangelicam
654 770 686 796 et
716 766 924 807 apostolicam
950 766 1140 803 doctrinam,
1175 766 1266 796 sicuti
1297 769 1405 797 sancta
1429 766 1574 797 Romana
1605 767 1759 798 ecclesia³
1783 768 1877 798 docet

230 822 262 849 et
286 829 303 849 a
329 817 471 858 patribus
494 817 646 848 traditum
671 821 728 856 est,
753 821 862 848 tenere
881 822 913 848 et
929 818 1076 858 psallere.
1116 817 1182 848 Nos
1206 820 1311 848 autem
1329 817 1419 848 illum
1443 818 1473 847 in
1490 818 1636 849 omnibus
1654 819 1877 850 ecclesiasticis

230 869 380 900 doctrinis
415 872 447 899 et
477 869 668 900 utilitatibus
698 869 912 900 orthodoxum
948 873 980 900 et
1011 870 1186 910 proficuum
1220 879 1289 899 esse
1316 869 1537 909 repperientes
1566 869 1654 899 vobis
1689 870 1803 901 iterum
1838 871 1877 901 ad

229 920 424 962 regendamb
449 921 649 951 commissam
681 921 741 951 sibi
772 921 940 952 ecclesiam
964 921 1025 952 Dei
1054 921 1245 959 remisimus,
1277 930 1371 960 quem
1402 919 1499 949 veluti
1530 923 1691 960 pastorem
1715 922 1876 961 proprium

228 976 265 1003 ut
288 972 384 1013 digno
408 972 529 1003 honore
555 976 587 1003 et
610 974 790 1003 reverentia
815 973 943 1014 letaque
968 977 1075 1003 mente
1099 972 1270 1012 recipiam.
1295 970 1449 1009 iubemus.
1475 972 1549 1011 quia
1573 977 1677 1010 nostre
1703 973 1876 1012 apostolice

229 1025 429 1055 auctoritatis
453 1028 606 1065 precepto
632 1025 698 1067 eius
723 1025 1016 1066 archiepiscopatus
1038 1023 1278 1065 privilegium⁶2
1298 1022 1554 1053 confirmavimus
1578 1026 1609 1053 et
1632 1023 1662 1052 iu
1687 1028 1877 1063 perpetuum

229 1075 301 1107 Deo
324 1076 451 1107 iuvante
469 1076 593 1106 firmum
617 1066 747 1107 manere
765 1076 942 1112 statuimus,
967 1075 1057 1105 sicuti
1075 1078 1312 1104 antecessorum
1330 1076 1508 1103 nostrorum
1525 1074 1715 1104 auctoritate
1738 1075 1877 1105 omnium

231 1127 437 1157 ecclesiarum
468 1127 527 1158 Dei
564 1128 633 1158 iura
667 1130 698 1157 et
728 1127 896 1168 privilegia
924 1129 1042 1157 statuta
1078 1130 1110 1156 et
1139 1126 1264 1155 firmata
1294 1125 1483 1162 consistunt,
1523 1125 1566 1155 ita
1596 1135 1686 1161 sane.
1722 1130 1756 1155 ut
1791 1126 1879 1156 iuxta

231 1179 417 1209 eanonicam
448 1178 653 1209 traditionem
682 1178 821 1209 omnium
853 1179 1054 1218 negotiorum
1083 1176 1371 1207 ecclesiasticorum
1400 1186 1507 1206 curam
1536 1175 1656 1206 habeat
1683 1177 1750 1216 ipse
1781 1180 1813 1207 et
1842 1189 1879 1208 ea

231 1229 318 1260 velut
334 1230 404 1261 Deo
422 1230 658 1271 contemplante
676 1229 848 1270 dispenset,
870 1239 942 1259 nam
960 1229 1096 1269 populus
1112 1228 1241 1258 Domini
1262 1227 1307 1257 illi
1324 1227 1509 1257 commissus
1527 1230 1575 1257 est
1592 1231 1624 1258 et
1640 1238 1695 1268 pro
1714 1229 1879 1259 animabus

231 1291 343 1311 eorum
372 1281 441 1311 hicd
466 1281 647 1312 redditurus
678 1281 738 1311 erit
765 1281 932 1311 rationem.
983 1280 1091 1320 Ipsum
1120 1289 1246 1320 quoque
1276 1279 1488 1319 presbiterum
1518 1280 1644 1309 nomine
1673 1279 1878 1314 Uuichinusss,

232 1343 327 1373 quem
353 1333 443 1363 nobis
461 1333 614 1372 direxisti,
639 1333 775 1363 electum
802 1333 985 1373 episcopum
1010 1331 1265 1362 consecravimus
1289 1334 1395 1370 sancte
1421 1330 1554 1369 ecclesie
1571 1330 1727 1361 Nitrensis
1737 1331 1758 1367 4.
1784 1342 1878 1371 quem

231 1395 288 1414 suo
313 1384 555 1426 archiepiscopo
580 1385 610 1414 in
634 1383 780 1414 omnibus
803 1374 1023 1423 obedientem.
1052 1383 1141 1413 sicuti
1171 1382 1271 1412 sancti
1296 1382 1453 1412 0111101100ᾗ
1479 1382 1607 1417 docent.
1640 1393 1709 1412 esse
1734 1382 1879 1412 iubemus

232 1439 265 1466 et
288 1436 442 1475 volumus.
468 1439 502 1466 ut
524 1436 645 1476 pariter
668 1446 739 1465 cum
763 1435 861 1475 ipsius
886 1434 1118 1475 archiepiscopi
1143 1444 1297 1464 consensu
1322 1436 1353 1464 et
1370 1433 1568 1473 providentia
1588 1438 1619 1463 et
1636 1434 1770 1465 alterum
1790 1434 1879 1464 uobis

187 1501 197 1517 ι»
230 1494 305 1528 apto
331 1494 475 1527 tempore
498 1486 607 1517 utilem
633 1487 845 1527 presbiterum
871 1486 920 1517 vel
945 1486 1111 1517 diaconem
1137 1485 1269 1526 dirigas,
1301 1495 1396 1526 quem
1422 1485 1566 1515 similiter
1591 1486 1620 1515 111
1644 1485 1707 1516 alia
1732 1486 1878 1521 ecelesia,

228 1539 259 1569 in
284 1550 346 1580 qua
371 1539 587 1579 episcopalem
612 1544 736 1569 curame
761 1539 887 1568 noveris
912 1548 981 1568 esse
1006 1537 1230 1575 necessariam,
1256 1535 1438 1567 ordinemus
1461 1536 1657 1577 episcopum.
1683 1541 1717 1567 ut
1738 1547 1808 1567 cum
1832 1537 1878 1566 his

229 1590 352 1621 duobus
392 1601 410 1620 a
448 1590 539 1620 nobis
578 1590 730 1621 ordinatis
769 1590 928 1631 episcopis
966 1589 1108 1630 prefatus
1147 1589 1406 1629 archiepiscopus
1446 1590 1549 1619 vester
1587 1588 1675 1618 iuxta
1715 1587 1878 1618 decretum

227 1642 460 1683 apostolicumG
485 1652 543 1682 per
570 1641 633 1672 alia
660 1642 746 1681 loca,
779 1643 810 1672 in
840 1641 953 1682 quibus
983 1641 1125 1682 episcopi
1153 1640 1325 1671 honorifice
1355 1639 1475 1671 debent
1504 1643 1536 1671 et
1566 1643 1698 1681 possunt
1730 1640 1878 1679 existere,

229 1693 432 1735 postmodum
450 1693 556 1724 valeat
580 1693 737 1724 ordinare,
780 1692 982 1724 Presbiteros
998 1703 1074 1723 vero
1099 1692 1249 1723 diacones
1273 1702 1329 1722 seu
1353 1692 1580 1732 cuiuscumque
1606 1691 1724 1722 ordinis
1749 1691 1879 1722 clericos

230 1746 296 1776 sive
321 1745 451 1776 Sclavos
480 1745 546 1775 sive
572 1745 741 1776 cuiuslibet
765 1745 883 1786 gentiS.
915 1745 965 1785 qui
994 1744 1076 1775 intra
1100 1744 1260 1784 provincie
1285 1747 1337 1783 tue
1361 1743 1440 1773 fines
1469 1743 1657 1775 consistunt.
1687 1743 1879 1783 precipimus

230 1808 299 1827 esse
324 1797 484 1827 subiectos
510 1800 541 1826 et
565 1795 753 1827 obedientes
776 1796 807 1826 in
833 1795 980 1826 omnibus
1003 1795 1153 1826 iamdicto
1179 1795 1330 1826 confratri
1353 1798 1470 1835 nostro,
1496 1795 1738 1835 archiepiscopo
1763 1798 1878 1833 vestro,

230 1852 263 1879 ut
298 1848 404 1879 nichil⁷
433 1848 560 1878 omnino
596 1854 692 1887 preter
722 1852 781 1878 eius
812 1851 1013 1878 conscientiam
1044 1853 1139 1886 agant.
1198 1846 1319 1882 Quodsi
1354 1850 1559 1877 contumaces
1594 1849 1626 1876 et
1660 1845 1879 1886 inobedientes

230 1901 407 1930 existentes
442 1898 626 1930 scandalum
662 1899 791 1939 aliquod
828 1902 882 1929 aut
916 1899 1030 1930 scisma
1064 1899 1170 1929 facere
1203 1897 1471 1939 presumpserintf
1504 1902 1535 1927 et
1569 1901 1641 1937 post
1678 1898 1810 1937 prima-m
1848 1899 1879 1926 ct

230 1951 402 1982 secundam
420 1951 681 1982 ammonitionem
702 1960 735 1981 se
754 1951 882 1981 minime
900 1951 1108 1989 correxerint⁷
1133 1950 1223 1991 quasi
1240 1950 1429 1980 zizaniorum
1448 1950 1656 1979 seminatores
1678 1948 1718 1979 ab
1737 1949 1879 1979 ecclesiis

230 2006 262 2033 et
285 2002 399 2033 finibus
422 2003 534 2032 vestris
559 2003 748 2033 auctoritate
772 2004 880 2032 nostra
905 2003 1098 2043 precipimus
1123 2012 1192 2032 esse
1210 2001 1319 2042 procul
1336 2000 1520 2031 abiciendos
1544 2000 1717 2030 secundum
1742 2000 1878 2030 auctori-

231 2058 329 2085 tatem
348 2053 558 2094 capitulorum
569 2054 589 2091 ⁸.
612 2064 672 2094 que
690 2053 735 2084 illi
752 2053 898 2084 dedimus
917 2053 994 2095 [esp-1
1012 2053 1100 2084 vobis
1117 2053 1301 2084 direximus.
1337 2053 1477 2083 Litteras
1495 2052 1630 2092 denique
1649 2051 1879 2083 Selaviniseash

230 2116 249 2136 a
274 2106 481 2136 Constantino
506 2105 666 2145 quondam
691 2105 902 2146 philosopho⁹
927 2112 1103 2146 reppertas.
1129 2105 1243 2146 quibus
1264 2105 1335 2135 Deo
1358 2104 1469 2134 laudes
1490 2103 1610 2133 debitei
1628 2107 1787 2135 resonent.
1812 2104 1878 2133 iure

230 2156 398 2187 laudamus
415 2159 447 2186 et
463 2156 493 2186 in
512 2156 625 2187 eadem
642 2157 750 2197 lingua
765 2156 881 2187 Christi
899 2156 1017 2187 domini
1034 2157 1132 2187 nostri
1145 2158 1296 2197 preconia
1314 2159 1345 2187 et
1362 2166 1458 2196 opera
1477 2158 1671 2191 enarrentur.
1689 2155 1878 2186 iubemusffl:

232 2219 334 2249 neque
371 2209 454 2238 enim
486 2208 586 2238 tribus
623 2211 760 2248 tantum,
795 2207 852 2238 sed
884 2208 1029 2239 omnibus
1056 2208 1171 2249 linguis
1202 2208 1373 2238 Dominum
1406 2207 1537 2237 laudare
1569 2207 1760 2237 auctoritate
1789 2216 1878 2236 sacra

231 2270 407 2295 monemur.
426 2269 486 2299 (1110
504 2259 639 2299 precipit
656 2258 777 2290 dicens:
802 2259 960 2290 “Laudate
976 2260 1148 2290 Dominum
1167 2269 1278 2290 omnes
1294 2262 1407 2300 gentes
1433 2262 1464 2289 et
1481 2258 1661 2288 collaudate
1680 2268 1751 2288 eum
1770 2268 1879 2288 omnes

335 2369 358 2399 ³)
378 2377 443 2393 corr.
458 2376 488 2392 etc
506 2372 620 2392 sanctam
639 2369 778 2392 Romanam
798 2368 932 2392 ecclesiam
950 2368 981 2393 R.
1066 2366 1089 2399 b)
1109 2377 1123 2392 a
1142 2377 1208 2392 corr.
1222 2376 1251 2392 ex
1271 2377 1287 2392 u
1305 2367 1335 2392 R.
1420 2368 1442 2397 c)
1461 2367 1694 2398 archiepiscopatus
1714 2371 1741 2390 ut
1761 2370 1785 2391 et
1804 2367 1880 2397 privi-

231 2411 335 2443 legium.
355 2416 383 2435 ut
402 2415 492 2442 postea
512 2411 560 2435 del.
575 2410 606 2435 B.
712 2409 736 2441 d)
755 2419 769 2436 c
788 2411 849 2435 adcl.
868 2419 949 2442 supra
969 2411 1062 2435 lineam
1083 2410 1113 2435 B.
1220 2410 1242 2442 θ)
1260 2419 1273 2435 0
1292 2411 1354 2434 add.
1374 2418 1454 2441 supra
1473 2409 1567 2433 lineam
1588 2409 1617 2433 R,
1725 2407 1743 2437 f)
1764 2417 1830 2432 corr.
1850 2417 1879 2432 ex

233 2454 414 2486 presumpserit
433 2453 463 2478 R.
552 2454 576 2485 Β)
595 2463 641 2478 0771.
656 2453 686 2478 R.
777 2452 801 2484 h)
821 2462 888 2478 corr.
902 2462 932 2478 ex
951 2454 1077 2478 Sclavinis
1097 2462 1155 2478 casa
1175 2453 1206 2477 R.
1295 2452 1313 2485 i)
1333 2454 1349 2478 b
1368 2462 1434 2477 corr.
1449 2461 1478 2477 ez
1497 2461 1512 2476 u
1532 2451 1563 2476 B.

336 2521 360 2553 l)
380 2521 511 2547 Praeterit
533 2521 668 2553 septimam
691 2520 866 2546 universalem
889 2521 1030 2554 symachum,
1057 2520 1206 2547 Nicaenam
1228 2530 1252 2546 a.
1273 2524 1326 2547 787.
1425 2520 1451 2551 2)
1471 2519 1641 2551 Ρνίιτίἶεςγίηηι
1665 2518 1799 2543 ΙΙῙεΐῘιοᾱὶο
1821 2526 1880 2543 con-

233 2572 341 2597 cessum,
367 2572 424 2590 cum
445 2564 557 2590 Romam
576 2573 601 2591 a.
615 2568 667 2591 880
685 2564 811 2596 venisset,
835 2572 891 2589 non
909 2567 1000 2590 exstat.
1097 2564 1123 2597 3)
1144 2564 1262 2590 Natione
1281 2563 1405 2595 Suemcm,
1431 2563 1463 2594 cs.
1478 2563 1550 2587 Anat.
1566 2560 1646 2586 Fuld.
1666 2560 1702 2585 ad
1719 2569 1743 2585 α.
1760 2564 1812 2585 8951
1832 2560 1881 2590 (ed.

234 2607 324 2632 Κατ-ἵε
338 2615 366 2640 p.
382 2608 447 2641 133),
468 2607 570 2633 Nem-ol.
585 2607 697 2640 Auyien.
712 2607 762 2639 (ed.
777 2607 813 2633 M
815 2607 846 2633 G.
861 2607 940 2633 Necr.
952 2607 974 2639 I,
990 2606 1056 2640 279),
1077 2607 1213 2633 Dammler
1227 2607 1242 2633 l.
1256 2607 1271 2633 l.
1283 2606 1357 2635 111²,
1371 2610 1414 2632 195
1433 2613 1498 2631 (0111,
1514 2609 1532 2629 1.
1609 2604 1636 2635 4)
1656 2603 1742 2629 Hodie
1754 2602 1879 2628 ‘Nerio-(1².

233 2651 259 2681 5)
279 2649 320 2681 Cf.
338 2658 396 2676 ean.
415 2653 498 2683 apost.
516 2650 640 2676 XXXV
656 2650 823 2683 (XXXIII)
850 2650 900 2683 (ecl.
919 2650 1015 2683 Hefele
1033 2649 1266 2682 ‘Concilienycschff
1285 2649 1312 2681 Ι,
1335 2652 1401 2681 811).
1507 2648 1533 2679 6)
1555 2648 1594 2679 Cf.
1614 2656 1671 2673 ccm.
1691 2649 1772 2678 apost.
1792 2646 1808 2670 l
1831 2645 1880 2673 (ed.

235 2692 328 2723 Hefele
340 2692 583 2726 ‘szcdlienyeschf
595 2693 619 2724 I,
632 2693 702 2726 800).
783 2694 808 2725 7)
830 2692 895 2719 Can.
915 2695 998 2725 apost.
1015 2692 1328 2725 ΧΧΧῘῘ(ΧΧΧΙΙΙ)1
1349 2692 1458 2723 interpr.
1474 2691 1612 2723 Dionysio.
1635 2690 1649 2714 7.
1664 2689 1680 2714 l.
1759 2690 1785 2714 S]
1808 2688 1880 2720 Quae

233 2742 288 2760 mm
313 2737 425 2762 eoestant.
525 2736 550 2769 9)
571 2736 593 2761 Ι.
611 2744 630 2762 e.
650 2744 667 2761 a
689 2737 778 2768 fratre
800 2735 942 2768 Metl1odii7
963 2735 1062 2769 Oyrillo
1080 2738 1173 2768 postea
1190 2736 1336 2760 nominato.
1377 2734 1435 2767 Qum
1455 2733 1485 2758 (111
1504 2733 1663 2763 intensione,
1690 2734 1724 2764 cf.
1739 2731 1816 2763 Jaffl'd
1835 2730 1849 2754 Ι.
1865 2730 1880 2754 l.

235 2777 276 2809 Il,
300 2782 372 2810 14311.
462 2779 505 2809 10)
527 2778 605 2811 Quod
622 2786 696 2804 anno
711 2779 858 2812 praeterito
877 2778 961 2804 stricte
979 2781 1126 2811 neyarerat,
1146 2781 1179 2811 cs'.
1193 2786 1220 2804 τι.
1235 2782 1290 2803 201.

1896 2268 1928 2288 Pa.
1941 2270 1985 2289 no,
1998 2269 2015 2286 11..
