2189 3042
162 507 173 524 5

155 765 179 784 10

155 1022 178 1041 15

151 1278 177 1298 20

155 1793 181 1813 30

157 2051 182 2070 35

158 2308 184 2327 40

683 161 860 188 IOHANNIS
883 162 952 188 VIII.
974 161 1090 188 PAPAE
1114 161 1288 188 EPISTOLA
1313 162 1353 188 ⁴37.
1799 166 1836 193 (51

241 272 340 296 MISSA
360 273 423 296 PER
446 271 588 296 PAULUM
612 271 655 294 ET
676 271 855 295 EUGENIUM
880 271 1066 301 EPISCOPOS,
1086 271 1199 295 MENSE
1218 271 1340 296 APRlLI,
1359 271 1558 295 INDICTIONE
1577 272 1627 302 XL,
1648 272 1705 295 DIE
1724 272 1792 296 XVI.

880 335 990 358 PETRO
1009 335 1128 359 COMITI
1139 335 1155 358 ¹.

301 390 517 421 Dilectissimo
541 389 605 420 filio
630 392 737 420 nostro
754 389 927 420 Michaheli
946 388 1215 420 Christianissimo
1239 391 1308 430 regi
1332 390 1529 430 apostolatus
1553 391 1650 420 nostri
1674 391 1838 421 mittentes

195 442 383 482 epistolam2
408 441 539 482 dignum
562 441 727 479 duximus,
759 444 794 471 ut
826 444 858 471 et
887 444 939 480 tue
968 451 1094 481 quoque
1123 442 1246 481 gloriea
1269 441 1481 472 scriberemus
1511 445 1543 472 et
1573 442 1711 482 gemitus
1739 443 1837 472 nostri

195 493 299 524 cordis
323 494 530 534 aperiremus,
556 503 636 533 quos
659 492 786 523 assidue
811 492 949 532 patimur
975 493 1170 532 suspirantes
1195 496 1227 522 et
1251 496 1380 533 stupore
1405 493 1501 523 nimio
1526 492 1732 532 admirantes,
1758 503 1837 534 quo-

194 544 290 575 modo
314 545 382 585 ipse
407 543 659 584 sapientissimus
683 553 740 574 rex
764 546 796 573 et
820 553 875 573 vos
899 543 958 583 ipsi
982 543 1106 573 avertib
1131 544 1298 583 potueritis
1326 547 1358 574 et
1382 554 1400 574 a
1424 547 1511 574 recta
1539 545 1652 575 semita
1677 544 1839 575 declinare

194 598 292 636 atque
325 606 343 626 a
373 595 450 626 sede
479 595 565 625 beati
588 594 676 625 Petri
708 594 926 635 apostolorum
957 594 1072 624 summi
1096 593 1262 628 recedere.
1294 595 1360 629 cui,
1391 596 1471 625 sieut
1495 596 1697 636 evangelium
1729 595 1838 633 refert,
2033 601 2049 617 ⁶

196 658 258 678 non
282 657 355 677 caro
380 649 412 678 et
435 646 580 687 sanguis,
613 645 645 676 id
670 649 718 676 est
741 645 881 676 humana
905 646 1077 686 sapientia,
1109 645 1165 676 sed
1195 646 1264 685 ipse
1294 656 1350 686 per
1380 657 1413 676 se
1438 650 1530 686 pater
1552 647 1651 677 filium
1676 648 1839 688 proprium
1854 660 2045 683 cfsiiatthaffli.

195 698 361 737 revelavit,
386 708 456 728 cum
480 697 534 728 alii
558 697 641 728 hune
657 697 845 734 Iohannem,
870 697 923 728 alii
947 696 1088 735 Heliam,
1112 696 1166 726 alii
1189 696 1388 727 Hieremiam
1414 701 1468 727 aut
1491 708 1588 728 unum
1612 698 1652 729 de
1677 699 1842 739 prophetis
1856 694 2048 745 ⁰f·3{{‡{{hg}{g}4³

200 751 430 781 existimarent.
483 748 657 780 Scribimus
687 759 762 790 ergo
792 749 848 779 tibi
872 752 1023 790 tanquam
1049 748 1199 779 familiari
1226 752 1259 778 et
1283 749 1463 779 carissimoc
1487 749 1610 783 nobis02
1640 753 1672 780 tu
1701 751 1785 781 enim
1813 751 1844 780 in

200 802 260 833 hac
284 811 380 832 causa
403 801 522 841 primus
546 801 607 841 ipsi
631 801 699 841 regi
724 811 893 841 precursor
925 804 957 831 et
986 800 1051 830 dux
1075 803 1205 830 auctore
1230 799 1300 830 Deo
1324 800 1426 840 fuisti,
1457 803 1490 830 tu
1514 801 1596 831 inter
1619 802 1707 832 illum
1732 805 1764 832 et
1787 813 1843 832 nos

198 853 323 884 medius
348 852 544 883 discurristi³
568 855 600 883 et
622 852 693 883 Deo
718 853 838 893 gratias
862 854 988 891 cuncta,
1017 862 1077 893 que
1103 851 1144 882 ad
1168 851 1305 882 salutem
1328 852 1433 891 gentis
1462 852 1546 882 illius
1570 856 1641 883 acta
1665 856 1750 893 sunt,
1782 864 1843 884 non

198 906 266 935 sine
294 907 348 934 tuo
374 904 548 935 certamine
578 907 650 934 acta
680 906 752 934 sunt
776 907 823 943 et,
854 907 931 944 quot
959 906 991 934 et
1020 905 1155 944 quantos
1182 902 1309 933 labores
1340 913 1397 943 pro
1428 903 1633 934 instructione
1663 905 1759 934 vestri
1786 915 1842 935 nos

200 957 476 997 assumpserimus⁷
501 956 568 996 ipse
593 966 655 986 non
679 956 790 986 neseis.
829 955 871 985 Et
894 955 976 985 bene
1001 954 1129 996 quidem
1154 955 1185 985 in
1209 954 1300 985 nobis
1325 953 1571 985 delectabamini
1596 957 1628 985 et
1651 955 1846 995 spiritalibus

198 1008 325 1049 gaudiis
356 1011 388 1038 et
414 1007 613 1048 profectibus
637 1007 845 1047 fruebamini,
877 1006 933 1037 sed
962 1007 1135 1045 nescimus,
1166 1005 1257 1047 quisd
1280 1016 1336 1036 vos
1365 1005 1405 1036 de
1435 1009 1541 1036 cetero
1571 1006 1748 1047 deceperit,
1776 1008 1845 1047 quis

199 1069 353 1100 organum
380 1059 483 1089 factus
508 1058 642 1098 diaboli,
675 1059 729 1099 qui
759 1058 835 1089 olim
866 1068 923 1098 per
953 1060 1135 1098 serpentem
1163 1056 1264 1087 Evam
1295 1056 1439 1096 seduxit,
1470 1067 1525 1087 vos
1558 1067 1577 1087 a
1611 1060 1698 1088 recto
1729 1058 2048 1095 iti11e1·eef.2.00r.11‚3.

196 1110 312 1142 callida
336 1110 485 1141 suasione
514 1110 695 1141 retraxerit.
741 1109 835 1140 Unde
859 1120 921 1139 non
945 1119 1058 1150 parum
1083 1108 1228 1139 dolemus
1251 1118 1309 1139 nec
1333 1108 1449 1139 leniter
1479 1108 1647 1139 anxiamur
1671 1112 1702 1140 et
1725 1109 1843 1140 idcirco

196 1165 242 1202 te,
268 1162 407 1192 virorum
433 1163 563 1202 optime,
588 1162 808 1199 cohortamur,
832 1161 964 1201 loquere
989 1160 1029 1191 ad
1054 1170 1147 1190 aures
1172 1159 1315 1190 eiusdem
1341 1159 1450 1190 dilecti
1473 1160 1528 1190 filii
1552 1161 1651 1190 nostri
1675 1160 1770 1201 regiS,
1795 1161 1843 1191 cui

197 1217 230 1244 et
249 1213 405 1244 Dominus
429 1214 498 1254 ipse
522 1213 563 1244 ad
587 1223 681 1244 aures
704 1212 943 1254 precordiorum
968 1211 1141 1253 loquaturss,
1166 1214 1201 1241 ut
1223 1211 1359 1252 primam
1384 1211 1479 1241 fidem
1504 1222 1565 1241 non
1590 1211 1687 1242 faciat
1710 1212 1841 1251 irritam,
1858 1222 2049 1245 cf.1.Tim.5,12.

196 1268 231 1296 ut
258 1268 332 1296 ante
357 1276 390 1295 se
420 1265 569 1306 gradiens
598 1267 683 1295 retro
707 1274 910 1305 nequaquam
938 1263 1103 1304 respiciat,
1128 1263 1226 1302 viam,
1255 1273 1351 1304 quam
1381 1262 1582 1302 ambulabat,
1614 1274 1675 1293 non
1705 1263 1842 1303 deserat,
1858 1296 1880 1315 ef
1903 1295 1969 1315 ,Μὴ

198 1317 419 1357 evangelicam
449 1317 537 1357 legat
565 1316 730 1347 historiam
762 1319 794 1347 et
818 1316 926 1346 videat
956 1315 1000 1345 ibi
1028 1316 1178 1356 precipue
1209 1315 1268 1345 soli
1291 1314 1401 1351 Petro,
1432 1315 1503 1344 aliis
1533 1315 1593 1345 ista
1616 1315 1665 1345 vel
1696 1314 1750 1345 illa
1775 1315 1842 1355 opi-
1860 1308 1977 1367 {ledi-133}

198 1368 357 1407 nantibus,
383 1368 542 1399 Christum
560 1367 621 1398 Dei
645 1368 708 1398 vivi
730 1367 830 1398 filium
848 1367 1024 1398 revelatum
1050 1370 1081 1397 et
1098 1366 1301 1407 singulariter
1318 1366 1451 1396 dictum:
1476 1365 1560 1406 ‘Ego
1585 1376 1642 1407 pro
1667 1369 1697 1396 te
1722 1367 1841 1407 rogavi,
1858 1349 1995 1405 ΙΞΟΞΞΞΞ

197 1420 305 1457 Petre,
334 1424 369 1451 ut
392 1430 454 1450 non
479 1419 632 1450 deficeret
655 1418 734 1449 fides
759 1418 833 1449 tua'.
879 1418 965 1459 Ergo
990 1419 1015 1448 si
1039 1418 1106 1448 istis
1129 1418 1180 1448 vel
1204 1417 1265 1448 illis
1289 1418 1371 1448 falsa
1394 1417 1581 1458 putantibus
1605 1418 1702 1448 Petro
1728 1419 1845 1448 veritas

197 1472 349 1513 precipue
378 1471 520 1502 revelata
545 1474 593 1501 est
622 1474 654 1501 et
684 1471 708 1500 si
737 1481 794 1511 pro
819 1470 882 1500 fide
906 1469 996 1500 Petri
1020 1473 1144 1500 oratum
1169 1469 1373 1511 singulariter
1396 1472 1445 1500 est
1468 1480 1486 1500 a
1510 1469 1588 1507 filio,
1619 1480 1659 1500 ne
1683 1469 1844 1509 deficeret,

200 1523 382 1554 consideret
404 1523 532 1563 sapiens
557 1532 623 1560 rex,
648 1532 743 1563 quam
761 1521 965 1552 laudabiliter
982 1521 1118 1562 primum
1142 1521 1264 1561 fecerit,
1288 1520 1409 1551 Urbem
1432 1531 1577 1562 querens,
1602 1520 1641 1551 ad
1667 1532 1761 1562 quam
1786 1521 1845 1551 istc

199 1575 271 1606 talis
299 1577 332 1605 et
360 1577 465 1605 tantus
490 1573 655 1614 apostolus
678 1574 765 1604 venit
795 1576 827 1604 et
856 1573 1046 1614 predicavit,
1077 1574 1125 1603 eui
1157 1576 1247 1613 patre
1275 1572 1438 1604 revelante
1463 1573 1580 1603 veritas
1604 1573 1658 1603 filii
1684 1573 1845 1614 patefacta.

200 1629 249 1657 est
271 1630 304 1657 et
327 1626 416 1656 cuius
439 1625 534 1665 fides,
565 1625 639 1666 quia
662 1625 744 1656 filius
769 1625 907 1666 rogavit,
938 1635 1000 1655 non
1025 1624 1141 1655 deficit.
1193 1624 1244 1655 Ad
1270 1624 1353 1655 hanc
1381 1624 1499 1665 quippe
1524 1624 1704 1655 Romanam
1731 1624 1843 1655 urbem

198 1681 272 1719 post
302 1677 488 1718 Antiochie,
522 1687 617 1718 quam
650 1677 681 1707 in
716 1677 850 1707 transitu
881 1677 1033 1715 visitavit,
1071 1676 1238 1707 fundatam
1271 1676 1438 1707 ecclesiam
1469 1679 1632 1717 tamquam
1667 1676 1708 1706 ad
1737 1676 1845 1706 mundi
1861 1686 1887 1704 cf⁴
1900 1684 2018 1709 aaran.

200 1729 363 1760 dominam
380 1729 565 1769 properavit
589 1731 621 1759 et
644 1728 708 1759 illic
723 1731 956 1769 consequenter
979 1727 1079 1758 filium
1103 1727 1165 1758 Dei
1183 1728 1255 1767 vivi,
1280 1737 1375 1768 quem
1400 1738 1463 1758 non
1487 1737 1581 1758 carne
1606 1728 1657 1758 vel
1681 1728 1845 1768 sanguine,
1862 1736 2050 1759 cs.31„1tt11.1‹;,17.

199 1784 235 1812 ut
256 1781 464 1822 prediximus,
489 1779 546 1810 sed
563 1779 649 1811 Deof
664 1779 839 1819 revelante,
864 1779 946 1810 sicut
961 1780 1118 1810 veraciter
1135 1779 1293 1820 cognovit,
1318 1780 1474 1810 veraciter
1491 1782 1523 1809 et
1543 1779 1729 1820 predicavit,
1754 1790 1849 1820 super

206 1843 301 1873 quam
325 1832 421 1863 etiam
446 1831 581 1862 solidam
599 1831 807 1862 confessionis
830 1834 955 1872 petram
980 1841 1069 1861 suam
1087 1830 1244 1861 Dominus
1267 1831 1436 1862 ecclesiam
1461 1830 1637 1870 fabricavit,
1663 1834 1695 1862 et
1719 1831 1776 1870 hee
1801 1834 1849 1862 est
1863 1838 2053 1863 cf.)1atth.1e‚13.

200 1887 292 1925 petra
316 1883 388 1923 illa,
416 1888 532 1924 ‘suprag
557 1888 683 1924 quamg,
708 1886 743 1914 ut
766 1882 917 1914 Salomon
942 1884 1000 1921 ait,
1025 1884 1181 1924 serpentis
1205 1893 1268 1913 non
1292 1883 1451 1913 invenitur
1473 1883 1652 1923 vestigium.
1703 1882 1767 1913 Pro
1792 1883 1849 1913 hac
1865 1877 2053 1928 cf·55{{,?v52³'1⁸,³,[¹⁹³

200 1937 309 1977 itaque
332 1935 501 1977 purissima
529 1934 592 1965 fide
624 1934 737 1966 beatus
761 1934 876 1965 Petrus
899 1934 1002 1974 Rome
1027 1937 1185 1974 moratus,
1209 1935 1240 1965 in
1264 1934 1324 1965 hac
1347 1933 1499 1964 stabilivit
1522 1933 1692 1965 ecclesiam
1717 1937 1748 1964 et
1771 1934 1848 1964 sede

201 1987 377 2029 apostolica
394 1986 512 2017 diutius
529 1986 708 2027 gubernata
724 1997 781 2027 pro
798 1984 858 2016 hac
875 1985 937 2016 fide
956 1985 1053 2017 decus
1069 1987 1180 2016 mortis
1196 1986 1368 2026 assumpsit
1388 1986 1497 2026 sicque
1514 1989 1656 2016 sanctam
1669 1985 1849 2016 Romanam

203 2039 371 2070 ecelesiam
402 2039 434 2069 in
462 2038 521 2069 hac
545 2038 608 2069 fide
632 2038 799 2069 fundatam
823 2039 952 2079 proprio
977 2038 1131 2079 sanguine
1156 2048 1226 2069 eum
1250 2037 1367 2077 Paulo,
1399 2038 1453 2078 qui
1485 2036 1526 2067 ab
1550 2037 1725 2068 Ierusalem
1749 2047 1849 2078 usque
1864 2048 2052 2073 cf.R0m.15‚19.

201 2091 243 2121 ad
266 2090 457 2131 Hylliricum
480 2090 666 2131 regionem,
690 2090 812 2121 scilieet
835 2090 866 2120 in
890 2100 953 2130 qua
977 2099 1059 2120 nunc
1083 2100 1138 2120 vos
1162 2089 1328 2128 habitatis,
1353 2089 1521 2130 evangelio
1546 2089 1694 2129 replevit,
1719 2088 1847 2119 domino

201 2142 273 2173 Deo
299 2142 497 2173 consecravit
521 2144 553 2172 et
577 2141 751 2178 dedicavit3
785 2152 848 2182 qua
875 2141 937 2172 fide
961 2144 1049 2172 tanto
1078 2141 1160 2172 intra
1188 2141 1285 2172 breve
1313 2144 1439 2181 tempus
1463 2141 1600 2171 Romani
1625 2142 1792 2171 creverunt
1817 2142 1848 2170 et

201 2194 392 2233 floruerunt,
423 2192 480 2223 uth
504 2193 646 2234 prelatus
671 2193 821 2234 egregius
853 2192 1017 2234 apostolus
1048 2203 1124 2223 mox
1154 2193 1184 2223 in
1209 2193 1364 2233 principio
1394 2192 1600 2233 epistolarum
1631 2202 1758 2222 suarum
1790 2201 1846 2232 pro
1862 2202 2023 2227 cf.aom.1,s.

203 2256 242 2276 ea
255 2245 326 2276 Deo
343 2245 463 2286 gratias
479 2255 577 2286 agere
594 2247 627 2275 et
647 2244 834 2276 denuntiare
852 2245 1002 2286 preconia
1022 2244 1178 2276 videatur.
1210 2244 1303 2276 Hanc
1320 2244 1442 2285 itaquei
1458 2243 1555 2275 fidem
1570 2254 1707 2284 suggere
1724 2253 1851 2283 semper

204 2300 237 2328 et
259 2296 373 2336 suade,
402 2296 585 2336 karissime,
614 2297 667 2337 pio
692 2297 761 2337 regi
784 2296 871 2327 sitire
881 2296 905 2337 ¹¹,
935 2296 1017 2327 hanc
1040 2307 1103 2327 non
1127 2295 1203 2327 alibi
1226 2296 1379 2337 precipue
1404 2305 1538 2337 querere
1566 2296 1624 2325 nisi
1648 2295 1766 2334 Rome,
1796 2293 1851 2324 ubi

202 2348 346 2390 plantata
363 2351 412 2379 est
428 2351 461 2379 et
472 2347 616 2378 radicata
632 2358 651 2378 a
668 2347 764 2378 beato
775 2347 884 2387 Petro,
903 2349 955 2389 qui
972 2348 1063 2388 hanc,
1081 2351 1115 2378 ut
1132 2358 1228 2388 supra
1242 2347 1448 2386 ostendimus,
1465 2347 1546 2378 sicut
1558 2347 1715 2378 veraciter
1731 2356 1849 2386 cogno-

202 2400 257 2440 vit,
274 2400 432 2430 veraciter
449 2402 481 2430 et
497 2399 683 2440 predicavit.
718 2399 876 2435 Quoniam
894 2401 975 2431 sicut
995 2410 1079 2441 aqua
1095 2409 1257 2440 nunquam
1274 2402 1380 2440 potest
1396 2398 1472 2429 alibi
1489 2401 1554 2429 tam
1578 2398 1695 2429 munda
1712 2397 1762 2428 vel
1785 2399 1850 2427 tam

204 2451 338 2492 limpida
361 2450 633 2492 quemadmodum
657 2452 688 2481 in
712 2451 812 2491 fonte,
836 2451 920 2482 unde
938 2452 1093 2493 originem
1111 2451 1277 2492 protrahit,
1300 2450 1444 2487 inveniri,
1468 2450 1512 2480 ita
1534 2453 1567 2480 et
1589 2449 1668 2479 fides
1691 2458 1851 2489 nunquam

311 2566 352 2592 67-
381 2566 404 2598 ²)
422 2576 453 2600 g·
472 2568 499 2592 z’n
517 2576 569 2593 raS.
590 2568 622 2594 R.
693 2567 717 2600 b)
738 2577 804 2594 corr.
817 2578 848 2594 ez
865 2570 964 2594 adverti
984 2569 1016 2594 R.
1086 2568 1109 2600 ο)
1129 2578 1195 2594 corr.
1208 2577 1239 2594 erc
1255 2569 1321 2593 caris
1339 2569 1365 2593 in
1383 2568 1455 2592 nobis
1474 2567 1509 2592 al.
1522 2576 1591 2592 man.
1611 2567 1642 2591 R.
1713 2564 1737 2598 d)
1756 2567 1800 2598 qui
1819 2566 1850 2590 ll.

164 2621 190 2639 45
211 2610 234 2641 8)
252 2610 371 2642 loquetur
389 2610 422 2635 R.
494 2609 514 2642 ¹)
533 2619 562 2636 eo
584 2611 612 2635 Η.
683 2610 708 2643 Β)
727 2620 793 2636 corr.
807 2620 837 2637 erc
855 2620 960 2645 supram
979 2613 1014 2637 al.
1028 2620 1097 2637 man.
1116 2611 1147 2636 11‘.
1218 2610 1244 2643 ¹¹)
1263 2615 1288 2636 et
1306 2610 1338 2636 R.
1408 2608 1427 2641 i)
1446 2618 1509 2641 -que
1529 2610 1590 2634 add.
1608 2617 1688 2640 supra
1707 2608 1798 2633 lineam
1820 2608 1850 2631 R.

205 2651 231 2683 k)
250 2661 317 2678 corr.
330 2661 360 2678 em
378 2653 412 2678 sit
430 2654 466 2678 ire
485 2654 520 2679 al.
533 2662 604 2679 man.
622 2653 654 2679 R.

311 2736 336 2769 1)
356 2736 502 2763 Familiari
513 2738 591 2772 regis,
603 2738 651 2771 qui
663 2738 717 2763 iam
731 2738 811 2771 prius
824 2739 861 2764 bis
875 2739 976 2772 legatus
988 2739 1043 2764 eius
1058 2746 1136 2771 penes
1149 2738 1291 2764 Nicolamn
1302 2737 1326 2763 Ι.
1340 2740 1364 2763 et
1376 2736 1553 2763 I-Iaclrt'ammz
1568 2736 1605 2761 ΙΙ.
1615 2735 1752 2768 pontifices
1770 2743 1794 2760 a.
1805 2737 1852 2759 866

207 2780 229 2804 et
249 2786 273 2804 α.
288 2781 337 2805 868
357 2779 394 2805 rel
405 2782 452 2806 869
470 2779 569 2812 fumat,
587 2780 620 2811 cf.
635 2780 773 2806 Diimmler
791 2781 807 2807 l.
821 2780 837 2807 l.
858 2781 912 2813 11²,
933 2785 989 2807 2515.
1011 2795 1042 2799 -
1067 2780 1095 2806 V.
1115 2780 1194 2806 etiam
1212 2788 1238 2805 n.
1253 2783 1305 2805 192.
1376 2779 1403 2811 2)
1428 2778 1455 2804 V.
1470 2786 1495 2804 u.
1509 2782 1547 2803 (ἐϋ.
1618 2777 1644 2807 3)
1667 2776 1706 2807 Cf.
1725 2778 1818 2802 annot.
1830 2780 1851 2801 1.
