2189 3042
147 737 172 758 10

147 995 172 1014 1⁵

149 1252 174 1272 20

149 1509 172 1528 2⁵

149 1766 174 1786 80

149 2024 173 2043 ³5

150 2397 175 2416 40

152 2659 176 2678 45

576 169 775 196 EPISTOLAE
794 169 842 196 AD
862 169 928 197 RES
947 169 1175 197 ORIENTALES
1195 168 1430 196 SPEGTANTES
1451 169 1473 196 1.
1785 172 1845 202 373

197 257 351 297 ὑμετέρας
366 256 524 298 βασιλείας
539 257 568 287 τί
585 269 678 297 φησι,·
701 256 771 297 “Μὴ
795 257 950 297 φοβεῖσθε
974 256 1038 288 ἀπὸ
1061 259 1124 288 τῶν
1149 256 1407 288 ἀποκτενόντωνᾶ
1430 256 1464 287 τὸ
1488 258 1592 296 σῶμα,
1615 256 1670 297 τὴν
1687 256 1721 288 δὲ
1739 257 1847 298 ψυχὴν

196 308 241 349 μὴ
267 309 457 348 δυναμένων
481 308 681 339 ἀποκτεῖναιῖ
720 307 810 340 Ἀλλὰ
840 309 893 340 καὶ
919 309 961 340 ἔτι
983 309 1054 349 περὶ
1077 312 1130 349 τῆς
1153 308 1450 348 καταπιστευθείσης
1472 308 1547 348 ἡμῖν
1571 308 1732 343 διακονίας
1755 309 1848 350 φησί;

1862 269 1939 291 Matth.
1952 272 1986 295 10,
1996 272 2027 291 28-

198 359 270 391 ’Σοὶ
294 361 392 391 δώσω
416 360 470 394 τὰς
492 360 575 394 κλεῖς
597 363 651 400 τῆς
674 360 832 401 βασιλείας
861 363 925 391 τῶν
955 360 1118 401 οὗρανῶν’
1143 360 1197 391 καὶ
1226 359 1262 390 τὰ
1292 360 1372 400 ἑξῆς.
1418 359 1608 400 Παρακαλῶ
1632 359 1689 391 οὗν
1711 360 1766 401 τὴν
1790 360 1848 401 σὴν
1862 371 2032 397 Matthdffim.

198 411 362 452 εὐλάβειαν
386 411 612 447 ἕξακολουθεῖν
636 423 670 442 σε
691 414 757 446 ταῖς
781 412 937 448 διατάξεσι
959 414 1023 443 τῶν
1045 412 1237 454 κορυφαίων
1258 411 1446 442 ἀποστόλων
1466 411 1519 442 καὶ
1542 412 1717 452 φροντίζειν
1741 424 1775 443 σε
1797 416 1850 453 τῆς

197 463 319 494 τούτων
341 466 441 503 τιμῆς.
469 462 514 493 ‘H
533 462 593 503 γὰρ
620 462 806 497 κατάστασις
828 463 882 494 καὶ
906 463 1125 503 ἀρχιερωσύνη
1156 465 1270 494 πασῶν
1300 465 1363 493 τῶν
1391 463 1423 493 ἒν
1454 465 1499 502 τῷ
1527 463 1643 503 κόσμῳ
1674 463 1851 504 ἐκκλησιῶν

198 513 286 554 παρὰ
309 516 364 544 τοῦ
387 515 570 554 κορυφαίου
593 513 721 554 Πέτρου
746 514 801 555 τὴν
824 514 927 555 ἀρχὴν
951 514 1088 552 ἐδέξατο,
1120 513 1157 544 δι’
1177 512 1215 544 οὗ
1238 514 1291 544 καὶ
1315 515 1405 554 ἡμεῖς
1433 514 1639 554 ἀκεραιοτάτῃ
1665 514 1851 555 διδασκαλίᾳ

198 564 318 599 πάντας
341 566 557 606 νουθετοῦμεν
579 566 633 596 καὶ
657 565 860 606 διδάσκομεν.
898 565 943 596 ‘H
963 565 998 596 δὲ
1021 565 1059 605 σὴ
1083 565 1223 606 βασιλεία
1246 565 1290 605 μὴ
1315 564 1379 596 ἀπὸ
1410 567 1473 596 τῶν
1501 566 1671 606 ἐλαχίστων
1701 567 1852 606 στοχαζο-

198 617 278 657 μένη
304 617 353 648 ἐπὶ
375 616 412 647 τὰ
435 617 565 657 κρείττω
589 617 644 657 τὴν
667 618 799 657 ἔρευναν
822 617 959 653 ποιείτω,
985 616 1061 648 ἀλλὰ
1085 617 1287 653 κατανοείτω,
1312 617 1344 648 ἐν
1366 617 1443 657 ποίᾳ
1467 617 1599 657 δυνάμει
1626 620 1721 648 ταῦτα
1751 618 1847 658 πράτ-

199 680 259 699 τειν
282 668 437 708 ἐπιχειρεῖ.

307 727 346 759 ‘O
368 727 448 758 κατὰ
477 730 532 759 τοῦ
561 727 735 768 ἄγιωτάτου
759 727 932 768 Ιῑζῖαρίνου1
956 727 1010 762 τὰς
1033 728 1213 762 θεοπεὶθεῖς
1241 728 1343 762 ἀκοάς
1373 739 1431 759 σου
1461 729 1656 768 καταμιάνας
1688 729 1767 760 κατὰ
1797 732 1852 760 τοῦ

199 780 313 819 κυρίου
337 780 432 820 ἡμῶν
456 779 557 820 Ἰησοῦ
581 779 722 820 Χριστοῦ
752 779 980 820 βλασφημῆσαι
1007 779 1158 820 ἐτόλμησε
1188 782 1242 810 τοῦ
1274 781 1317 819 τῷ
1344 779 1472 819 νεύματι
1496 780 1691 815 διοικοῦντος
1716 780 1750 811 τὸ
1780 783 1852 812 πᾶν,

202 830 253 865 Τίς
277 831 294 862 ὁ
318 830 397 862 κατὰ
421 833 475 862 τοῦ
499 831 678 872 ἀμωμήτου
702 831 799 862 αὐτοῦ
829 831 970 871 νυμφίου
1002 830 1055 861 καὶ
1084 831 1196 871 ἱερέως
1225 830 1278 861 καὶ
1307 830 1387 861 κατὰ
1417 833 1470 871 τῆς
1498 831 1619 871 μητρὸς
1648 835 1761 863 πασῶν
1790 834 1853 863 τῶν

200 882 377 923 ἐκκλησιῶν
406 883 505 922 λέγειν
536 883 711 923 τολμήσας,·
744 882 908 915 Ἀπατᾶται
938 882 956 913 ὁ
986 882 1147 922 νομίζωνῦ
1176 881 1325 923 μαθητὴς
1354 881 1431 913 εἶναι
1465 883 1542 923 ὗπὲρ
1572 882 1625 914 τὸν
1661 884 1852 915 διδάσκαλον

200 934 253 965 καὶ
270 934 386 969 δοῦλος
401 934 481 975 ὑπὲρ
503 934 557 966 τὸν
579 935 691 975 κύριον
714 935 821 966 αὐτοῦ.
853 933 1113 975 Ἐκπληττόμεθα
1129 934 1171 968 εἷς
1187 933 1242 974 τὴν
1260 934 1317 974 σὴν
1334 934 1569 974 ἀπηρτισμένην
1584 934 1637 965 καὶ
1653 935 1852 975 λελαμπρυσ-

199 986 300 1026 μένην
332 986 463 1022 σύνεσιν,
493 988 565 1020 πῶς
596 985 715 1027 ἓκλάπη
748 985 801 1016 καὶ
830 985 909 1016 κατὰ
941 989 996 1017 τοῦ
1029 986 1120 1026 ἁγίου
1151 985 1269 1026 ἀνδρὸς
1301 985 1422 1017 ἐκείνου
1453 986 1590 1017 ἐναντίον
1625 998 1650 1017 τι
1683 986 1853 1026 διενόησεν.

199 1036 332 1071 Ὁποῖος
359 1037 419 1077 γὰρ
442 1038 482 1068 ἂν
504 1037 573 1078 ῆνῖ,
596 1039 658 1078 κᾷν
681 1038 770 1078 ἡμεῖς
793 1038 1023 1078 σιωπήσωμεν,
1054 1038 1084 1068 οἳ
1112 1037 1196 1068 λίθοι
1224 1036 1441 1077 κεκράξονται.
1478 1036 1589 1069 Ἄλαλα
1621 1038 1788 1078 γενηθήτω
1818 1038 1853 1069 τὰ

200 1089 285 1129 χείλη
316 1088 353 1119 τὰ
383 1088 471 1119 δόλια
499 1088 535 1119 τὰ
566 1089 719 1120 λαλοῦντα
746 1088 826 1120 κατὰ
855 1092 911 1120 τοῦ
943 1089 1023 1120 θεοῦ
1054 1089 1189 1130 ἀνομίαν
1220 1090 1239 1129 ἢ
1270 1092 1325 1120 τοῦ
1356 1089 1489 1120 δικαίου.
1535 1089 1579 1120 Εἰ
1605 1089 1768 1130 πρόβατον
1800 1093 1855 1121 τοῦ

201 1140 281 1171 θεοῦ
312 1139 494 1181 ὗπάρχεις3,
525 1140 641 1175 καθὼς
670 1141 819 1181 εὔχομαι,
849 1140 894 1181 μὴ
925 1140 1094 1180 ὗπέρβαινε
1123 1139 1177 1174 τὰς
1209 1140 1306 1175 ὁδοὺς
1341 1143 1405 1171 τῶν
1434 1142 1627 1181 κορυφαίων
1658 1141 1854 1172 ἀποστόλων.

200 1191 291 1227 Εἰπέ,
321 1192 364 1226 τίς
394 1204 428 1223 σε
456 1192 624 1232 ἠπάτησεν,
652 1192 799 1232 ἀρχιερέα
835 1191 1059 1232 οἵκουμενικὸν
1088 1192 1290 1232 κωμῳδῆσαι
1320 1192 1373 1223 καὶ
1403 1192 1459 1232 τὴν
1488 1192 1575 1232 ἱερὰν
1603 1195 1667 1223 τῶν
1686 1192 1856 1232 Ῥωμαίων

201 1243 423 1284 κακοφημίσαι
453 1243 630 1284 ἐκκλησίαν,
661 1242 682 1284 ᾗ
704 1242 782 1283 μετὰ
806 1243 1052 1284 σεβασμιότητος
1075 1242 1208 1283 ὀφείλεις
1230 1243 1474 1281 ῦποτάττεσθαι,·
1490 1243 1539 1274 ’H
1550 1244 1588 1274 οὗ
1612 1245 1784 1284 γινώσκεις,
1809 1245 1856 1276 ὅτι

201 1296 315 1325 πασῶν
337 1297 401 1326 τῶν
425 1295 603 1335 ἐκκλησιῶν
625 1295 703 1335 αὕτη
732 1294 897 1335 κατάρχει,·
931 1294 982 1329 Τίς
1011 1306 1046 1326 σε
1074 1297 1138 1326 τῶν
1162 1295 1337 1336 ἀρχιερέων
1365 1295 1474 1336 κριτὴν
1496 1297 1692 1336 κατέστησεν,
1720 1296 1767 1328 ὧν
1790 1300 1856 1332 ταῖς

202 1346 299 1385 ἱεραῖς
327 1346 541 1381 διδασκαλίαις
568 1347 759 1386 κατήρτισαι,
788 1346 863 1387 παρ’
888 1346 935 1378 ὧν
959 1346 1049 1387 εὐχαὶ
1077 1346 1149 1387 περὶ
1180 1349 1239 1378 σοῦ
1269 1349 1314 1387 τῷ
1341 1347 1411 1387 θεῷ
1434 1347 1662 1387 ἀναφέρονται,·
1692 1347 1791 1383 Οἶδας
1822 1348 1856 1380 τὸ

201 1397 329 1438 φάσκον
361 1397 472 1438 ῥητόν.·
504 1397 574 1438 ἽΡΙὴ
606 1398 743 1429 ἅπτεσθε
774 1400 838 1429 τῶν
865 1400 1003 1438 χριστῶν
1032 1410 1098 1438 μου
1131 1398 1185 1429 καὶ
1217 1398 1250 1429 ἒν
1278 1401 1343 1433 τοῖς
1373 1400 1553 1440 προφήταις
1581 1411 1645 1439 μου
1677 1399 1723 1440 μὴ
1755 1412 1853 1441 πονη-

201 1449 354 1489 ρεύεσθε.’
391 1449 491 1480 Τοῦτο
511 1449 583 1489 περὶ
604 1448 733 1480 πάντων
749 1451 811 1480 τῶν
829 1449 942 1489 ἱερέων
964 1450 1088 1490 εἴρηται.
1122 1449 1174 1489 Τῷ
1197 1450 1267 1490 θεῷ
1291 1450 1403 1481 ἑαυτὸν
1427 1451 1540 1487 ἕξισοῖς
1563 1451 1581 1481 ὅ
1604 1451 1677 1485 τοὺς
1700 1451 1853 1491 ἀγγέλους

202 1501 299 1532 αὐτοῦ
330 1504 433 1541 κρῖναι
462 1501 599 1540 τολμῶν.
637 1500 731 1540 Λέγει
761 1499 821 1540 γὰρ
850 1500 868 1530 ὁ
894 1500 1079 1541 προφήτης.·
1108 1499 1217 1541 εΧείλη
1247 1501 1358 1541 ἱερέως
1386 1502 1512 1542 λαλήσει
1540 1502 1642 1542 κρίσιν
1669 1502 1723 1533 καὶ
1751 1502 1853 1543 νόμον

201 1553 426 1593 ε’κζητήσουσιν
449 1553 485 1583 ἐκ
513 1551 668 1592 στόματος
699 1551 806 1590 αὐτοῦ,
835 1551 880 1582 ὅτι
910 1551 1043 1591 ι’ίγγελος
1073 1552 1187 1592 κυρίου
1216 1551 1476 1593 παντοκράτορός
1505 1553 1587 1584 ἕστι.’
1632 1553 1714 1588 Πῶς
1741 1555 1856 1594 κρίνεις

200 1603 273 1638 τοὺς
295 1607 332 1644 τῇ
355 1606 410 1634 τοῦ
434 1604 514 1634 θεοῦ
543 1603 649 1644 ψήφῳ
676 1603 761 1643 μόνῃ
789 1603 1020 1643 ὑποκειμένους
1049 1603 1103 1634 καὶ
1131 1603 1286 1644 λαβόντας
1313 1604 1436 1644 μόνους
1468 1605 1614 1640 ἐξουσίαν
1645 1605 1770 1646 δεσμεῖν
1799 1607 1853 1637 καὶ

200 1655 299 1693 λύειν,
330 1655 444 1694 Βλέπε,
468 1656 511 1689 εἷς
534 1657 626 1686 ποῖον
649 1654 776 1695 βόθρον
799 1654 912 1686 ἑαυτὸν
934 1654 1171 1695 κατηκόντισας.
1210 1655 1333 1687 Ἀκούω
1356 1655 1428 1696 περὶ
1451 1659 1519 1692 σοῦ,
1542 1656 1855 1697 μεγαλοπρεπέστατε

201 1707 410 1747 αὐτοκράτορ,
434 1709 489 1738 τοῦ
512 1706 586 1747 Ἰὼβ
607 1706 664 1747 τὴν
686 1706 850 1747 πρᾳότητα
874 1706 928 1737 καὶ
951 1707 1119 1747 καρτερίαν
1142 1707 1318 1747 κεκτῆσθαί
1339 1719 1382 1743 σε,
1414 1707 1468 1738 καὶ
1490 1708 1664 1749 θαυμάζω,
1691 1711 1763 1743 πῶς
1786 1709 1856 1750 ε’ξη-

201 1759 329 1800 νέχθης.
357 1758 527 1800 ’Έγραψας
549 1757 645 1789 αὐτὸν
667 1759 712 1799 μὴ
737 1757 814 1789 εἶναι
837 1758 1020 1790 ἐπίσκοπον.
1061 1758 1177 1790 Πόθεν
1200 1759 1317 1799 ἔγνως,·
1346 1759 1390 1790 Εἰ
1411 1759 1446 1790 δὲ
1469 1760 1529 1790 οὐκ
1554 1760 1665 1800 ἔγνως,
1689 1763 1760 1794 πῶς
1782 1772 1855 1791 κατ-

201 1811 343 1851 έκρινας,·
365 1810 500 1851 Μεγάλη
524 1812 588 1841 τῶν
611 1810 787 1850 ἀρχιερέων
803 1810 822 1850 ἠ
841 1810 983 1850 δύναμις.
1023 1809 1092 1841 Οὐκ
1109 1811 1233 1850 ἀγνοεῖς
1255 1810 1291 1841 τὰ
1315 1810 1394 1841 κατὰ
1417 1811 1472 1842 τὸν
1486 1812 1648 1852 μακάριον
1665 1812 1854 1853 Ἀμβρόσιον

200 1862 254 1893 καὶ
275 1862 312 1893 τὰ
336 1862 370 1898 ἒξ
393 1862 490 1893 αὐτοῦ
514 1861 557 1896 εἷς
579 1861 633 1892 τὸν
654 1861 784 1902 βασιλέα
808 1860 1016 1899 Θεοδόσιον4,·
1044 1861 1084 1893 Οἳ
1105 1862 1248 1901 λέγοντες
1270 1861 1324 1893 τὸν
1339 1862 1489 1902 Μαρῒνον
1511 1862 1667 1903 πρότερον
1690 1863 1766 1894 εἶναι
1790 1864 1855 1894 ἒπί-

202 1925 333 1950 σκοπον,
363 1913 557 1950 δειξάτωσαν
580 1915 680 1944 τοῦτο.
719 1912 787 1948 Ἰδέ,
810 1913 996 1954 ἠγαπημένε
1025 1913 1079 1944 καὶ
1107 1916 1198 1953 τιμῆς
1227 1913 1294 1949 ἄξιε
1317 1913 1524 1954 αὐτοκράτορ,
1548 1914 1577 1945 εἶ
1601 1914 1674 1945 καὶο
1697 1914 1854 1946 ε’κωλύετο

201 1964 265 1996 ὕπὸ
287 1967 343 1996 τοῦ
367 1965 504 1999 κανόνος
514 1965 536 2002 ⁵,
560 1965 640 2005 ὅπερ
663 1965 723 1995 οὐκ
746 1964 796 2004 ἦν,
824 1964 859 1995 τὸ
883 1964 1008 2005 πλῆθος
1030 1966 1094 1995 τῶν
1117 1964 1218 2004 ἇγίων
1245 1965 1393 2005 πατέρων
1423 1965 1476 1996 καὶ
1505 1965 1525 2005 ἡ
1554 1965 1675 1997 τούτων
1706 1966 1854 1997 αῧθεντία

201 2016 256 2048 καὶ
283 2016 384 2057 κρίσις
414 2016 553 2056 ἠδύνατο
584 2018 694 2047 τοῦτον
723 2016 980 2056 ἀποκαταστῆσαι
1009 2016 1042 2047 ἒν
1071 2018 1117 2056 τῷ
1145 2016 1266 2056 πρώτῳ
1300 2017 1433 2057 βαθμῷ,
1468 2016 1533 2048 ἀλλ’
1563 2018 1582 2058 ἡ
1615 2017 1687 2048 θεία
1718 2018 1854 2058 πρόνοια

202 2068 372 2107 ἐπιγνοῦσα
395 2070 449 2108 τῆς
470 2069 526 2098 τοῦ
549 2067 629 2098 θεοῦ
653 2067 821 2107 ἐκκλησίας
843 2067 898 2107 τὴν
921 2067 1087 2107 ὠφέλειαν,
1111 2069 1156 2107 τῷ
1178 2067 1292 2108 θρόνῳ
1314 2070 1425 2099 τοῦτον
1448 2070 1503 2099 τοῦ
1526 2069 1709 2109 κορυφαίου
1725 2068 1853 2110 Πέτρου

201 2119 389 2160 καθίδρυσε.
435 2118 471 2149 Τί
492 2118 543 2156 δέ,·
566 2118 584 2149 ὃ
606 2118 706 2158 μέγας
729 2117 762 2148 Γ
758 2117 932 2159 ρηγόριος6
956 2118 974 2149 ὁ
997 2118 1162 2159 θεολόγος,
1187 2119 1226 2150 οὗ
1248 2119 1416 2159 μετέπεσεν
1439 2120 1482 2155 εἷς
1503 2120 1687 2157 Ναζιανζὸν
1710 2120 1763 2152 καὶ
1786 2121 1855 2152 Με-

201 2172 299 2205 λέτιος
321 2170 513 2211 Σεβαστείας
542 2170 585 2204 εἷς
607 2168 811 2210 Ἀντιόχειαν,·
842 2169 896 2201 καὶ
925 2170 1080 2204 Δοσίθεος
1102 2170 1292 2205 Σελευκείας
1321 2171 1364 2205 εἷς
1389 2170 1513 2211 Ταρσὸν
1541 2174 1596 2212 τῆς
1618 2171 1770 2208 Κιλικίας,
1800 2173 1854 2204 καὶ

202 2220 390 2263 Βερέντιος(1
418 2221 482 2252 ἀπὸ
509 2223 563 2261 τῆς
591 2220 843 2262 Ἀρχιφοινίκηςθ
872 2222 914 2256 εἷς
940 2221 1053 2262 Τύρον,
1082 2221 1234 2263 Ἰωάννης
1265 2225 1319 2263 τῆς
1340 2222 1374 2253 Γ
1371 2222 1536 2263 ορδολίαςῖ
1564 2224 1606 2258 εἷς
1628 2223 1854 2265 Προκόνησον,

305 2388 330 2420 a)
348 2388 383 2412 sic
395 2387 468 2412 codd.
473 2395 482 2417 ,·
499 2387 567 2419 forte
579 2384 793 2413 ἀποκτεινόντων.
855 2385 880 2418 b)
893 2385 1032 2419 ὀνομάζων
1044 2387 1082 2419 M,
1095 2387 1145 2412 Vat
1156 2389 1184 2413 in
1197 2392 1272 2420 textu,
1287 2387 1418 2420 ὄνομίζων
1432 2388 1482 2413 Vat
1500 2389 1526 2413 in
1544 2397 1627 2421 marq.
1694 2389 1716 2421 ⁰)
1730 2397 1777 2414 om.
1789 2389 1853 2415 Bav.

203 2430 228 2464 d)
245 2429 418 2464 Ῥεβερὲντιος
438 2429 512 2455 Socr.
525 2429 542 2454 Ζ.
556 2429 582 2459 L,
601 2429 636 2461 cf.
649 2437 711 2455 ann.
724 2430 771 2461 12;
789 2427 955 2462 ῥεβερέντιος
974 2438 1040 2456 corr.
1055 2439 1085 2456 ex
1103 2428 1236 2463 βερέντιος
1258 2430 1306 2457 Ott.
1402 2431 1424 2463 Θ)
1443 2430 1548 2463 Ἀρκῶν
1565 2433 1610 2464 τῆς
1632 2429 1760 2464 Φοινίκης
1781 2432 1854 2458 Socr.

202 2474 222 2504 f)
240 2473 347 2506 Γόρδου
367 2474 411 2505 τῆς
430 2469 530 2499 Λυδίας
550 2471 623 2497 socr.

307 2567 333 2600 1)
351 2566 481 2600 Episccmi
501 2566 646 2598 caerensis,
666 2566 834 2599 ,postmodum
852 2567 948 2594 summi
960 2567 1100 2601 pontificis
1120 2571 1270 2596 882-884.
1381 2569 1408 2603 2)
1427 2569 1553 2596 Photimn
1576 2569 1765 2604 patriarcham
1785 2569 1852 2596 Con-

203 2609 476 2643 stantfinopolitanum
505 2611 591 2636 858—
603 2612 660 2643 867,
687 2613 736 2636 878
746 2613 834 2636 -886
855 2609 900 2637 hic
921 2609 1059 2645 designari
1078 2611 1252 2646 manifeetum
1275 2614 1319 2639 est.
1442 2613 1469 2645 3)
1496 2612 1536 2645 Cf.
1552 2613 1736 2639 allocutionem
1753 2612 1854 2638 Basilii

203 2661 292 2687 supra
306 2661 334 2686 p.
348 2655 396 2679 372
414 2660 481 2679 arm.
497 2655 513 2678 5
530 2651 678 2686 lamdatam,
696 2652 735 2679 ed.
751 2653 844 2687 Miqne
863 2653 940 2679 Ραὺν,
953 2653 998 2680 lat.
1013 2653 1155 2687 CXXIX,
1169 2658 1216 2681 173
1229 2655 1266 2682 D.
1371 2655 1398 2688 4)
1419 2655 1458 2687 Os.
1472 2655 1605 2682 Ambrosii
1623 2655 1697 2689 epist.
1709 2655 1746 2681 ed.
1761 2655 1854 2688 Miyne

204 2696 280 2722 Pabr.
294 2695 341 2722 tat.
352 2695 434 2728 XVI,
444 2698 508 2722 1209
524 2703 552 2722 n.
565 2699 602 2722 61.
698 2695 725 2728 5)
746 2695 786 2728 Cf.
800 2703 860 2723 casn.
874 2698 958 2730 apost.
969 2701 1010 2729 14,
1027 2704 1096 2723 ccmo.
1110 2697 1226 2725 Nicaen.
1239 2705 1260 2724 e.
1272 2702 1309 2731 15,
1327 2706 1400 2725 wne.
1413 2697 1516 2725 Sardio.
1529 2705 1550 2724 c.
1562 2702 1577 2724 1
1590 2698 1699 2731 interpr.
1710 2697 1852 2732 Dionysio,

204 2739 241 2766 ed.
257 2739 349 2773 Miyne
368 2738 444 2765 Patr.
458 2738 504 2765 lat.
517 2737 647 2771 LXVII,
660 2742 716 2771 145,
730 2742 785 2772 150,
801 2743 852 2766 175.
958 2739 984 2772 6)
1001 2739 1048 2765 Ad
1066 2739 1137 2767 hanc
1154 2741 1244 2767 seriem
1262 2742 1442 2775 episcoporum
1463 2750 1481 2767 a
1500 2741 1620 2775 pristina
1641 2741 1699 2767 sede
1719 2741 1750 2767 in
1770 2741 1853 2768 aliam

204 2782 396 2809 translatorum
413 2782 448 2814 cf.
461 2781 581 2808 Socratis
599 2781 672 2808 Hist.
685 2782 769 2809 eccles.
781 2781 846 2814 VII,
857 2785 898 2814 36,
917 2782 954 2809 ed.
968 2782 1003 2809 R.
1015 2782 1123 2817 Hussey
1140 2784 1226 2817 (1853)
1243 2784 1286 2817 ΙΙ,
1299 2787 1388 2817 817341.

1867 895 1897 916 cf.
1903 894 1980 916 Matth.
1987 897 2021 920 10,
2026 896 2060 916 24.

1871 1036 1898 1055 cf.
1906 1036 1960 1057 Luo.
1969 1038 2041 1061 1930.

1869 1062 1898 1082 cf.
1908 1061 1946 1084 Pe.
1957 1064 1990 1088 ³0,
2000 1065 2032 1084 1⁹.

1869 1399 1888 1417 1.
1900 1395 1972 1417 Pax-al.
1984 1398 2017 1421 16,
2026 1397 2060 1418 2².

1871 1422 1905 1443 ΡΞ.
1920 1424 1965 1448 1⁰⁴,
1976 1424 2009 1444 15.

1867 1516 1916 1538 Mal.
1927 1518 1974 1542 m.

1867 1619 1895 1638 cf.
1903 1618 1981 1640 Matth.
1988 1621 2063 1644 16,l9·
