2189 3042
138 907 163 925 10

139 1189 162 1207 15

142 1446 166 1464 20

142 1704 165 1722 25

148 2651 174 2669 40

625 159 802 187 IOHANNIS
821 159 897 186 VIII.
915 159 1032 185 PAPAE
1054 158 1252 185 EPISTOLAE
1274 158 1382 185 71—73.
1783 160 1822 189 (57

179 259 238 280 nos
261 248 440 280 decrevisse
464 247 523 279 sibi
544 247 742 288 episcopium
765 246 899 286 restitui,
924 245 1009 286 quod
1033 255 1106 276 eum
1133 245 1165 275 in
1188 244 1318 285 regione
1343 243 1518 275 Grecorum
1542 244 1629 285 prius
1657 243 1827 274 habuisses*

182 300 372 337 constiterit;
395 310 490 341 porro
514 301 547 330 et
569 299 595 329 si
617 308 780 339 nunquam
795 297 916 337 habuit,
937 307 1053 328 vacans
1076 296 1121 327 illi
1145 296 1250 335 tribui,
1274 296 1299 326 si
1323 299 1430 327 tamen
1455 296 1526 326 talis
1542 305 1679 336 persona
1702 296 1752 335 sit,
1776 295 1825 325 cui

181 352 269 383 nulla
291 352 324 382 in
346 351 407 382 hoc
430 351 543 391 regula
566 353 693 391 patrum
717 349 824 380 valeat
848 348 988 379 obviare.

285 408 386 432 MISSA
404 408 469 431 PER
491 407 634 431 PAULUM
658 407 701 430 ET
720 403 919 430 EUGENIUMb
937 404 1125 429 EPISCOPOS.

285 455 380 479 DATA
398 454 465 478 XVI.
484 454 542 478 DIE
565 453 678 478 MENSE
697 453 832 483 APRILE,
852 452 1049 477 INDICTIONE
1067 452 1111 476 XI.

980 606 1029 635 72.

290 666 450 698 Iohannes
470 665 564 697 VIII.
586 675 677 704 papa
704 664 829 695 Basilio
863 663 1046 703 imperatori
1072 666 1177 703 utpote
1206 663 1369 694 Romanae
1398 662 1540 694 ecclesiae
1568 663 1690 700 finctori
1719 662 1830 693 missos

182 728 256 749 suos
278 717 418 749 Paulam
442 717 709 757 (Anconitanum)
740 719 768 747 et
791 716 971 755 aneniam
993 714 1197 755 (Ostiensem)
1221 715 1393 754 episcopos,
1424 714 1480 753 qai
1510 714 1538 744 ci
1558 714 1747 753 gyravamina
1769 723 1830 744 sua

182 770 376 806 denuntient,
399 768 599 800 commendat.
1452 767 1516 796 878
1539 765 1633 805 (Apr.
1651 765 1742 805 289).

297 849 372 876 Coei:
401 849 428 875 R
445 851 466 882 f.
479 850 521 875 35¹
540 857 567 874 n.
581 852 614 874 71.

286 897 372 923 Edd..·
399 896 495 922 Editio
512 896 638 922 Romana
656 896 741 929 (1591)
760 895 820 927 HI,
840 898 887 921 358
905 902 931 920 n.
945 897 983 920 81.
1021 893 1115 919 Mansa·
1137 893 1214 919 Cone.
1228 893 1283 919 coll.
1300 893 1398 925 XVII,
1420 897 1451 918 70
1468 902 1495 918 vl.
1509 896 1547 919 81.
1585 892 1677 926 Miync
1696 893 1771 920 Patr.
1786 894 1830 919 lat.

185 940 321 973 CXXVI,
343 943 389 966 767
404 944 499 966 n.114.
520 955 551 957 —
570 939 642 971 Jaffe
661 939 727 972 Ray.
740 942 805 964 3118
823 938 921 971 (2363).

182 1024 331 1048 DILECTO
356 1023 446 1047 FILIO
470 1023 603 1047 SEMPER
626 1023 661 1046 IN
684 1021 819 1046 DOMINO
837 1019 1079 1045 TRIUMPHANTI
1102 1019 1236 1043 BASILIO
1260 1018 1407 1042 PIISSIMO
1430 1019 1640 1043 IMPERATORI
1666 1019 1830 1043 AUGUSTO.

291 1073 425 1113 Scimus,
442 1073 635 1104 venerabilis
653 1073 839 1113 imperator,
863 1071 979 1102 scimus
1003 1073 1035 1101 et
1059 1069 1242 1100 omnimodo
1260 1069 1424 1099 novimusa
1440 1079 1496 1099 vos
1513 1069 1682 1109 prudentia
1698 1068 1831 1109 pollere,

183 1127 358 1168 equitatem
389 1125 538 1166 diligere,
566 1125 721 1165 pietatem
752 1123 916 1161 excolere,
947 1121 1140 1152 directiones
1162 1120 1308 1161 plantare
1334 1123 1366 1151 et
1389 1121 1466 1150 vitia
1490 1120 1624 1153 vellere:
1661 1121 1777 1150 scimus
1802 1123 1834 1151 et

182 1177 304 1219 liquido
328 1177 488 1208 credimus
513 1186 567 1206 vos
594 1178 702 1215 sancte
725 1175 870 1214 Romane
895 1173 1030 1213 ecclesie
1055 1173 1198 1212 vigorem
1228 1175 1260 1202 et
1284 1171 1381 1202 decus
1404 1171 1488 1202 velle
1518 1172 1668 1212 augereb,
1698 1171 1830 1202 tribula-

182 1231 286 1261 tiones
309 1239 454 1271 gemere,
485 1228 648 1268 angustias
671 1226 780 1257 dolere
811 1229 844 1256 et
872 1225 1081 1256 necessitates
1104 1224 1157 1264 pio
1181 1224 1312 1263 intuitu,
1343 1226 1496 1264 quantum
1529 1223 1569 1254 ad
1598 1234 1654 1254 vos
1683 1224 1831 1264 pertinet,

183 1291 345 1312 amovere.
391 1279 496 1311 Huius
519 1280 566 1310 rei
595 1279 698 1320 gratia
721 1278 896 1308 maximam
921 1276 960 1307 (10
985 1275 1076 1306 vobis
1098 1275 1248 1306 fiduciam
1273 1278 1487 1314 assumentes,
1513 1274 1665 1316 quicquid
1694 1274 1832 1305 eandem

184 1336 327 1364 sanctam
350 1335 486 1363 matrem
510 1334 648 1362 vestram
672 1329 852 1361 Romanam
876 1328 1046 1360 ecclesiam
1070 1327 1189 1368 oppido
1213 1327 1328 1368 affligit
1352 1330 1384 1358 et
1407 1328 1542 1363 lacerat,
1566 1327 1657 1357 vobis
1681 1327 1832 1367 singulari

186 1384 325 1426 quadam
349 1394 406 1424 spe
423 1383 650 1414 committimus
666 1381 863 1412 audiendum
888 1383 920 1411 et
944 1379 1177 1420 corrigendum.
1218 1379 1341 1410 Tamen
1364 1389 1403 1409 ne
1420 1389 1486 1417 vos,
1504 1384 1600 1419 quosc
1617 1382 1833 1409 5001010111111ε

184 1439 365 1467 nostrorum
382 1434 562 1466 conscium‘1
579 1444 649 1464 esse
668 1433 821 1474 cupimus,
845 1432 955 1472 lateat,
981 1431 1067 1473 quod
1086 1431 1135 1462 his
1152 1430 1264 1461 diebus
1286 1434 1396 1461 contra
1412 1430 1473 1461 Dei
1491 1430 1688 1461 voluntatem
1707 1433 1831 1460 contra-

186 1498 246 1529 que
271 1487 407 1518 salutem
431 1487 526 1516 totius
551 1485 729 1525 Christiane
759 1484 834 1515 fidei
864 1494 901 1514 ac
931 1486 1042 1514 contra
1072 1483 1273 1524 privilegium
1304 1485 1412 1522 sancte
1437 1481 1582 1522 Romane
1612 1482 1746 1522 ecclesie
1775 1492 1832 1512 seu

186 1542 295 1570 contra
318 1548 440 1569 morem
464 1537 574 1578 reique
599 1536 724 1578 publice
748 1539 866 1567 statum
889 1535 992 1575 Rome
1016 1537 1183 1575 peractum
1207 1535 1286 1573 est¹‚
1310 1534 1358 1564 his
1381 1534 1485 1564 missis
1509 1534 1634 1573 nostris7
1658 1534 1777 1564 Pauloe
1801 1536 1833 1563 et

185 1589 350 1631 Eugenioe
366 1588 574 1630 episcopise2‚
590 1588 784 1620 verbotenus
800 1587 891 1618 vobis
908 1587 1044 1618 dicenda
1061 1587 1286 1618 commisimus.
1328 1586 1396 1626 ρης,
1420 1597 1477 1616 vos
1499 1586 1545 1616 ita
1569 1585 1700 1617 credere
1719 1585 1833 1626 (lepre-

186 1651 311 1681 camur,
341 1651 378 1672 ac
402 1642 427 1671 si
450 1652 507 1671 nos
531 1640 694 1671 vobiscum
719 1640 896 1681 loquamur,
926 1642 959 1669 et
989 1638 1174 1676 credentes,
1203 1638 1228 1668 si
1257 1638 1348 1668 nobis
1378 1638 1462 1668 ferre
1492 1647 1587 1678 opem
1615 1637 1664 1668 vel
1694 1636 1833 1677 aliquam

186 1693 435 1724 consolationem
457 1692 581 1729 valetis,
605 1692 704 1723 veluti
727 1691 862 1722 dilectus
886 1691 967 1721 filius
984 1690 1159 1730 reverende
1183 1690 1277 1720 matri
1298 1689 1426 1727 assolet,
1451 1689 1634 1720 omnimodo
1652 1688 1833 1726 conferatis7

186 1744 398 1785 deposcimus.
452 1743 624 1775 Habebitis
661 1743 744 1774 enim
777 1754 834 1783 pro
864 1743 912 1773 his
943 1745 1069 1773 sanctos
1099 1741 1262 1782 apostolos
1287 1741 1450 1772 adiutores
1480 1743 1511 1772 et
1541 1751 1599 1771 nos
1629 1740 1834 1781 possidebitis

186 1796 369 1827 devotiores
392 1799 515 1827 vestros
539 1795 625 1837 apud
648 1795 820 1826 Dominum
845 1804 973 1835 semper
996 1795 1232 1825 intercessores

289 1854 383 1877 DATA
402 1854 460 1878 1111.
479 1853 662 1877 KALENDAS
686 1850 827 1882 MAD11f³‚
852 1852 1050 1876 INDICTIONE
1070 1851 1112 1874 XI.

1213 1904 1229 1929 (.

986 2002 1036 2031 73.

297 2062 455 2094 Iohannes
477 2062 574 2093 VIII.
594 2072 682 2101 papa
703 2060 843 2092 Iohanni
865 2060 1096 2099 archiepiscopo
1120 2059 1300 2091 Ravennati
1322 2059 1369 2100 [et
1395 2059 1578 2100 (Ansperto)
1602 2058 1836 2089 Mediolanensi*

189 2114 429 2154 archiepiscopo,
450 2113 643 2154 (Walperto)
655 2113 861 2153 patriarchae
875 2111 1100 2151 Aquileyiensi,
1116 2111 1257 2142 Iohanni
1273 2110 1427 2150 Papicnsi
1443 2109 1630 2150 (cpiscopo)]
1647 2110 1776 2141 nuntiat
1799 2109 1836 2140 dc

187 2165 349 2197 Lamberti
371 2165 523 2204 Spoletini
546 2165 668 2196 comitis
689 2164 852 2195 Romanae
875 2164 963 2195 urbis
985 2163 1187 2202 occupatione
1209 2165 1237 2194 ct
1259 2163 1295 2193 cle
1318 2162 1477 2201 anqustiis
1498 2162 1579 2197 sais,
1608 2162 1645 2191 (lc
1667 2161 1778 2191 itincre
1800 2161 1836 2191 in

291 2261 314 2292 a)
334 2261 382 2286 ha·
401 2261 428 2285 in
446 2270 498 2285 ras.
518 2260 551 2285 R.
639 2259 663 2292 b)
678 2261 793 2292 primum
812 2267 830 2285 U
849 2260 911 2284 add.
925 2268 1006 2291 supra
1023 2259 1130 2288 lineam5
1150 2265 1212 2283 -IUM
1231 2267 1297 2283 corr.
1312 2266 1342 2282 coc
1363 2264 1400 2282 -10
1418 2258 1492 2289 niyro
1511 2260 1654 2280 atramento
1673 2256 1708 2280 al.
1721 2264 1790 2279 man.
1804 2254 1836 2279 R.

293 2312 334 2338 72.
361 2312 385 2344 ἃ)
403 2321 419 2337 v
438 2321 504 2337 corr.
524 2321 554 2337 coc
573 2313 588 2337 b
607 2312 639 2336 R.
710 2310 734 2343 b)
754 2320 821 2337 corr.
841 2311 867 2335 in
885 2311 975 2343 augeri
994 2310 1024 2335 R.
1096 2309 1119 2341 θ)
1138 2318 1201 2341 quos
1220 2313 1326 2334 secreto·
1346 2310 1372 2333 ivn
1395 2316 1448 2333 ras.
1467 2309 1503 2333 al.
1522 2314 1590 2332 man.
1610 2307 1641 2332 It.
1712 2305 1736 2338 d)
1755 2307 1790 2331 sic
1803 2306 1835 2337 R,

189 2359 223 2388 ct'.
238 2365 266 2388 p.
280 2358 314 2381 50
332 2356 348 2380 l.
361 2357 400 2380 33.
483 2354 506 2386 e)
524 2355 634 2379 Paulum
654 2359 678 2379 et
696 2355 842 2387 Eugenium
861 2355 992 2386 episcopos
1010 2353 1042 2378 lie.
1130 2352 1150 2384 f)
1168 2354 1235 2377 MAI-z.
1254 2353 1286 2377 R.

292 2433 319 2461 1)
334 2431 523 2463 Infestationes
535 2430 669 2456 Lamberti
682 2429 810 2462 Spoletini
822 2429 985 2456 marchionis
998 2429 1043 2462 (cs.
1056 2437 1083 2454 n.
1099 2431 1131 2455 73
1141 2429 1190 2461 sq.)
1208 2437 1267 2454 enm
1279 2428 1321 2453 liic
1334 2427 1455 2453 indicare
1473 2429 1540 2452 recte
1552 2428 1630 2458 palat
1643 2425 1779 2451 Diiinmlcr
1791 2425 1807 2451 l.
1818 2425 1833 2451 l.

192 2475 270 2508 1112,
285 2478 313 2501 75
333 2477 425 2501 annot.
436 2477 459 2501 3.
547 2474 574 2507 2)
594 2473 741 2499 Latmibus
758 2473 928 2505 epistolarum
953 2480 1000 2498 nn.
1015 2475 1084 2497 66—
1092 2475 1133 2504 72,
1156 2472 1189 2503 cf.
1204 2472 1268 2497 NA.
1285 2470 1430 2502 XXXVI,
1445 2473 1493 2496 132
1505 2478 1541 2502 sq.
1631 2469 1657 2500 3)
1678 2469 1723 2493 Ita
1746 2475 1835 2494 omncs

190 2518 236 2551 (cf.
256 2517 333 2544 etiam
351 2517 490 2543 Dammler
508 2516 582 2549 111²,
599 2520 630 2542 75
650 2519 768 2542 annot.3
787 2518 810 2542 et
828 2515 946 2548 Lapotrc
963 2515 1119 2547 ‘L’Earope
1142 2517 1165 2540 et
1189 2514 1212 2540 le
1233 2511 1421 2547 Saint-Sieqe'
1444 2513 1471 2545 I,
1491 2516 1541 2539 ‚342
1564 2514 1654 2538 annot.
1669 2512 1695 2544 2)
1718 2510 1836 2536 emcnda-

191 2563 291 2593 rerunt,
310 2561 421 2586 nonnisi
433 2559 539 2592 Ewald,
556 2559 602 2592 qui
619 2559 719 2585 codicis
731 2559 865 2585 lectionem
877 2558 953 2584 haud
971 2560 1041 2591 apte,
1059 2560 1090 2583 at
1108 2557 1173 2583 mihi
1190 2557 1303 2589 videtur,
1322 2556 1444 2582 restitnit.
1472 2556 1537 2581 Non
1555 2555 1637 2580 solum
1657 2554 1726 2580 enim
1744 2553 1835 2585 episto-

191 2604 278 2629 larum
297 2611 343 2630 nn.
358 2606 420 2629 66-
427 2607 452 2628 71
472 2602 620 2635 exemplam
639 2601 674 2627 cal
691 2602 760 2627 hanc
773 2601 981 2627 emendationem
999 2600 1115 2632 adducit,
1135 2608 1224 2626 veram
1238 2600 1316 2625 ctiam
1329 2599 1428 2625 mentio
1445 2601 1521 2632 sacta
1534 2598 1566 2623 (lc
1579 2606 1615 2629 co,
1635 2597 1705 2629 quod
1723 2606 1741 2621 a
1753 2596 1834 2622 Lam-

192 2647 263 2672 berto
275 2647 418 2680 peractum
433 2646 475 2671 est
487 2645 534 2678 (cf.
547 2645 561 2670 l.
577 2648 609 2670 22
622 2647 646 2670 et
659 2647 752 2671 annot.
761 2646 794 2678 1),
808 2645 862 2671 scil.
873 2644 1016 2670 obsessione
1031 2643 1107 2671 Urbis
1116 2651 1165 2675 per
1177 2645 1261 2669 totum
1273 2650 1385 2668 mensem
1398 2642 1540 2672 Martium,
1554 2643 1585 2666 nt
1597 2640 1707 2671 videtur,
1720 2639 1835 2664 durante

191 2689 239 2722 (cf.
252 2698 280 2716 n.
293 2693 330 2722 74,
345 2697 373 2722 p.
386 2692 417 2714 70
436 2690 527 2714 annot.
539 2688 580 2720 2);
597 2687 697 2713 neoni-si
714 2687 744 2712 in
762 2687 862 2721 synodo
880 2687 1007 2713 Romana
1025 2695 1058 2712 m.
1072 2686 1162 2719 Aprili
1181 2689 1231 2712 878
1248 2685 1338 2711 habita
1358 2685 1404 2718 (cf.
1423 2684 1495 2716 Jaffc
1515 2684 1577 2716 chs.
1592 2683 1612 2708 Ι
1616 2684 1634 2715 ²,
1656 2686 1706 2709 395
1724 2685 1746 2707 et
1765 2690 1792 2708 n.
1808 2685 1836 2707 73

189 2740 219 2765 p.
229 2736 261 2758 69
280 2734 372 2757 annot.
385 2732 420 2763 3.)
440 2730 472 2756 de
491 2730 618 2763 zeqatimze
634 2738 694 2756 cam
711 2730 827 2762 epistolis
845 2738 892 2756 nn.
906 2733 937 2755 66
948 2744 972 2748 -
983 2732 1014 2755 72
1034 2728 1289 2762 Constantinopolim
1311 2727 1440 2753 mittenda
1464 2727 1635 2752 constitutam
1653 2733 1706 2751 esse
1725 2724 1833 2750 ridetur.

195 2775 236 2807 Cf.
255 2774 316 2801 NA.
331 2773 480 2806 XXXVI,
495 2776 543 2800 132
561 2775 652 2799 annot.
665 2776 688 2799 3.

1598 2820 1629 2845 9*
