2189 3042
673 155 851 182 IOHANNIS
871 154 944 180 VIII.
964 154 1081 180 PAPAE
1104 153 1302 181 EPISTOLAE
1325 154 1383 181 263.
1402 154 1460 181 264.
1828 158 1890 188 233

849 268 988 293 KAROLO
1011 268 1180 293 GLORIOSO
1202 269 1290 293 REGI.

354 328 516 369 Susceptis
546 328 647 370 glorie
672 331 790 368 vestre,
822 327 972 368 spiritalis
1001 331 1097 368 atque
1122 327 1346 358 desiderabilis
1370 327 1428 366 fili,
1457 326 1550 358 nobis
1577 327 1706 358 directis
1730 327 1895 368 apicibus²

245 383 342 421 atque
366 380 503 420 relectis,
527 381 602 421 quia
618 390 674 410 vos
690 380 760 410 Deo
782 380 903 420 gratias
927 380 1062 410 sanitate
1086 379 1196 419 vigere
1213 379 1431 420 cognovimus,
1455 378 1630 409 ineffabilia
1646 381 1679 409 et
1694 378 1778 408 ultra
1797 389 1892 419 quam

246 431 307 462 dici
331 432 431 472 possit
458 430 655 462 iocunditate
679 430 791 461 refecti
819 431 850 460 in
874 430 1011 461 Domino
1035 430 1186 471 gratulati
1210 440 1317 460 sumus
1349 432 1396 470 et,
1426 432 1461 460 ut
1484 430 1586 471 magis
1616 440 1653 460 ac
1677 430 1779 470 magis
1802 429 1893 460 vobis

214 492 226 510 5
246 482 393 512 dominus
422 483 511 513 Deus
540 486 648 513 noster
676 482 922 522 prosperitatem
954 481 1086 521 tribuat,
1121 481 1317 522 triumphum
1347 481 1385 511 de
1414 480 1657 511 adversantibus
1681 480 1837 511 concedat
1861 484 1894 511 et

246 533 351 564 felicia
375 534 541 574 temporab
564 533 605 564 ad
629 544 761 574 regnum
787 533 919 573 pacifice
944 536 1041 574 atque
1066 533 1236 563 iustissime
1261 532 1496 573 disponendum
1513 531 1713 573 multiplicet,
1739 532 1895 562 continuis

244 584 327 614 votis
362 583 499 615 eundem
527 584 699 615 Dominum
734 584 958 625 deprecamur,
995 585 1068 625 quia
1102 584 1198 614 nichil
1233 587 1297 614 estc
1328 584 1470 624 omnino,
1506 583 1550 613 fili
1584 583 1767 622 karissime,
1804 583 1895 613 nobis

245 635 368 666 dulcius
391 635 552 676 nichilque
577 635 756 675 amabilius,
781 646 876 676 quam
900 639 934 666 ut
958 647 1013 666 vos
1036 645 1164 675 semper
1187 635 1227 665 ad
1245 635 1464 665 defensionem
1484 639 1516 665 et
1533 634 1764 665 exaltationem
1785 638 1893 674 sancte

244 687 355 717 matris
378 690 482 727 vestre
499 687 645 727 Romane
670 687 805 726 ecclesie
830 697 1060 728 cognoscamus
1085 696 1155 717 esse
1179 687 1433 726 promptissimos
1458 689 1490 716 et
1514 686 1570 725 eis,
1594 686 1647 727 qui
1672 696 1743 716 eam
1762 686 1895 716 diversis

202 746 227 764 10
245 738 349 769 modis
372 739 570 779 impugnant,
596 738 695 769 libera
720 738 929 779 correptionis
953 749 990 769 ac
1008 738 1173 778 discipline
1198 738 1355 768 sententia
1380 738 1546 768 contraire.
1586 737 1653 767 Nos
1678 741 1796 774 autem,
1821 737 1896 768 licet

245 790 277 820 in
305 789 496 820 innumerisd
524 789 759 820 infirmitatibus
786 793 883 831 atque
913 790 1066 831 angustiis
1091 790 1265 827 constituti,
1295 788 1366 819 Deo
1391 790 1510 829 gratias
1534 787 1698 830 [aginius]⁰
1722 792 1893 830 utcumque

246 841 399 881 valemus,
423 841 479 872 sed
504 844 577 872 tunc
602 842 706 882 potius
730 844 838 872 nostra
855 842 973 872 sanitas
990 842 1059 877 erit,
1084 841 1109 870 si
1125 851 1182 870 vos
1199 841 1284 870 omni
1301 841 1525 880 prosperitate,
1549 844 1584 870 ut
1601 840 1748 880 diximus,
1772 840 1895 881 pollere

246 893 489 933 cognoverimus
513 895 545 923 et
569 892 609 923 ad
633 893 724 923 nobis
748 892 977 923 conferendum
1001 892 1154 922 solacium
1179 891 1366 922 festinanter
1383 901 1559 929 occurrere,
1584 898 1618 921 ut
1634 891 1758 921 alterna
1775 892 1895 921 visione

245 944 425 985 loquamur,
449 955 511 974 non
535 944 602 984 pati
626 955 731 975 moras
755 944 995 974 adverterimus.
1036 944 1198 981 Ceterum⁷
1216 942 1301 983 quod
1323 941 1436 980 dicitis,
1461 945 1495 972 ut
1511 942 1744 972 Liutuuardum
1761 952 1895 973 venera-

204 1005 226 1023 1⁵
246 995 344 1026 bilem
375 996 584 1036 episcopum2
616 1006 817 1026 communem
847 995 975 1026 fidelem
1006 997 1148 1025 nostrum
1179 993 1220 1024 ad
1250 1004 1307 1024 nos
1338 994 1544 1033 premittatis,
1579 993 1673 1023 valde
1702 994 1733 1023 in
1757 993 1895 1024 Domino

246 1047 445 1087 gratulamur
469 1051 510 1087 et,
535 1057 606 1077 cum
631 1058 702 1078 eum
721 1057 777 1088 pro
795 1047 955 1078 communi
975 1045 1129 1077 utilitatef
1146 1055 1273 1085 semper
1290 1044 1449 1075 desudare
1467 1045 1720 1085 cognoverimus,
1744 1055 1895 1085 magnum

246 1098 337 1129 nobis
354 1098 506 1140 gaudium
531 1100 561 1129 in
578 1099 737 1130 adventug
754 1099 837 1129 illius
853 1101 1012 1137 nascetur,
1038 1108 1076 1128 eo
1094 1096 1178 1138 quod
1200 1097 1232 1126 in
1251 1097 1350 1137 ipsius
1367 1096 1529 1137 presentia
1547 1098 1686 1126 vestram
1703 1095 1898 1126 intuebimur

247 1150 482 1181 excellentiam.
522 1151 700 1190 Postremo,
725 1150 769 1180 fili
792 1150 969 1189 karissime,
995 1148 1080 1189 quod
1104 1147 1327 1179 sciscitaminih
1353 1147 1392 1177 de
1416 1147 1528 1177 Grecis
1552 1150 1648 1187 atque
1674 1146 1897 1177 Hismahelitis

247 1205 279 1232 et
311 1202 426 1233 ceteris
450 1201 628 1243 quibusque
660 1201 778 1233 exteris
802 1200 984 1231 nationibus
1009 1200 1060 1230 vel
1083 1199 1282 1239 concivibus,
1313 1199 1450 1239 qualiter
1474 1208 1525 1229 res
1550 1201 1678 1238 agatur,
1710 1198 1896 1228 brevissime

203 1262 227 1280 2⁰
247 1252 492 1294 respondemus3
518 1253 574 1283 sed
598 1256 633 1283 ut
651 1253 710 1292 hec
735 1254 841 1284 omnia
865 1264 905 1283 ex
928 1252 1039 1283 intimo
1064 1251 1160 1282 corde
1184 1254 1281 1292 atque
1298 1250 1445 1281 dolenter
1462 1250 1647 1289 advertatis,
1674 1250 1759 1280 omni
1782 1250 1898 1280 mentis

247 1305 415 1335 conamine
440 1304 655 1335 exhortamur.
693 1304 814 1335 Tamen
831 1303 903 1335 Deo
927 1304 989 1333 sint
1012 1306 1119 1344 gratos
1144 1306 1175 1333 et
1198 1302 1320 1339 laudes,
1339 1303 1413 1343 quia
1431 1301 1608 1332 Grecorum
1626 1301 1754 1342 navigia
1770 1302 1801 1331 in
1819 1301 1898 1331 mari

246 1356 535 1387 Hismahelitarum
548 1356 806 1387 victoriosissime
824 1358 1003 1386 straverunt
1020 1354 1197 1395 phalanges
1215 1356 1247 1384 et
1264 1364 1329 1393 coe,
1347 1356 1441 1394 prout
1454 1353 1610 1383 Dominus
1623 1353 1733 1389 voluit,
1745 1352 1898 1383 debellati

247 1408 353 1444 sunt³;
389 1407 446 1438 sed
468 1418 526 1438 nos
550 1410 672 1438 tantum
697 1410 762 1437 tam
786 1407 846 1447 ipsi
869 1406 1012 1437 iamdicti
1034 1405 1250 1445 Hismahelite
1275 1416 1370 1446 quam
1400 1405 1454 1436 alii
1478 1406 1626 1435 concives
1649 1405 1748 1435 nostri
1772 1405 1898 1444 impug-

247 1464 324 1491 nant
347 1470 384 1490 ac
408 1462 651 1500 persequuntur,
675 1461 710 1489 ut
734 1462 825 1489 extra
848 1468 956 1488 muros
973 1457 1068 1488 Urbis
1092 1457 1273 1488 nullatenus
1297 1457 1347 1488 vel
1373 1457 1425 1497 qui
1449 1456 1571 1487 laborei
1595 1467 1745 1486 manuum
1769 1466 1897 1486 suarum

204 1518 228 1537 25
247 1512 354 1542 vivere
379 1512 507 1541 valeant
535 1510 586 1540 vel
614 1511 681 1551 qui,
713 1514 747 1540 ut
774 1510 818 1540 ita
847 1509 996 1548 dixerim,
1028 1508 1301 1540 Christianitatem
1334 1519 1438 1548 suam,
1469 1509 1549 1539 sicut
1580 1507 1687 1548 decet,
1719 1507 1897 1545 observent,

248 1562 359 1604 egredi
389 1562 490 1593 libere
521 1562 657 1603 possint,
694 1572 730 1592 ac
758 1572 816 1602 per
844 1561 919 1601 hoc,
955 1562 1052 1592 immo
1083 1571 1140 1602 pro
1171 1560 1220 1590 his
1251 1560 1413 1599 omnibus,
1449 1560 1475 1589 si
1507 1560 1657 1590 citissime
1689 1562 1722 1590 et
1752 1559 1899 1589 omnibus

248 1613 468 1645 occasionibus
499 1613 708 1654 omnibusque
743 1612 1003 1644 excusationibus
1036 1612 1222 1653 postpositis
1258 1615 1290 1642 et
1319 1612 1511 1652 contemptis
1546 1611 1586 1641 ad
1615 1621 1709 1641 omne
1741 1610 1832 1641 nobis
1867 1614 1898 1641 et

247 1665 342 1696 huiok
372 1666 495 1707 regioni
525 1665 620 1696 valde
650 1665 768 1705 afflicte
804 1664 1034 1695 conferendum
1066 1664 1219 1695 solacium
1255 1674 1317 1694 non
1349 1663 1515 1702 veneritis⁷
1550 1662 1661 1703 procul
1692 1662 1788 1693 dubio
1818 1662 1898 1692 scire

248 1717 396 1758 potestis,
428 1717 503 1758 quia
530 1717 571 1747 ad
594 1721 764 1758 peccatum
788 1719 928 1747 vestrum
954 1719 986 1747 et
1010 1716 1161 1747 damnum
1185 1716 1326 1747 omnium
1350 1715 1409 1755 hec
1434 1718 1519 1746 terra
1544 1714 1672 1755 peribit.
1717 1714 1811 1745 Unde
1841 1724 1898 1754 pro

204 1777 229 1796 ³⁰
247 1768 318 1799 Deo
351 1769 539 1799 festinanter
568 1769 630 1799 iter
659 1769 700 1799 ad
730 1778 788 1799 nos
815 1768 965 1799 veniendi
997 1768 1149 1798 assumite
1181 1770 1227 1807 et,
1258 1771 1293 1798 ut
1322 1767 1409 1798 bella
1438 1766 1567 1797 Domini
1600 1765 1682 1797 vice¹
1713 1766 1797 1796 illius
1826 1775 1898 1805 pre-

247 1819 379 1860 liemini,
404 1820 444 1850 ad
468 1819 636 1851 beatorum
661 1820 878 1861 apostolorum
897 1820 1007 1850 limina
1023 1819 1094 1849 Deo
1112 1818 1249 1860 preduce
1267 1830 1324 1859 pro
1343 1818 1596 1849 Christianorum
1615 1818 1754 1848 omnium
1779 1817 1898 1847 auxilio

246 1874 429 1912 properate.

350 1933 444 1957 DATA
468 1933 512 1957 111.
532 1933 715 1957 KALENDAS
738 1933 946 1963 NOVEMBRIS,
966 1933 1165 1957 INDICTlONE
1185 1933 1268 1957 XIIII.

1037 2088 1109 2117 264.

356 2146 513 2177 Iohannes
531 2146 625 2178 VIII.
636 2156 727 2186 papa
740 2147 932 2185 Anspertam
946 2146 1213 2177 Mediolanensem
1229 2146 1497 2185 archiepiscopum
1513 2144 1641 2183 saepius
1656 2144 1721 2173 iam
1734 2142 1897 2173 Romanae

205 2210 229 2229 35
250 2196 393 2228 ccclesiae
415 2197 638 2228 inobedientem
660 2198 775 2237 aryuz't,
799 2198 883 2237 qaod
904 2198 1070 2228 monachos
1092 2198 1243 2237 quosdam
1266 2197 1368 2228 Roma
1391 2197 1434 2228 ad
1456 2196 1681 2227 monasterium
1698 2194 1898 2225 Pultariense

249 2250 433 2279 revertentes
455 2249 685 2287 comprehensos
708 2249 742 2280 in
764 2249 899 2280 vinealis
921 2250 1070 2287 retineat;
1087 2249 1255 2288 praecipit,
1279 2251 1315 2279 at
1337 2259 1387 2280 eos
1409 2248 1496 2279 abire
1516 2247 1671 2286 patiatur.

1647 2298 1710 2327 880
1733 2296 1811 2327 Not).

365 2341 439 2368 Coa„-
466 2342 493 2368 R
510 2343 530 2376 f.
545 2346 592 2368 105
610 2350 636 2367 n.
650 2345 704 2367 266.

355 2397 439 2424 Edd.:
466 2397 559 2423 Editio
573 2398 696 2423 Romana
709 2398 793 2431 (1591)
809 2397 865 2428 III,
880 2401 927 2423 479
944 2406 970 2423 n.
982 2401 1038 2423 256.
1072 2397 1167 2423 Mami
1187 2397 1263 2423 Cone.
1278 2397 1335 2423 coll.
1352 2397 1449 2427 XVII,
1464 2400 1511 2422 190
1523 2405 1550 2422 vn.
1564 2399 1619 2421 256.
1650 2394 1741 2427 Miyne
1762 2394 1839 2420 Patr.
1853 2393 1898 2419 lar.

206 2447 231 2465 40
252 2441 389 2470 CXXVI,
412 2444 457 2466 916
475 2449 501 2466 n.
516 2444 577 2467 303.
597 2455 628 2459 ——-
648 2440 720 2472 Jaffe
738 2440 800 2473 Εὔα.
815 2444 881 2466 3329
899 2440 995 2473 (2550).

355 2548 414 2574 263.
443 2549 466 2580 ³)
485 2549 609 2574 ineffauili
628 2549 659 2574 R.
751 2547 776 2579 b)
796 2557 862 2573 corr.
875 2557 905 2573 εκ
923 2552 1035 2581 tempore
1054 2548 1086 2574 R.
1183 2549 1205 2580 c)
1225 2557 1291 2573 corr.
1307 2557 1336 2572 ea:
1354 2556 1381 2572 es
1401 2548 1436 2572 al.
1451 2556 1519 2571 man.
1534 2546 1564 2570 R.
1662 2544 1687 2576 d)
1707 2545 1846 2569 inmuneris
1866 2543 1897 2568 R.

251 2592 274 2624 e)
294 2601 341 2617 om.
361 2592 393 2617 R.
498 2591 517 2622 s)
536 2600 566 2616 -e
589 2600 655 2616 corr.
674 2600 704 2616 em
722 2593 743 2616 -i
762 2591 794 2616 R.
899 2591 925 2623 g)
944 2592 1083 2616 adventum
1102 2591 1133 2615 B.
1239 2590 1265 2623 h)
1284 2591 1463 2616 scisscitamini
1483 2589 1514 2614 R.
1619 2587 1637 2620 i)
1657 2589 1673 2613 b
1696 2596 1761 2612 corr.
1782 2595 1812 2611 ea*
1830 2595 1847 2610 u
1866 2586 1897 2609 Β.

251 2634 276 2666 k)
295 2635 356 2660 uhic
375 2635 407 2660 R.
494 2633 513 2666 l)
532 2635 586 2659 uice
604 2635 631 2658 in
649 2642 702 2659 ras.
716 2634 750 2658 al.
764 2643 832 2659 man.
852 2634 883 2659 R.

356 2720 380 2751 1)
402 2719 475 2752 Quae
497 2727 553 2744 non
575 2721 688 2745 exstant.
728 2718 767 2750 Cf.
780 2718 954 2744 Mizhlbaclzer
973 2718 1054 2752 Rey.²
1066 2722 1132 2744 1604
1145 2718 1228 2752 (1561)
1236 2718 1254 2744 cl
1276 2721 1297 2744 et
1315 2717 1469 2743 ‘Verlorene
1493 2715 1563 2742 Urk.'
1580 2723 1608 2740 η.
1622 2718 1678 2740 236.
1783 2712 1809 2745 2)
1835 2712 1896 2737 Ver-

207 2770 232 2788 45
253 2762 393 2793 cellensem,
412 2763 447 2795 cs.
466 2770 512 2787 om.
527 2765 584 2793 224,
602 2764 657 2788 253.
746 2761 772 2793 3)
793 2760 833 2792 Cf.
852 2769 879 2787 η.
893 2764 949 2793 245,
963 2764 1053 2794 199214
1072 2763 1163 2787 annot.
1179 2764 1202 2787 2.

355 2813 502 2839 Emsromr.
519 2813 579 2839 VII.
1658 2808 1692 2835 30
