2189 3042
652 159 829 186 IOHANNIS
847 159 922 186 VIII.
942 159 1060 185 PAPAE
1082 158 1258 185 EPISTOLA
1277 158 1318 184 56.
1766 160 1803 189 51

964 283 1014 311 56.

272 350 430 381 Iohannes
452 349 548 381 VIII.
569 360 656 389 papa
680 349 852 389 (Karolam
878 349 1020 389 (Z'alvam)
1046 349 1259 387 imperatorem
1289 348 1445 387 implorat,
1473 350 1508 378 ut
1531 347 1694 379 Romanae
1716 347 1807 379 ecclc-

164 402 232 432 siae
257 402 289 432 in
311 401 442 432 suntmis
465 401 621 441 anqustiis
639 401 762 440 positae
784 401 973 440 qaantocius
989 399 1201 439 personaliter
1223 402 1397 430 succurrat.
1511 400 1575 429 87¹7
1598 398 1721 437 (stlat).

278 472 352 499 Coei„-
379 473 407 500 R
425 475 445 506 f.
459 476 492 498 27
507 481 535 499 a.
547 477 584 499 55.

267 528 350 554 Eclcl.:
380 528 473 554 Editio
487 528 614 554 Romana
633 529 716 559 (1591)
737 529 793 560 III,
814 532 862 555 333
880 537 907 554 v.
922 532 954 554 54
975 539 1006 549 :-
1026 527 1150 553 Sirmousl
1170 527 1246 553 Cone.
1259 530 1314 553 (tut.
1331 527 1435 552 Galliae
1455 527 1514 559 ΙΙΙ,
1536 530 1583 553 463
1601 536 1626 553 n.
1639 531 1680 554 23.
1717 528 1811 554 Blausi

135 579 146 597 5
172 570 248 597 Cone.
263 571 320 597 coll.
341 571 439 603 XVII,
457 575 490 597 47
506 579 533 598 n.
546 575 586 598 54.
623 571 715 605 Migsne
734 571 807 598 Patr.
821 572 866 597 lat.
883 571 967 596 CXX
975 571 1018 603 VI,
1040 574 1085 596 730
1103 579 1130 596 u.
1147 574 1184 596 79.
1205 586 1236 588 -
1255 570 1327 602 Jctfl‘c
1347 570 1414 604 Rey.
1429 574 1495 597 3099
1514 570 1610 603 (2327).

826 671 873 694 Al)
896 670 1151 694 IMPERATOREM.

272 729 389 760 Divina
420 729 494 760 ideo
526 730 677 760 maiestas
709 730 935 761 excellentiam
965 732 1103 760 vestram
1138 739 1194 770 pre
1225 729 1341 759 ceteris
1372 728 1487 770 elegit¹¹
1517 729 1654 761 Romani
1686 731 1811 772 imperii

165 780 335 811 altitudine
359 780 533 811 sublimare
557 781 780 822 augustalique
804 781 904 812 voluit
927 781 1111 812 diademate
1141 791 1308 820 coronare,
1340 784 1375 811 ut
1398 780 1469 811 Deo
1499 784 1606 812 nostro
1635 782 1811 813 clementer

164 831 339 863 auxiliante
362 832 505 872 potentie
530 836 633 873 vestre
662 833 792 864 brachio
817 832 1002 873 triumphali
1027 831 1195 863 ecclesiam
1220 831 1337 862 Christi
1360 842 1438 863 voce
1467 843 1562 873 supra
1585 836 1710 874 petram
1734 844 1807 874 vere
1823 841 1935 863 eRMatth.
1945 842 2006 867 16‚1s

122 897 145 916 10
164 882 239 914 fidei
263 882 428 914 fundatam
453 885 642 915 tuereminib
665 895 793 925 semper
817 887 849 915 et
872 884 912 915 ab
937 884 1067 914 immani
1092 882 1277 923 crudelique
1302 894 1501 924 paganorum
1526 884 1740 925 infestatione,
1757 887 1811 927 qui

164 945 222 965 nos
251 935 314 966 iam
341 945 430 965 more
455 935 613 967 latronum
640 936 780 977 undique
805 935 1038 966 circumdantes
1068 936 1174 965 omnia
1204 937 1310 965 nostra
1334 935 1407 976 igne
1435 935 1609 976 gladioque
1634 936 1811 977 devastant,

165 986 218 1027 pio
242 987 357 1017 mentis
382 986 599 1018 defenderetis
623 988 746 1019 intuitu.
793 987 856 1018 Sed
882 988 956 1028 quia
979 986 1068 1017 vobis
1092 986 1202 1026 procul
1227 985 1438 1016 existentibus
1463 989 1510 1017 tot
1538 986 1617 1017 dura
1646 991 1678 1018 et
1705 988 1811 1028 inpor-

166 1037 291 1078 tabilia,
320 1049 377 1078 pro
402 1038 516 1080 quibus
540 1039 604 1070 iam
630 1043 766 1070 vestram
790 1038 992 1080 augustalem
1023 1037 1262 1078 imploravimus
1289 1037 1524 1077 maiestatem1,
1557 1049 1652 1079 supra
1682 1039 1812 1070 modum

166 1089 309 1130 quotidie
337 1091 485 1130 patimur,
514 1091 633 1132 quippe
662 1102 732 1122 eum
757 1090 797 1121 de
822 1093 888 1121 tota
912 1091 974 1121 iam
999 1088 1194 1130 depopulata
1219 1087 1396 1129 Campania
1426 1089 1469 1119 nil
1498 1089 1675 1120 habeamus
1704 1091 1812 1132 nilque

122 1155 145 1172 ιε,
164 1140 257 1172 nobis
286 1144 342 1172 aut
365 1141 601 1176 venerabilibus
629 1143 830 1173 monasteriis
853 1142 1052 1182 ceterisqueC
1076 1141 1136 1181 piis
1159 1141 1236 1171 locis
1260 1150 1364 1181 neque
1390 1141 1514 1171 senatui
1537 1140 1698 1181 Romano,
1726 1142 1812 1174 unde

166 1192 375 1233 corporaliter
398 1194 569 1224 sustentari
592 1194 760 1234 possimus,
785 1194 988 1231 remanserit,
1013 1191 1161 1222 omnibus
1185 1192 1283 1222 etiam
1307 1191 1410 1231 Rome
1436 1192 1624 1223 suburbanis
1647 1194 1730 1224 adeo
1756 1194 1812 1225 de-

165 1243 318 1284 predatiS,
342 1248 376 1275 ut
398 1244 502 1275 nullus
525 1245 556 1275 in
580 1245 656 1286 ipsis
679 1245 742 1276 iam
767 1244 928 1275 habitator
944 1243 994 1275 vel
1018 1243 1188 1274 cuiuslibet
1211 1244 1306 1274 etatis
1329 1243 1434 1274 incola
1458 1244 1604 1275 videatur
1628 1246 1812 1286 consistere,

165 1306 222 1336 pro
248 1295 362 1336 quibus
390 1306 466 1327 sane
492 1296 585 1326 malis
608 1296 782 1327 innumeris
806 1297 926 1337 ingenti
950 1306 1075 1326 merore
1100 1294 1209 1325 afflicti
1234 1294 1410 1335 doloreque
1434 1295 1553 1326 turbati
1581 1306 1639 1327 nec
1668 1308 1812 1329 somnum

166 1347 276 1386 oculis,
300 1357 359 1378 nec
383 1347 508 1378 cibumd
532 1358 587 1378 ore
611 1358 726 1389 capere
751 1358 929 1389 possumuS,
954 1347 1011 1378 sed
1035 1357 1091 1388 pro
1117 1347 1227 1388 requie
1249 1346 1394 1377 laborem
1419 1347 1581 1378 assiduum
1605 1351 1638 1378 et
1660 1359 1717 1389 pro
1742 1360 1811 1380 cor-

121 1412 147 1431 20
166 1399 268 1439 porali
301 1399 431 1440 dapium
464 1399 632 1430 dulcedine
667 1400 782 1430 mentis
819 1399 1064 1430 amaritudinem
1099 1399 1251 1440 patimur,
1286 1398 1404 1429 idcirco
1437 1402 1575 1429 vestram
1612 1400 1813 1440 imperialem

165 1451 368 1481 maiestatem
402 1451 498 1481 totius
530 1451 685 1492 sapientie
716 1451 788 1482 luce
822 1450 989 1492 splendide
1021 1450 1213 1481 inradiatam
1248 1453 1357 1481 sancta
1389 1449 1536 1481 Romana
1567 1451 1718 1492 ecclesia,
1752 1463 1812 1494 que

166 1502 316 1544 religioso
341 1513 397 1532 vos
420 1505 511 1533 utero
535 1502 675 1543 genuit2,
706 1513 778 1533 meo
803 1502 932 1544 quidem
957 1512 1119 1542 sermone,
1147 1501 1205 1532 sed
1228 1512 1284 1532 suo
1309 1501 1483 1532 venerabili
1512 1503 1698 1543 suppliciter
1720 1505 1814 1535 nimis

166 1557 315 1594 precatur
338 1554 465 1593 affectu,
489 1557 524 1585 ut
548 1556 633 1585 omni
657 1555 808 1586 dilatione
833 1558 957 1586 remota
980 1555 1128 1595 omnique
1154 1554 1222 1585 eius
1246 1564 1321 1584 cura
1345 1554 1515 1594 adsumpta
1539 1565 1620 1585 nunc
1644 1555 1702 1586 ade
1724 1566 1813 1587 suam

167 1605 387 1637 defensionem
416 1608 448 1636 et
475 1606 572 1636 totius
595 1607 697 1648 patrie
721 1606 946 1637 liberationem
971 1606 1098 1637 adiutor
1122 1606 1276 1645 clemens,
1306 1604 1457 1636 defensor
1481 1608 1594 1646 potens
1619 1609 1651 1637 et
1674 1607 1813 1638 salvator

121 1670 144 1688 25
164 1657 298 1688 invictus
327 1658 435 1688 venire
464 1657 652 1699 dignemini,
685 1658 773 1699 quia,
807 1658 866 1688 nisi
896 1661 1001 1689 vestra
1032 1657 1328 1689 desiderantissima
1357 1657 1447 1688 nobis
1478 1657 1606 1688 affuerit
1640 1659 1811 1699 presentia,

166 1709 286 1740 nullum
310 1709 506 1740 defensionis
530 1710 683 1741 auxilium
707 1710 892 1750 nullumque
918 1710 1097 1749 necessarie
1128 1709 1239 1740 salutis
1267 1708 1446 1739 remedium
1475 1709 1650 1749 poterimus
1680 1709 1811 1741 habere.

165 1760 232 1791 Nos
256 1761 340 1792 enim
364 1771 436 1792 cum
460 1762 545 1792 omni
569 1761 654 1792 sedis
677 1761 853 1802 apostolice
878 1760 989 1791 ordine
1017 1771 1120 1800 sacro,
1152 1771 1223 1791 cum
1247 1760 1420 1801 religiosisf
1442 1764 1474 1791 et
1496 1761 1602 1791 Deum
1628 1761 1812 1792 timentibus

166 1813 239 1843 viris
263 1824 319 1854 pro
344 1816 447 1853 vestre
472 1813 573 1854 glorie
597 1814 810 1854 prosperitate
835 1813 1047 1854 continuaque
1072 1813 1187 1843 mentis
1211 1815 1243 1843 et
1266 1813 1408 1853 corporis
1432 1812 1534 1843 salute
1559 1813 1812 1854 omnipotentem

165 1864 352 1904 Dominum,
386 1865 474 1895 cuius
498 1868 546 1895 est
569 1865 654 1896 salus
682 1866 784 1896 omnis
807 1868 839 1896 et
862 1865 941 1905 vita,
973 1865 1047 1896 totis
1071 1864 1317 1905 deprecabimur
1340 1864 1475 1904 nisibus,
1506 1868 1541 1895 ut
1571 1874 1630 1895 nec
1660 1866 1813 1906 temporis

123 1929 147 1948 30
167 1915 292 1947 fervore
321 1927 380 1947 nec
409 1916 470 1947 loci
503 1920 616 1948 natura
646 1917 774 1947 insolita
804 1927 862 1947 nee
892 1917 1040 1947 molestia
1064 1916 1206 1957 quelibet
1235 1919 1339 1947 vestro
1370 1916 1484 1956 insigni
1515 1916 1640 1956 corpori
1668 1917 1812 1947 nocitura

166 1968 358 2009 contingat&
405 1967 623 2004 Quamobrem
646 1968 743 1999 nichil
767 1969 890 2007 horum,
919 1978 980 2009 que
1011 1969 1078 1999 sine
1102 1967 1165 1999 Dei
1192 1968 1308 2009 proculv
1334 1967 1429 1998 dubio
1458 1978 1520 1998 non
1548 1968 1698 1998 eveniunt
1724 1971 1812 2008 nutu,

167 2019 363 2060 dubitantes,
399 2021 475 2060 quin
508 2020 614 2061 potius
648 2021 679 2050 in
709 2020 839 2051 Domini
873 2021 1078 2051 miseratione
1110 2019 1205 2050 totish
1234 2019 1355 2050 viribus
1386 2018 1584 2050 confidentes
1618 2030 1681 2050 non
1711 2019 1812 2051 solum

167 2081 354 2112 corpoream
378 2072 643 2110 incolumitatem,
668 2082 779 2103 verum
807 2072 905 2103 etiam
929 2075 961 2102 et
985 2074 1174 2113 perpetuam
1199 2071 1303 2110 anime
1328 2074 1431 2110 vestre
1456 2070 1657 2102 merebimini
1680 2071 1814 2112 adipisci

167 2122 302 2153 salutem
326 2126 358 2153 et
381 2123 526 2163 gloriam.
572 2123 731 2164 Dignetur
754 2124 850 2164 igitur
874 2124 1016 2164 piissima
1039 2123 1194 2154 serenitas
1218 2126 1336 2161 vestra,
1369 2122 1614 2153 clementissime
1639 2123 1814 2163 imperator

123 2188 147 2206 35
167 2176 316 2214 auguste,
343 2185 400 2215 pro
424 2178 511 2214 tante
534 2174 619 2206 sedis
642 2175 832 2206 liberatione
856 2178 1081 2216 tantorumque
1106 2174 1270 2205 hominum
1293 2174 1413 2205 Christi
1437 2184 1548 2204 cruore
1573 2173 1813 2214 redemptorum

167 2225 342 2256 salvatione
376 2230 500 2257 nostras
534 2225 609 2268 [et]i
641 2227 774 2266 ecclesie
810 2230 916 2266 nostre
952 2236 1064 2267 preces
1098 2226 1224 2265 audire,
1260 2225 1416 2266 singultus
1451 2225 1634 2266 prospicere
1669 2228 1701 2256 et
1735 2225 1813 2255 tanti

167 2277 304 2318 gemitus
327 2277 474 2308 lacrimas
496 2278 691 2309 incessanter
715 2277 851 2309 effusask
875 2278 1066 2317 attendere¹‚
1096 2281 1253 2319 quatenus
1282 2288 1371 2308 more
1395 2277 1488 2307 solito
1514 2279 1546 2307 et
1569 2276 1660 2316 solite
1685 2277 1814 2317 pietatis

166 2329 287 2359 viscere
319 2328 410 2359 nobis
442 2330 674 2371 compatientes
709 2340 803 2370 opem
836 2329 1060 2360 consolationis
1095 2329 1245 2369 citissime
1280 2328 1463 2370 petentibus
1494 2327 1683 2368 tribuentes,
1719 2331 1813 2368 prout

167 2383 358 2421 oportunum
387 2384 448 2420 est,
479 2392 536 2412 nos
564 2381 716 2412 adiuvare
739 2382 907 2422 satagatiS,
938 2382 1012 2422 quia
1035 2383 1108 2422 post
1130 2380 1235 2412 Deum
1259 2381 1353 2411 unica
1376 2385 1475 2421 spesm
1499 2379 1609 2410 salutis
1637 2382 1669 2410 et
1696 2378 1812 2410 libera-

122 2445 147 2463 «ιο
167 2432 261 2462 tionis
290 2434 397 2472 nostre
428 2432 543 2464 fiducia
571 2444 627 2464 vos
654 2433 765 2474 procul
796 2433 892 2464 dubio
923 2433 1008 2464 estis.
1060 2432 1139 2464 Ideo
1170 2443 1228 2473 per
1256 2433 1468 2472 vosmetipsos
1498 2434 1707 2472 properantes
1737 2441 1811 2461 con-

270 2556 310 2582 56.
339 2557 362 2589 a)
386 2566 451 2582 corr.
470 2566 501 2583 ex
523 2558 630 2590 elegeris
653 2558 696 2587 R„
790 2557 815 2591 b)
837 2559 902 2584 tueri
926 2558 957 2583 R.
1062 2557 1085 2590 e)
1109 2559 1136 2582 ιἰι
1159 2566 1211 2582 ras.
1230 2557 1262 2582 R.
1368 2555 1392 2587 d)
1417 2557 1432 2581 b
1459 2565 1524 2581 corr.
1543 2564 1574 2580 ea:
1598 2564 1614 2580 u
1638 2555 1673 2580 at.
1692 2563 1760 2579 man.
1781 2554 1812 2579 R.

167 2600 189 2628 e)
209 2600 224 2624 <1
242 2608 307 2625 corr.
322 2608 352 2625 ez·
369 2609 386 2625 n
406 2600 436 2625 R.
518 2599 537 2631 f)
557 2609 622 2626 corr.
636 2609 666 2626 esc
684 2602 815 2634 religionis
834 2601 865 2627 R.
948 2601 973 2632 Β)
992 2602 1070 2632 sever,
1089 2609 1104 2625 v
1123 2609 1189 2625 corr.
1203 2609 1234 2625 ea:
1251 2601 1268 2625 b
1287 2600 1321 2624 al.
1336 2608 1412 2630 man„
1431 2598 1462 2623 Β.
1551 2597 1576 2630 ¹¹)
1596 2599 1646 2623 -tis
1664 2598 1691 2622 ’ἱη
1710 2606 1761 2622 ras.
1780 2597 1812 2621 R.

167 2641 184 2673 i)
203 2652 250 2668 om.
270 2643 302 2668 R.
390 2642 414 2674 k)
433 2644 545 2668 effusans
563 2643 595 2668 R.
684 2643 703 2675 l)
720 2644 832 2676 primum
851 2648 861 2669 t
879 2653 945 2669 corr.
959 2652 989 2669 ea:
1007 2645 1023 2669 (1
1042 2645 1077 2669 al.
1090 2653 1159 2669 man.
1178 2644 1211 2668 R.
1300 2643 1332 2674 m)
1352 2643 1378 2666 in
1397 2650 1449 2666 ras.
1470 2642 1504 2666 al.
1518 2650 1585 2666 man.
1606 2641 1636 2665 Ii‘.

270 2736 297 2767 1)
320 2735 360 2768 C'f.
379 2744 426 2762 rm.
440 2740 479 2763 22.
501 2740 539 2763 31.
559 2740 599 2763 32.
687 2737 712 2770 2)
732 2737 754 2763 Ι.
767 2745 787 2763 e.
806 2737 843 2763 acl
860 2737 1021 2769 imperialem
1039 2736 1197 2770 diynitcaem
1212 2735 1338 2768 processit.
1425 2734 1450 2765 3)
1470 2734 1596 2765 Karalus,
1614 2734 1660 2765 qui
1679 2733 1732 2758 iam
1747 2739 1811 2765 pro-

124 2783 149 2803 45
170 2780 242 2804 reela
260 2780 316 2804 erat
334 2781 418 2805 aetate
437 2783 461 2806 et
480 2780 585 2812 corpori
603 2787 653 2806 sao
671 2780 750 2805 nimis
767 2787 864 2813 semper
878 2780 1010 2812 parcebat,
1029 2779 1182 2805 Imiusmocli
1200 2779 1268 2810 forte
1285 2777 1466 2804 eaecusationes
1480 2776 1635 2809 protulerat.

1576 2826 1607 2851 7*
