<?xml version="1.0" encoding="UTF-8"?>
<!DOCTYPE html PUBLIC "-//W3C//DTD XHTML 1.0 Transitional//EN"
    "http://www.w3.org/TR/xhtml1/DTD/xhtml1-transitional.dtd">
<html xmlns="http://www.w3.org/1999/xhtml" xml:lang="en" lang="en">
 <head>
  <title>
</title>
<meta http-equiv="Content-Type" content="text/html;charset=utf-8" />
  <meta name='ocr-system' content='tesseract 3.04.00' />
  <meta name='ocr-capabilities' content='ocr_page ocr_carea ocr_par ocr_line ocrx_word'/>
</head>
<body>
  <div class='ocr_page' id='page_1' title='image "./monumentagerman07geseuoft_0056.png"; bbox 0 0 2189 3042; ppageno 0'>
   <div class='ocr_carea' id='block_1_1' title="bbox 176 277 310 298">
    <p class='ocr_par' dir='ltr' id='par_1_1' title="bbox 176 277 310 298">
     <span class='ocr_line' id='line_1_1' title="bbox 176 277 310 298; baseline -0.007 0"><span class='ocrx_word' id='word_1_1' title='bbox 176 278 203 298; x_wconf 76' lang='lat' dir='ltr'>cl.</span> <span class='ocrx_word' id='word_1_2' title='bbox 218 277 278 298; x_wconf 56' lang='lat' dir='ltr'>lis-(h.</span> <span class='ocrx_word' id='word_1_3' title='bbox 291 280 310 298; x_wconf 68' lang='lat'>9.</span> 
     </span>
    </p>
   </div>
   <div class='ocr_carea' id='block_1_2' title="bbox 149 938 313 960">
    <p class='ocr_par' dir='ltr' id='par_1_2' title="bbox 149 938 313 960">
     <span class='ocr_line' id='line_1_2' title="bbox 149 938 313 960; baseline 0 -1"><span class='ocrx_word' id='word_1_4' title='bbox 149 939 176 959; x_wconf 82' lang='lat' dir='ltr'>cf.</span> <span class='ocrx_word' id='word_1_5' title='bbox 188 938 239 960; x_wconf 51' lang='lat' dir='ltr'>linc.</span> <span class='ocrx_word' id='word_1_6' title='bbox 253 941 271 960; x_wconf 72' lang='lat'>1,</span> <span class='ocrx_word' id='word_1_7' title='bbox 282 940 313 959; x_wconf 68' lang='lat'>48.</span> 
     </span>
    </p>
   </div>
   <div class='ocr_carea' id='block_1_3' title="bbox 135 1046 314 1069">
    <p class='ocr_par' dir='ltr' id='par_1_3' title="bbox 135 1046 314 1069">
     <span class='ocr_line' id='line_1_3' title="bbox 135 1046 314 1069; baseline -0.006 -3"><span class='ocrx_word' id='word_1_8' title='bbox 135 1046 163 1068; x_wconf 79' lang='lat' dir='ltr'>cl.</span> <span class='ocrx_word' id='word_1_9' title='bbox 177 1046 240 1067; x_wconf 81' lang='lat' dir='ltr'>Prov.</span> <span class='ocrx_word' id='word_1_10' title='bbox 253 1048 284 1069; x_wconf 66' lang='lat'>22¹,</span> <span class='ocrx_word' id='word_1_11' title='bbox 298 1049 314 1066; x_wconf 87' lang='grc' dir='ltr'>ι,</span> 
     </span>
    </p>
   </div>
   <div class='ocr_carea' id='block_1_4' title="bbox 140 2089 319 2111">
    <p class='ocr_par' dir='ltr' id='par_1_4' title="bbox 140 2089 319 2111">
     <span class='ocr_line' id='line_1_4' title="bbox 140 2089 319 2111; baseline -0.006 -2"><span class='ocrx_word' id='word_1_12' title='bbox 140 2089 168 2111; x_wconf 80' lang='lat' dir='ltr'>cf.</span> <span class='ocrx_word' id='word_1_13' title='bbox 182 2089 274 2109; x_wconf 82' lang='lat' dir='ltr'>l&#39;hilem.</span> <span class='ocrx_word' id='word_1_14' title='bbox 289 2092 319 2109; x_wconf 73' lang='lat'>12.</span> 
     </span>
    </p>
   </div>
   <div class='ocr_carea' id='block_1_5' title="bbox 327 168 1525 210">
    <p class='ocr_par' dir='ltr' id='par_1_5' title="bbox 327 168 1525 210">
     <span class='ocr_line' id='line_1_5' title="bbox 327 168 1525 210; baseline -0.003 -10"><span class='ocrx_word' id='word_1_15' title='bbox 327 180 366 210; x_wconf 75' lang='lat'>25</span> <span class='ocrx_word' id='word_1_16' title='bbox 771 171 948 198; x_wconf 83' lang='lat' dir='ltr'>IOHANNIS</span> <span class='ocrx_word' id='word_1_17' title='bbox 967 170 1042 197; x_wconf 87' lang='lat' dir='ltr'><strong>VIII.</strong></span> <span class='ocrx_word' id='word_1_18' title='bbox 1061 169 1180 196; x_wconf 85' lang='lat' dir='ltr'>PAPAE</span> <span class='ocrx_word' id='word_1_19' title='bbox 1202 168 1400 196; x_wconf 80' lang='lat' dir='ltr'><strong>EPISTOLAE</strong></span> <span class='ocrx_word' id='word_1_20' title='bbox 1422 169 1464 196; x_wconf 85' lang='lat'>27.</span> <span class='ocrx_word' id='word_1_21' title='bbox 1483 169 1525 197; x_wconf 87' lang='grc'>28.</span> 
     </span>
    </p>
   </div>
   <div class='ocr_carea' id='block_1_6' title="bbox 325 253 2021 1173">
    <p class='ocr_par' dir='ltr' id='par_1_6' title="bbox 325 253 2021 1173">
     <span class='ocr_line' id='line_1_6' title="bbox 327 253 1974 298; baseline -0.006 -4"><span class='ocrx_word' id='word_1_22' title='bbox 327 261 517 295; x_wconf 82' lang='lat' dir='ltr'>alleviabitis</span> <span class='ocrx_word' id='word_1_23' title='bbox 541 264 573 291; x_wconf 86' lang='lat' dir='ltr'>et</span> <span class='ocrx_word' id='word_1_24' title='bbox 597 259 683 289; x_wconf 77' lang='lat' dir='ltr'>eritis</span> <span class='ocrx_word' id='word_1_25' title='bbox 708 268 764 298; x_wconf 85' lang='lat' dir='ltr'>pro</span> <span class='ocrx_word' id='word_1_26' title='bbox 789 257 927 287; x_wconf 84' lang='lat' dir='ltr'>eeclesia</span> <span class='ocrx_word' id='word_1_27' title='bbox 943 255 1062 286; x_wconf 81' lang='lat' dir='ltr'>Christi</span> <span class='ocrx_word' id='word_1_28' title='bbox 1085 255 1170 296; x_wconf 86' lang='lat' dir='ltr'>apud</span> <span class='ocrx_word' id='word_1_29' title='bbox 1194 255 1281 296; x_wconf 91' lang='lat' dir='ltr'>pium</span> <span class='ocrx_word' id='word_1_30' title='bbox 1298 255 1466 296; x_wconf 84' lang='lat' dir='ltr'>coniugem</span> <span class='ocrx_word' id='word_1_31' title='bbox 1489 265 1580 286; x_wconf 89' lang='lat' dir='ltr'>more</span> <span class='ocrx_word' id='word_1_32' title='bbox 1603 256 1712 294; x_wconf 77' lang='lat' dir='ltr'>sancte</span> <span class='ocrx_word' id='word_1_33' title='bbox 1728 253 1813 284; x_wconf 86' lang='lat' dir='ltr'>illius</span> <span class='ocrx_word' id='word_1_34' title='bbox 1829 253 1974 285; x_wconf 86' lang='lat' dir='ltr'>Hesther</span> 
     </span>
     <span class='ocr_line' id='line_1_7' title="bbox 326 305 1973 355; baseline -0.005 -12"><span class='ocrx_word' id='word_1_35' title='bbox 326 326 381 355; x_wconf 82' lang='lat' dir='ltr'>pro</span> <span class='ocrx_word' id='word_1_36' title='bbox 406 312 605 344; x_wconf 79' lang='lat' dir='ltr'>Israhelitica</span> <span class='ocrx_word' id='word_1_37' title='bbox 634 309 730 351; x_wconf 83' lang='lat' dir='ltr'>plebe</span> <span class='ocrx_word' id='word_1_38' title='bbox 759 308 846 349; x_wconf 85' lang='lat' dir='ltr'>apud</span> <span class='ocrx_word' id='word_1_39' title='bbox 874 308 1033 339; x_wconf 85' lang='lat' dir='ltr'>maritum.</span> <span class='ocrx_word' id='word_1_40' title='bbox 1086 306 1168 342; x_wconf 85' lang='lat' dir='ltr'>Quia</span> <span class='ocrx_word' id='word_1_41' title='bbox 1191 316 1268 338; x_wconf 82' lang='lat' dir='ltr'>vero</span> <span class='ocrx_word' id='word_1_42' title='bbox 1295 317 1370 347; x_wconf 84' lang='lat' dir='ltr'>sepe</span> <span class='ocrx_word' id='word_1_43' title='bbox 1401 306 1444 337; x_wconf 88' lang='lat' dir='ltr'>ad</span> <span class='ocrx_word' id='word_1_44' title='bbox 1468 305 1773 337; x_wconf 75' lang='lat' dir='ltr'>christianissimum</span> <span class='ocrx_word' id='word_1_45' title='bbox 1804 305 1973 346; x_wconf 87' lang='lat' dir='ltr'>coniugem</span> 
     </span>
     <span class='ocr_line' id='line_1_8' title="bbox 326 356 1974 403; baseline -0.006 -7"><span class='ocrx_word' id='word_1_46' title='bbox 326 369 464 396; x_wconf 74' lang='lat' dir='ltr'>vestrum</span> <span class='ocrx_word' id='word_1_47' title='bbox 488 373 615 403; x_wconf 85' lang='lat' dir='ltr'>semper</span> <span class='ocrx_word' id='word_1_48' title='bbox 639 363 809 402; x_wconf 81' lang='lat' dir='ltr'>augustum</span> <span class='ocrx_word' id='word_1_49' title='bbox 834 359 966 389; x_wconf 87' lang='lat' dir='ltr'>diversis</span> <span class='ocrx_word' id='word_1_50' title='bbox 989 368 1047 399; x_wconf 88' lang='lat' dir='ltr'>pro</span> <span class='ocrx_word' id='word_1_51' title='bbox 1070 357 1335 389; x_wconf 72' lang='lat' dir='ltr'>necessitatibus³</span> <span class='ocrx_word' id='word_1_52' title='bbox 1358 357 1423 388; x_wconf 90' lang='lat' dir='ltr'>sive</span> <span class='ocrx_word' id='word_1_53' title='bbox 1451 358 1564 388; x_wconf 88' lang='lat' dir='ltr'>missos</span> <span class='ocrx_word' id='word_1_54' title='bbox 1587 358 1653 388; x_wconf 85' lang='lat' dir='ltr'>sive</span> <span class='ocrx_word' id='word_1_55' title='bbox 1677 357 1785 397; x_wconf 83' lang='lat' dir='ltr'>apices</span> <span class='ocrx_word' id='word_1_56' title='bbox 1808 356 1974 397; x_wconf 81' lang='lat' dir='ltr'>mittimus,</span> 
     </span>
     <span class='ocr_line' id='line_1_9' title="bbox 325 408 1974 451; baseline -0.005 -5"><span class='ocrx_word' id='word_1_57' title='bbox 325 427 366 447; x_wconf 76' lang='lat' dir='ltr'>ex</span> <span class='ocrx_word' id='word_1_58' title='bbox 389 416 450 446; x_wconf 89' lang='lat' dir='ltr'>hoe</span> <span class='ocrx_word' id='word_1_59' title='bbox 472 415 536 444; x_wconf 89' lang='lat' dir='ltr'>iam</span> <span class='ocrx_word' id='word_1_60' title='bbox 554 413 758 443; x_wconf 83' lang='lat' dir='ltr'>obsecramus</span> <span class='ocrx_word' id='word_1_61' title='bbox 782 414 814 441; x_wconf 88' lang='lat' dir='ltr'>et</span> <span class='ocrx_word' id='word_1_62' title='bbox 830 410 980 451; x_wconf 81' lang='lat' dir='ltr'>petimuS,</span> <span class='ocrx_word' id='word_1_63' title='bbox 1003 420 1060 440; x_wconf 87' lang='lat' dir='ltr'>vos</span> <span class='ocrx_word' id='word_1_64' title='bbox 1081 412 1184 439; x_wconf 86' lang='lat' dir='ltr'>estote</span> <span class='ocrx_word' id='word_1_65' title='bbox 1207 419 1265 449; x_wconf 88' lang='lat' dir='ltr'>pro</span> <span class='ocrx_word' id='word_1_66' title='bbox 1288 408 1381 439; x_wconf 84' lang='lat' dir='ltr'>nobis</span> <span class='ocrx_word' id='word_1_67' title='bbox 1398 408 1525 449; x_wconf 88' lang='lat' dir='ltr'>ostium,</span> <span class='ocrx_word' id='word_1_68' title='bbox 1548 408 1658 449; x_wconf 87' lang='lat' dir='ltr'>lingua</span> <span class='ocrx_word' id='word_1_69' title='bbox 1681 411 1714 438; x_wconf 90' lang='lat' dir='ltr'>et</span> <span class='ocrx_word' id='word_1_70' title='bbox 1729 417 1852 447; x_wconf 78' lang='lat' dir='ltr'>manuS,</span> <span class='ocrx_word' id='word_1_71' title='bbox 1875 408 1974 438; x_wconf 89' lang='lat' dir='ltr'>immo</span> 
     </span>
     <span class='ocr_line' id='line_1_10' title="bbox 326 458 2017 506; baseline -0.005 -8"><span class='ocrx_word' id='word_1_72' title='bbox 326 466 447 498; x_wconf 81' lang='lat' dir='ltr'>totumb</span> <span class='ocrx_word' id='word_1_73' title='bbox 464 476 520 506; x_wconf 87' lang='lat' dir='ltr'>pro</span> <span class='ocrx_word' id='word_1_74' title='bbox 537 464 628 495; x_wconf 84' lang='lat' dir='ltr'>nobis</span> <span class='ocrx_word' id='word_1_75' title='bbox 645 463 724 503; x_wconf 74' lang='lat' dir='ltr'>sitis,</span> <span class='ocrx_word' id='word_1_76' title='bbox 742 462 946 493; x_wconf 78' lang='lat' dir='ltr'>advocatoris</span> <span class='ocrx_word' id='word_1_77' title='bbox 962 461 1132 501; x_wconf 85' lang='lat' dir='ltr'>fungentes</span> <span class='ocrx_word' id='word_1_78' title='bbox 1149 460 1270 500; x_wconf 80' lang='lat' dir='ltr'>officiis,</span> <span class='ocrx_word' id='word_1_79' title='bbox 1288 462 1320 491; x_wconf 87' lang='lat' dir='ltr'>et</span> <span class='ocrx_word' id='word_1_80' title='bbox 1336 460 1443 491; x_wconf 85' lang='lat' dir='ltr'>omnia</span> <span class='ocrx_word' id='word_1_81' title='bbox 1457 470 1515 501; x_wconf 91' lang='lat' dir='ltr'>pro</span> <span class='ocrx_word' id='word_1_82' title='bbox 1532 459 1623 491; x_wconf 88' lang='lat' dir='ltr'>nobis</span> <span class='ocrx_word' id='word_1_83' title='bbox 1639 460 1671 490; x_wconf 91' lang='lat' dir='ltr'>in</span> <span class='ocrx_word' id='word_1_84' title='bbox 1687 458 1834 490; x_wconf 88' lang='lat' dir='ltr'>omnibus</span> <span class='ocrx_word' id='word_1_85' title='bbox 1850 458 1974 499; x_wconf 60' lang='lat' dir='ltr'>sanitae,</span> <span class='ocrx_word' id='word_1_86' title='bbox 2005 475 2017 494; x_wconf 73' lang='lat'>⁵</span> 
     </span>
     <span class='ocr_line' id='line_1_11' title="bbox 326 509 1976 556; baseline -0.005 -7"><span class='ocrx_word' id='word_1_87' title='bbox 326 520 370 549; x_wconf 84' lang='lat' dir='ltr'>ita</span> <span class='ocrx_word' id='word_1_88' title='bbox 386 521 419 548; x_wconf 89' lang='lat' dir='ltr'>ut</span> <span class='ocrx_word' id='word_1_89' title='bbox 435 517 528 548; x_wconf 86' lang='lat' dir='ltr'>amici</span> <span class='ocrx_word' id='word_1_90' title='bbox 546 515 674 556; x_wconf 88' lang='lat' dir='ltr'>quidem</span> <span class='ocrx_word' id='word_1_91' title='bbox 697 517 729 544; x_wconf 85' lang='lat' dir='ltr'>ct</span> <span class='ocrx_word' id='word_1_92' title='bbox 750 513 863 544; x_wconf 86' lang='lat' dir='ltr'>fideles</span> <span class='ocrx_word' id='word_1_93' title='bbox 880 513 1017 552; x_wconf 86' lang='lat' dir='ltr'>ecclesie</span> <span class='ocrx_word' id='word_1_94' title='bbox 1034 512 1127 542; x_wconf 91' lang='lat' dir='ltr'>huius</span> <span class='ocrx_word' id='word_1_95' title='bbox 1143 522 1200 553; x_wconf 88' lang='lat' dir='ltr'>per</span> <span class='ocrx_word' id='word_1_96' title='bbox 1215 521 1272 542; x_wconf 90' lang='lat' dir='ltr'>vos</span> <span class='ocrx_word' id='word_1_97' title='bbox 1288 511 1374 552; x_wconf 87' lang='lat' dir='ltr'>apud</span> <span class='ocrx_word' id='word_1_98' title='bbox 1392 510 1581 553; x_wconf 70' lang='lat' dir='ltr'>coniugemd</span> <span class='ocrx_word' id='word_1_99' title='bbox 1598 514 1740 542; x_wconf 84' lang='lat' dir='ltr'>vestrum</span> <span class='ocrx_word' id='word_1_100' title='bbox 1756 510 1874 548; x_wconf 90' lang='lat' dir='ltr'>locum,</span> <span class='ocrx_word' id='word_1_101' title='bbox 1890 509 1976 551; x_wconf 88' lang='lat' dir='ltr'>apud</span> 
     </span>
     <span class='ocr_line' id='line_1_12' title="bbox 325 561 1976 602; baseline -0.005 -2"><span class='ocrx_word' id='word_1_102' title='bbox 325 581 381 600; x_wconf 86' lang='lat' dir='ltr'>vos</span> <span class='ocrx_word' id='word_1_103' title='bbox 410 569 571 599; x_wconf 88' lang='lat' dir='ltr'>inveniant</span> <span class='ocrx_word' id='word_1_104' title='bbox 599 566 721 597; x_wconf 85' lang='lat' dir='ltr'>aditum</span> <span class='ocrx_word' id='word_1_105' title='bbox 753 568 785 596; x_wconf 91' lang='lat' dir='ltr'>et</span> <span class='ocrx_word' id='word_1_106' title='bbox 818 564 964 595; x_wconf 81' lang='lat' dir='ltr'>salubree</span> <span class='ocrx_word' id='word_1_107' title='bbox 994 564 1025 594; x_wconf 93' lang='lat' dir='ltr'>in</span> <span class='ocrx_word' id='word_1_108' title='bbox 1055 562 1302 594; x_wconf 81' lang='lat' dir='ltr'>necessitatibus</span> <span class='ocrx_word' id='word_1_109' title='bbox 1331 563 1395 593; x_wconf 86' lang='lat' dir='ltr'>suis</span> <span class='ocrx_word' id='word_1_110' title='bbox 1423 563 1551 593; x_wconf 90' lang='lat' dir='ltr'>omnino</span> <span class='ocrx_word' id='word_1_111' title='bbox 1583 562 1776 602; x_wconf 86' lang='lat' dir='ltr'>remedium,</span> <span class='ocrx_word' id='word_1_112' title='bbox 1809 561 1844 592; x_wconf 78' lang='lat' dir='ltr'>ef</span> <span class='ocrx_word' id='word_1_113' title='bbox 1866 564 1976 592; x_wconf 87' lang='lat' dir='ltr'>eontra</span> 
     </span>
     <span class='ocr_line' id='line_1_13' title="bbox 325 612 1977 658; baseline -0.005 -6"><span class='ocrx_word' id='word_1_114' title='bbox 325 631 399 652; x_wconf 81' lang='lat' dir='ltr'>vero</span> <span class='ocrx_word' id='word_1_115' title='bbox 424 620 540 650; x_wconf 83' lang='lat' dir='ltr'>inimici</span> <span class='ocrx_word' id='word_1_116' title='bbox 566 622 598 649; x_wconf 91' lang='lat' dir='ltr'>et</span> <span class='ocrx_word' id='word_1_117' title='bbox 620 617 766 648; x_wconf 74' lang='lat' dir='ltr'>infideles</span> <span class='ocrx_word' id='word_1_118' title='bbox 792 626 851 658; x_wconf 87' lang='lat' dir='ltr'>per</span> <span class='ocrx_word' id='word_1_119' title='bbox 877 626 933 646; x_wconf 88' lang='lat' dir='ltr'>vos</span> <span class='ocrx_word' id='word_1_120' title='bbox 957 614 1192 646; x_wconf 86' lang='lat' dir='ltr'>confundantur</span> <span class='ocrx_word' id='word_1_121' title='bbox 1215 617 1247 645; x_wconf 87' lang='lat' dir='ltr'>et</span> <span class='ocrx_word' id='word_1_122' title='bbox 1275 614 1495 645; x_wconf 80' lang='lat' dir='ltr'>excludantur.</span> <span class='ocrx_word' id='word_1_123' title='bbox 1542 614 1626 650; x_wconf 84' lang='lat' dir='ltr'>Quia</span> <span class='ocrx_word' id='word_1_124' title='bbox 1656 617 1688 645; x_wconf 92' lang='lat' dir='ltr'>et</span> <span class='ocrx_word' id='word_1_125' title='bbox 1714 624 1772 644; x_wconf 83' lang='lat' dir='ltr'>nos</span> <span class='ocrx_word' id='word_1_126' title='bbox 1800 623 1858 654; x_wconf 90' lang='lat' dir='ltr'>pro</span> <span class='ocrx_word' id='word_1_127' title='bbox 1886 612 1977 644; x_wconf 86' lang='lat' dir='ltr'>vobis</span> 
     </span>
     <span class='ocr_line' id='line_1_14' title="bbox 326 665 1977 713; baseline -0.005 -10"><span class='ocrx_word' id='word_1_128' title='bbox 326 671 411 713; x_wconf 86' lang='lat' dir='ltr'>apud</span> <span class='ocrx_word' id='word_1_129' title='bbox 435 682 545 702; x_wconf 86' lang='lat' dir='ltr'>omnes</span> <span class='ocrx_word' id='word_1_130' title='bbox 570 673 601 700; x_wconf 72' lang='lat' dir='ltr'>et</span> <span class='ocrx_word' id='word_1_131' title='bbox 626 670 657 700; x_wconf 88' lang='lat' dir='ltr'>in</span> <span class='ocrx_word' id='word_1_132' title='bbox 682 668 829 700; x_wconf 87' lang='lat' dir='ltr'>omnibus</span> <span class='ocrx_word' id='word_1_133' title='bbox 853 668 971 698; x_wconf 88' lang='lat' dir='ltr'>erimus</span> <span class='ocrx_word' id='word_1_134' title='bbox 1002 670 1034 697; x_wconf 90' lang='lat' dir='ltr'>et</span> <span class='ocrx_word' id='word_1_135' title='bbox 1056 667 1209 708; x_wconf 83' lang='lat' dir='ltr'>precipue</span> <span class='ocrx_word' id='word_1_136' title='bbox 1239 666 1324 707; x_wconf 87' lang='lat' dir='ltr'>apud</span> <span class='ocrx_word' id='word_1_137' title='bbox 1349 666 1551 697; x_wconf 87' lang='lat' dir='ltr'>beatissimos</span> <span class='ocrx_word' id='word_1_138' title='bbox 1575 665 1793 707; x_wconf 83' lang='lat' dir='ltr'>apostolorum</span> <span class='ocrx_word' id='word_1_139' title='bbox 1816 665 1977 706; x_wconf 84' lang='lat' dir='ltr'>principes</span> 
     </span>
     <span class='ocr_line' id='line_1_15' title="bbox 325 717 2021 761; baseline -0.005 -7"><span class='ocrx_word' id='word_1_140' title='bbox 325 723 457 754; x_wconf 82' lang='lat' dir='ltr'>Petrum</span> <span class='ocrx_word' id='word_1_141' title='bbox 483 726 515 753; x_wconf 86' lang='lat' dir='ltr'>et</span> <span class='ocrx_word' id='word_1_142' title='bbox 538 721 685 761; x_wconf 88' lang='lat' dir='ltr'>Paulum,</span> <span class='ocrx_word' id='word_1_143' title='bbox 711 723 873 751; x_wconf 85' lang='lat' dir='ltr'>amatores</span> <span class='ocrx_word' id='word_1_144' title='bbox 897 722 930 750; x_wconf 90' lang='lat' dir='ltr'>et</span> <span class='ocrx_word' id='word_1_145' title='bbox 952 722 1151 759; x_wconf 87' lang='lat' dir='ltr'>protectores</span> <span class='ocrx_word' id='word_1_146' title='bbox 1175 721 1307 755; x_wconf 77' lang='lat' dir='ltr'>vestros,</span> <span class='ocrx_word' id='word_1_147' title='bbox 1331 718 1375 748; x_wconf 87' lang='lat' dir='ltr'>ita</span> <span class='ocrx_word' id='word_1_148' title='bbox 1402 721 1438 748; x_wconf 89' lang='lat' dir='ltr'>ut</span> <span class='ocrx_word' id='word_1_149' title='bbox 1460 721 1595 759; x_wconf 85' lang='lat' dir='ltr'>paterno</span> <span class='ocrx_word' id='word_1_150' title='bbox 1623 727 1680 748; x_wconf 90' lang='lat' dir='ltr'>vos</span> <span class='ocrx_word' id='word_1_151' title='bbox 1707 717 1825 748; x_wconf 83' lang='lat' dir='ltr'>affeetu</span> <span class='ocrx_word' id='word_1_152' title='bbox 1848 726 1977 757; x_wconf 85' lang='lat' dir='ltr'>semper</span> <span class='ocrx_word' id='word_1_153' title='bbox 1996 730 2021 749; x_wconf 83' lang='grc' dir='ltr'>ιο</span> 
     </span>
     <span class='ocr_line' id='line_1_16' title="bbox 327 768 1977 812; baseline -0.005 -6"><span class='ocrx_word' id='word_1_154' title='bbox 327 775 435 805; x_wconf 87' lang='lat' dir='ltr'>fovere</span> <span class='ocrx_word' id='word_1_155' title='bbox 460 773 625 805; x_wconf 78' lang='lat' dir='ltr'>studentes</span> <span class='ocrx_word' id='word_1_156' title='bbox 657 775 689 804; x_wconf 89' lang='lat' dir='ltr'>et</span> <span class='ocrx_word' id='word_1_157' title='bbox 712 775 865 812; x_wconf 82' lang='lat' dir='ltr'>tanquam</span> <span class='ocrx_word' id='word_1_158' title='bbox 889 770 1089 811; x_wconf 87' lang='lat' dir='ltr'>spiritualem</span> <span class='ocrx_word' id='word_1_159' title='bbox 1120 769 1219 800; x_wconf 85' lang='lat' dir='ltr'>filiam</span> <span class='ocrx_word' id='word_1_160' title='bbox 1250 769 1429 800; x_wconf 81' lang='lat' dir='ltr'>dilectionis</span> <span class='ocrx_word' id='word_1_161' title='bbox 1456 772 1563 810; x_wconf 83' lang='lat' dir='ltr'>nostre</span> <span class='ocrx_word' id='word_1_162' title='bbox 1588 769 1708 800; x_wconf 89' lang='lat' dir='ltr'>sinibus</span> <span class='ocrx_word' id='word_1_163' title='bbox 1731 768 1922 799; x_wconf 81' lang='lat' dir='ltr'>collocatam</span> <span class='ocrx_word' id='word_1_164' title='bbox 1946 768 1977 797; x_wconf 92' lang='lat' dir='ltr'>in</span> 
     </span>
     <span class='ocr_line' id='line_1_17' title="bbox 326 818 1977 865; baseline -0.004 -8"><span class='ocrx_word' id='word_1_165' title='bbox 326 826 453 857; x_wconf 88' lang='lat' dir='ltr'>Christo</span> <span class='ocrx_word' id='word_1_166' title='bbox 477 828 615 856; x_wconf 85' lang='lat' dir='ltr'>tractare</span> <span class='ocrx_word' id='word_1_167' title='bbox 641 835 678 855; x_wconf 88' lang='lat' dir='ltr'>ae</span> <span class='ocrx_word' id='word_1_168' title='bbox 703 827 815 865; x_wconf 82' lang='lat' dir='ltr'>tegere</span> <span class='ocrx_word' id='word_1_169' title='bbox 841 826 998 863; x_wconf 86' lang='lat' dir='ltr'>perpetuo</span> <span class='ocrx_word' id='word_1_170' title='bbox 1015 824 1211 862; x_wconf 83' lang='lat' dir='ltr'>satagentes,</span> <span class='ocrx_word' id='word_1_171' title='bbox 1235 820 1321 862; x_wconf 89' lang='lat' dir='ltr'>apud</span> <span class='ocrx_word' id='word_1_172' title='bbox 1345 831 1401 852; x_wconf 86' lang='lat' dir='ltr'>eos</span> <span class='ocrx_word' id='word_1_173' title='bbox 1418 820 1645 852; x_wconf 85' lang='lat' dir='ltr'>commendare</span> <span class='ocrx_word' id='word_1_174' title='bbox 1669 820 1805 851; x_wconf 89' lang='lat' dir='ltr'>assiduis</span> <span class='ocrx_word' id='word_1_175' title='bbox 1828 818 1977 861; x_wconf 85' lang='lat' dir='ltr'>precibus</span> 
     </span>
     <span class='ocr_line' id='line_1_18' title="bbox 326 872 1976 914; baseline -0.004 -5"><span class='ocrx_word' id='word_1_176' title='bbox 326 877 511 908; x_wconf 71' lang='lat' dir='ltr'>studeamus</span> <span class='ocrx_word' id='word_1_177' title='bbox 535 880 567 908; x_wconf 90' lang='lat' dir='ltr'>et</span> <span class='ocrx_word' id='word_1_178' title='bbox 590 877 686 907; x_wconf 74' lang='lat' dir='ltr'>vestri</span> <span class='ocrx_word' id='word_1_179' title='bbox 703 876 890 906; x_wconf 85' lang='lat' dir='ltr'>memoriam</span> <span class='ocrx_word' id='word_1_180' title='bbox 917 873 958 904; x_wconf 88' lang='lat' dir='ltr'>ad</span> <span class='ocrx_word' id='word_1_181' title='bbox 982 876 1185 904; x_wconf 82' lang='lat' dir='ltr'>sacrosancta</span> <span class='ocrx_word' id='word_1_182' title='bbox 1201 883 1336 914; x_wconf 88' lang='lat' dir='ltr'>corpora</span> <span class='ocrx_word' id='word_1_183' title='bbox 1351 873 1491 914; x_wconf 88' lang='lat' dir='ltr'>ipsorum</span> <span class='ocrx_word' id='word_1_184' title='bbox 1517 883 1645 914; x_wconf 81' lang='lat' dir='ltr'>semper</span> <span class='ocrx_word' id='word_1_185' title='bbox 1661 872 1824 913; x_wconf 88' lang='lat' dir='ltr'>deponere</span> <span class='ocrx_word' id='word_1_186' title='bbox 1848 874 1976 912; x_wconf 86' lang='lat' dir='ltr'>sataga-</span> 
     </span>
     <span class='ocr_line' id='line_1_19' title="bbox 328 923 1978 969; baseline -0.005 -8"><span class='ocrx_word' id='word_1_187' title='bbox 328 940 407 961; x_wconf 88' lang='lat' dir='ltr'>mus.</span> <span class='ocrx_word' id='word_1_188' title='bbox 455 930 608 969; x_wconf 78' lang='lat' dir='ltr'>Letamur</span> <span class='ocrx_word' id='word_1_189' title='bbox 631 932 739 959; x_wconf 85' lang='lat' dir='ltr'>autem</span> <span class='ocrx_word' id='word_1_190' title='bbox 763 930 795 957; x_wconf 82' lang='lat' dir='ltr'>et</span> <span class='ocrx_word' id='word_1_191' title='bbox 818 925 1029 957; x_wconf 85' lang='lat' dir='ltr'>iocundamur</span> <span class='ocrx_word' id='word_1_192' title='bbox 1051 926 1083 955; x_wconf 92' lang='lat' dir='ltr'>in</span> <span class='ocrx_word' id='word_1_193' title='bbox 1106 924 1259 965; x_wconf 83' lang='lat' dir='ltr'>Domino,</span> <span class='ocrx_word' id='word_1_194' title='bbox 1290 925 1384 965; x_wconf 76' lang='lat' dir='ltr'>quiag</span> <span class='ocrx_word' id='word_1_195' title='bbox 1407 924 1537 956; x_wconf 82' lang='lat' dir='ltr'>beatam</span> <span class='ocrx_word' id='word_1_196' title='bbox 1566 935 1623 955; x_wconf 86' lang='lat' dir='ltr'>vos</span> <span class='ocrx_word' id='word_1_197' title='bbox 1653 927 1686 955; x_wconf 88' lang='lat' dir='ltr'>et</span> <span class='ocrx_word' id='word_1_198' title='bbox 1713 924 1841 955; x_wconf 86' lang='lat' dir='ltr'>felicem</span> <span class='ocrx_word' id='word_1_199' title='bbox 1870 923 1978 954; x_wconf 87' lang='lat' dir='ltr'>dicent</span> 
     </span>
     <span class='ocr_line' id='line_1_20' title="bbox 328 976 2020 1022; baseline -0.004 -10"><span class='ocrx_word' id='word_1_200' title='bbox 328 991 438 1012; x_wconf 85' lang='lat' dir='ltr'>omnes</span> <span class='ocrx_word' id='word_1_201' title='bbox 455 979 709 1022; x_wconf 78' lang='lat' dir='ltr'>generationes¹¹‚</span> <span class='ocrx_word' id='word_1_202' title='bbox 727 979 811 1020; x_wconf 88' lang='lat' dir='ltr'>quia,</span> <span class='ocrx_word' id='word_1_203' title='bbox 828 979 880 1019; x_wconf 86' lang='lat' dir='ltr'>pio</span> <span class='ocrx_word' id='word_1_204' title='bbox 899 977 1119 1008; x_wconf 78' lang='lat' dir='ltr'>committente</span> <span class='ocrx_word' id='word_1_205' title='bbox 1137 977 1283 1017; x_wconf 83' lang='lat' dir='ltr'>coniuge,</span> <span class='ocrx_word' id='word_1_206' title='bbox 1304 979 1369 1007; x_wconf 88' lang='lat' dir='ltr'>tam</span> <span class='ocrx_word' id='word_1_207' title='bbox 1386 976 1586 1008; x_wconf 86' lang='lat' dir='ltr'>salutiferum</span> <span class='ocrx_word' id='word_1_208' title='bbox 1603 976 1814 1007; x_wconf 87' lang='lat' dir='ltr'>ministerium</span> <span class='ocrx_word' id='word_1_209' title='bbox 1830 985 1976 1016; x_wconf 82' lang='lat' dir='ltr'>assump-</span> <span class='ocrx_word' id='word_1_210' title='bbox 1995 987 2020 1006; x_wconf 88' lang='lat'>15</span> 
     </span>
     <span class='ocr_line' id='line_1_21' title="bbox 332 1026 1977 1073; baseline -0.004 -10"><span class='ocrx_word' id='word_1_211' title='bbox 332 1033 429 1072; x_wconf 75' lang='lat' dir='ltr'>sistis,</span> <span class='ocrx_word' id='word_1_212' title='bbox 459 1042 517 1073; x_wconf 88' lang='lat' dir='ltr'>per</span> <span class='ocrx_word' id='word_1_213' title='bbox 552 1031 637 1072; x_wconf 89' lang='lat' dir='ltr'>quod</span> <span class='ocrx_word' id='word_1_214' title='bbox 661 1031 783 1062; x_wconf 87' lang='lat' dir='ltr'>seilicet</span> <span class='ocrx_word' id='word_1_215' title='bbox 812 1033 844 1060; x_wconf 90' lang='lat' dir='ltr'>et</span> <span class='ocrx_word' id='word_1_216' title='bbox 871 1030 902 1060; x_wconf 93' lang='lat' dir='ltr'>in</span> <span class='ocrx_word' id='word_1_217' title='bbox 926 1029 1068 1070; x_wconf 85' lang='lat' dir='ltr'>presenti</span> <span class='ocrx_word' id='word_1_218' title='bbox 1097 1028 1203 1069; x_wconf 83' lang='lat' dir='ltr'>seculo</span> <span class='ocrx_word' id='word_1_219' title='bbox 1227 1038 1345 1059; x_wconf 88' lang='lat' dir='ltr'>nomen</span> <span class='ocrx_word' id='word_1_220' title='bbox 1368 1027 1500 1069; x_wconf 85' lang='lat' dir='ltr'>bonum,</span> <span class='ocrx_word' id='word_1_221' title='bbox 1529 1028 1614 1069; x_wconf 91' lang='lat' dir='ltr'>quod</span> <span class='ocrx_word' id='word_1_222' title='bbox 1645 1030 1694 1059; x_wconf 87' lang='lat' dir='ltr'>est</span> <span class='ocrx_word' id='word_1_223' title='bbox 1723 1037 1820 1068; x_wconf 88' lang='lat' dir='ltr'>super</span> <span class='ocrx_word' id='word_1_224' title='bbox 1849 1026 1977 1057; x_wconf 83' lang='lat' dir='ltr'>divitias</span> 
     </span>
     <span class='ocr_line' id='line_1_22' title="bbox 328 1079 1656 1124; baseline -0.004 -9"><span class='ocrx_word' id='word_1_225' title='bbox 328 1084 454 1123; x_wconf 87' lang='lat' dir='ltr'>multas,</span> <span class='ocrx_word' id='word_1_226' title='bbox 479 1086 511 1114; x_wconf 90' lang='lat' dir='ltr'>et</span> <span class='ocrx_word' id='word_1_227' title='bbox 535 1083 652 1124; x_wconf 78' lang='lat' dir='ltr'>celeste</span> <span class='ocrx_word' id='word_1_228' title='bbox 676 1082 849 1123; x_wconf 79' lang='lat' dir='ltr'>acquiretis</span> <span class='ocrx_word' id='word_1_229' title='bbox 874 1081 957 1112; x_wconf 87' lang='lat' dir='ltr'>inter</span> <span class='ocrx_word' id='word_1_230' title='bbox 979 1080 1113 1121; x_wconf 81' lang='lat' dir='ltr'>angelos</span> <span class='ocrx_word' id='word_1_231' title='bbox 1137 1083 1170 1110; x_wconf 89' lang='lat' dir='ltr'>et</span> <span class='ocrx_word' id='word_1_232' title='bbox 1192 1090 1255 1110; x_wconf 91' lang='lat' dir='ltr'>non</span> <span class='ocrx_word' id='word_1_233' title='bbox 1277 1079 1451 1110; x_wconf 89' lang='lat' dir='ltr'>finiendum</span> <span class='ocrx_word' id='word_1_234' title='bbox 1474 1080 1656 1121; x_wconf 89' lang='lat' dir='ltr'>imperium.</span> 
     </span>
     <span class='ocr_line' id='line_1_23' title="bbox 432 1141 1314 1173; baseline -0.005 -5"><span class='ocrx_word' id='word_1_235' title='bbox 432 1145 525 1169; x_wconf 76' lang='lat' dir='ltr'><strong>DATA</strong></span> <span class='ocrx_word' id='word_1_236' title='bbox 548 1145 614 1168; x_wconf 72' lang='lat' dir='ltr'>XVI.</span> <span class='ocrx_word' id='word_1_237' title='bbox 634 1144 815 1168; x_wconf 79' lang='lat' dir='ltr'><strong>KALENDAS</strong></span> <span class='ocrx_word' id='word_1_238' title='bbox 840 1142 1040 1173; x_wconf 75' lang='lat' dir='ltr'>DECEMBRIS,</span> <span class='ocrx_word' id='word_1_239' title='bbox 1064 1142 1264 1165; x_wconf 77' lang='lat' dir='ltr'><strong>INDICTIONE</strong></span> <span class='ocrx_word' id='word_1_240' title='bbox 1283 1141 1314 1165; x_wconf 82' lang='lat' dir='ltr'>X.</span> 
     </span>
    </p>
   </div>
   <div class='ocr_carea' id='block_1_7' title="bbox 330 1280 2022 1480">
    <p class='ocr_par' dir='ltr' id='par_1_7' title="bbox 330 1280 2022 1480">
     <span class='ocr_line' id='line_1_24' title="bbox 1123 1280 1174 1309; baseline 0.02 -1"><span class='ocrx_word' id='word_1_241' title='bbox 1123 1280 1174 1309; x_wconf 77' lang='lat'>28.</span> 
     </span>
     <span class='ocr_line' id='line_1_25' title="bbox 438 1330 1975 1375; baseline -0.003 -8"><span class='ocrx_word' id='word_1_242' title='bbox 438 1336 595 1367; x_wconf 73' lang='lat' dir='ltr'>Iohannes</span> <span class='ocrx_word' id='word_1_243' title='bbox 622 1335 719 1366; x_wconf 74' lang='lat' dir='ltr'><strong>VIII.</strong></span> <span class='ocrx_word' id='word_1_244' title='bbox 752 1345 842 1374; x_wconf 70' lang='lat' dir='ltr'>papa</span> <span class='ocrx_word' id='word_1_245' title='bbox 870 1334 986 1366; x_wconf 75' lang='lat' dir='ltr'>Karolz&#39;</span> <span class='ocrx_word' id='word_1_246' title='bbox 1013 1334 1135 1375; x_wconf 71' lang='lat' dir='ltr'>(Calvi)</span> <span class='ocrx_word' id='word_1_247' title='bbox 1162 1334 1363 1373; x_wconf 73' lang='lat' dir='ltr'>imperatoris</span> <span class='ocrx_word' id='word_1_248' title='bbox 1391 1333 1529 1374; x_wconf 67' lang='lat' dir='ltr'>qratiam</span> <span class='ocrx_word' id='word_1_249' title='bbox 1562 1331 1710 1372; x_wconf 72' lang='lat' dir='ltr'>implorat</span> <span class='ocrx_word' id='word_1_250' title='bbox 1740 1342 1800 1372; x_wconf 78' lang='lat' dir='ltr'>pro</span> <span class='ocrx_word' id='word_1_251' title='bbox 1830 1330 1975 1370; x_wconf 74' lang='lat' dir='ltr'>VViybodo</span> 
     </span>
     <span class='ocr_line' id='line_1_26' title="bbox 330 1383 2022 1426; baseline -0.002 -8"><span class='ocrx_word' id='word_1_252' title='bbox 330 1388 498 1418; x_wconf 63' lang='lat' dir='ltr'>Parmensi</span> <span class='ocrx_word' id='word_1_253' title='bbox 519 1387 668 1426; x_wconf 71' lang='lat' dir='ltr'>episeopo.</span> <span class='ocrx_word' id='word_1_254' title='bbox 1693 1385 1757 1415; x_wconf 79' lang='lat'>876</span> <span class='ocrx_word' id='word_1_255' title='bbox 1779 1383 1890 1424; x_wconf 80' lang='lat' dir='ltr'>(Nov.)</span> <span class='ocrx_word' id='word_1_256' title='bbox 1996 1395 2022 1415; x_wconf 84' lang='lat'>20</span> 
     </span>
     <span class='ocr_line' id='line_1_27' title="bbox 444 1446 759 1480; baseline 0 -8"><span class='ocrx_word' id='word_1_257' title='bbox 444 1446 516 1472; x_wconf 59' lang='lat' dir='ltr'>Goth:</span> <span class='ocrx_word' id='word_1_258' title='bbox 545 1446 571 1472; x_wconf 78' lang='lat' dir='ltr'><em>R</em></span> <span class='ocrx_word' id='word_1_259' title='bbox 588 1449 609 1480; x_wconf 81' lang='lat' dir='ltr'>f.</span> <span class='ocrx_word' id='word_1_260' title='bbox 620 1448 660 1472; x_wconf 82' lang='lat'>13¹</span> <span class='ocrx_word' id='word_1_261' title='bbox 680 1456 706 1472; x_wconf 63' lang='grc' dir='ltr'>τι.</span> <span class='ocrx_word' id='word_1_262' title='bbox 720 1450 759 1472; x_wconf 74' lang='grc'>28.</span> 
     </span>
    </p>
   </div>
   <div class='ocr_carea' id='block_1_8' title="bbox 333 1489 1976 1570">
    <p class='ocr_par' dir='ltr' id='par_1_8' title="bbox 333 1489 1976 1570">
     <span class='ocr_line' id='line_1_28' title="bbox 433 1489 1976 1527; baseline -0.003 -8"><span class='ocrx_word' id='word_1_263' title='bbox 433 1493 519 1519; x_wconf 64' lang='lat' dir='ltr'>EM:</span> <span class='ocrx_word' id='word_1_264' title='bbox 548 1494 641 1519; x_wconf 70' lang='lat' dir='ltr'>Editio</span> <span class='ocrx_word' id='word_1_265' title='bbox 661 1494 784 1519; x_wconf 78' lang='lat' dir='ltr'>Romana</span> <span class='ocrx_word' id='word_1_266' title='bbox 804 1494 886 1527; x_wconf 71' lang='lat'><em>(1591)</em></span> <span class='ocrx_word' id='word_1_267' title='bbox 906 1493 962 1526; x_wconf 74' lang='grc' dir='ltr'><em>ΙΙΙ,</em></span> <span class='ocrx_word' id='word_1_268' title='bbox 983 1497 1031 1519; x_wconf 74' lang='lat'>310</span> <span class='ocrx_word' id='word_1_269' title='bbox 1049 1501 1076 1519; x_wconf 61' lang='lat' dir='ltr'>oz.</span> <span class='ocrx_word' id='word_1_270' title='bbox 1090 1496 1128 1518; x_wconf 73' lang='lat'>⁵27.</span> <span class='ocrx_word' id='word_1_271' title='bbox 1168 1493 1263 1518; x_wconf 75' lang='lat' dir='ltr'>Mansz‘</span> <span class='ocrx_word' id='word_1_272' title='bbox 1283 1492 1361 1518; x_wconf 76' lang='lat' dir='ltr'>Cone.</span> <span class='ocrx_word' id='word_1_273' title='bbox 1374 1492 1429 1518; x_wconf 79' lang='lat' dir='ltr'>coll.</span> <span class='ocrx_word' id='word_1_274' title='bbox 1446 1491 1545 1523; x_wconf 89' lang='lat' dir='ltr'><strong>XVII,</strong></span> <span class='ocrx_word' id='word_1_275' title='bbox 1565 1495 1595 1517; x_wconf 73' lang='grc'>25</span> <span class='ocrx_word' id='word_1_276' title='bbox 1613 1499 1640 1517; x_wconf 71' lang='lat' dir='ltr'>rz.</span> <span class='ocrx_word' id='word_1_277' title='bbox 1653 1494 1691 1517; x_wconf 74' lang='grc'>27.</span> <span class='ocrx_word' id='word_1_278' title='bbox 1728 1490 1820 1523; x_wconf 67' lang='lat' dir='ltr'>Illique</span> <span class='ocrx_word' id='word_1_279' title='bbox 1839 1489 1914 1516; x_wconf 75' lang='lat' dir='ltr'>Patr.</span> <span class='ocrx_word' id='word_1_280' title='bbox 1929 1490 1976 1515; x_wconf 84' lang='lat' dir='ltr'>lat.</span> 
     </span>
     <span class='ocr_line' id='line_1_29' title="bbox 333 1536 1054 1570; baseline 0.001 -9"><span class='ocrx_word' id='word_1_281' title='bbox 333 1536 468 1569; x_wconf 81' lang='lat' dir='ltr'><strong>CXXVI,</strong></span> <span class='ocrx_word' id='word_1_282' title='bbox 488 1540 534 1563; x_wconf 74' lang='lat'>699</span> <span class='ocrx_word' id='word_1_283' title='bbox 554 1545 578 1563; x_wconf 78' lang='lat' dir='ltr'>n.</span> <span class='ocrx_word' id='word_1_284' title='bbox 592 1540 632 1562; x_wconf 69' lang='lat'>46.</span> <span class='ocrx_word' id='word_1_285' title='bbox 655 1551 684 1554; x_wconf 89' lang='lat'><strong>—</strong></span> <span class='ocrx_word' id='word_1_286' title='bbox 704 1537 777 1568; x_wconf 71' lang='lat' dir='ltr'>Jaffe&#39;</span> <span class='ocrx_word' id='word_1_287' title='bbox 796 1537 860 1570; x_wconf 67' lang='lat' dir='ltr'>Regs.</span> <span class='ocrx_word' id='word_1_288' title='bbox 876 1540 939 1563; x_wconf 79' lang='lat'><em>3065</em></span> <span class='ocrx_word' id='word_1_289' title='bbox 957 1537 1054 1570; x_wconf 72' lang='lat'><em>(2294).</em></span> 
     </span>
    </p>
   </div>
   <div class='ocr_carea' id='block_1_9' title="bbox 332 1613 2027 2272">
    <p class='ocr_par' dir='ltr' id='par_1_9' title="bbox 727 1613 1582 1647">
     <span class='ocr_line' id='line_1_30' title="bbox 727 1613 1582 1647; baseline -0.002 -8"><span class='ocrx_word' id='word_1_290' title='bbox 727 1614 909 1647; x_wconf 82' lang='lat' dir='ltr'><strong>(IOHANNES</strong></span> <span class='ocrx_word' id='word_1_291' title='bbox 932 1613 1148 1647; x_wconf 76' lang='lat' dir='ltr'><strong>EPISCOPUS)‘·</strong></span> <span class='ocrx_word' id='word_1_292' title='bbox 1168 1614 1325 1639; x_wconf 71' lang='lat' dir='ltr'>KAROLOa</span> <span class='ocrx_word' id='word_1_293' title='bbox 1343 1613 1582 1638; x_wconf 68' lang='lat' dir='ltr'>IMPERATORIa.</span> 
     </span>
    </p>

    <p class='ocr_par' dir='ltr' id='par_1_10' title="bbox 332 1662 2027 2272">
     <span class='ocr_line' id='line_1_31' title="bbox 440 1662 2023 1705; baseline -0.003 -8"><span class='ocrx_word' id='word_1_294' title='bbox 440 1666 522 1702; x_wconf 84' lang='lat' dir='ltr'>Quia</span> <span class='ocrx_word' id='word_1_295' title='bbox 554 1666 801 1697; x_wconf 83' lang='lat' dir='ltr'>desiderandam</span> <span class='ocrx_word' id='word_1_296' title='bbox 834 1665 925 1696; x_wconf 85' lang='lat' dir='ltr'>nobis</span> <span class='ocrx_word' id='word_1_297' title='bbox 956 1669 988 1696; x_wconf 88' lang='lat' dir='ltr'>et</span> <span class='ocrx_word' id='word_1_298' title='bbox 1018 1666 1094 1696; x_wconf 88' lang='lat' dir='ltr'>totis</span> <span class='ocrx_word' id='word_1_299' title='bbox 1127 1666 1284 1696; x_wconf 87' lang='lat' dir='ltr'>viscerum</span> <span class='ocrx_word' id='word_1_300' title='bbox 1314 1664 1453 1695; x_wconf 87' lang='lat' dir='ltr'>brachiis</span> <span class='ocrx_word' id='word_1_301' title='bbox 1485 1662 1744 1705; x_wconf 86' lang='lat' dir='ltr'>amplectendam</span> <span class='ocrx_word' id='word_1_302' title='bbox 1775 1662 1980 1693; x_wconf 87' lang='lat' dir='ltr'>dilectionem</span> <span class='ocrx_word' id='word_1_303' title='bbox 1999 1674 2023 1692; x_wconf 81' lang='lat'>25</span> 
     </span>
     <span class='ocr_line' id='line_1_32' title="bbox 332 1714 1980 1759; baseline -0.002 -11"><span class='ocrx_word' id='word_1_304' title='bbox 332 1721 471 1749; x_wconf 82' lang='lat' dir='ltr'>vestram</span> <span class='ocrx_word' id='word_1_305' title='bbox 495 1718 592 1749; x_wconf 84' lang='lat' dir='ltr'>nichil</span> <span class='ocrx_word' id='word_1_306' title='bbox 615 1719 753 1759; x_wconf 81' lang='lat' dir='ltr'>patimur</span> <span class='ocrx_word' id='word_1_307' title='bbox 778 1718 925 1758; x_wconf 81' lang='lat' dir='ltr'>ignorare</span> <span class='ocrx_word' id='word_1_308' title='bbox 951 1728 1062 1749; x_wconf 87' lang='lat' dir='ltr'>eorum</span> <span class='ocrx_word' id='word_1_309' title='bbox 1085 1728 1182 1758; x_wconf 87' lang='lat' dir='ltr'>quam</span> <span class='ocrx_word' id='word_1_310' title='bbox 1205 1717 1361 1755; x_wconf 78' lang='lat' dir='ltr'>maxime,</span> <span class='ocrx_word' id='word_1_311' title='bbox 1393 1726 1454 1757; x_wconf 84' lang='lat' dir='ltr'>que</span> <span class='ocrx_word' id='word_1_312' title='bbox 1484 1715 1525 1746; x_wconf 87' lang='lat' dir='ltr'>ad</span> <span class='ocrx_word' id='word_1_313' title='bbox 1554 1715 1715 1746; x_wconf 88' lang='lat' dir='ltr'>cumulum</span> <span class='ocrx_word' id='word_1_314' title='bbox 1738 1714 1859 1755; x_wconf 77' lang='lat' dir='ltr'>glorieb</span> <span class='ocrx_word' id='word_1_315' title='bbox 1883 1714 1980 1745; x_wconf 87' lang='lat' dir='ltr'>vestri</span> 
     </span>
     <span class='ocr_line' id='line_1_33' title="bbox 333 1766 1981 1810; baseline -0.002 -11"><span class='ocrx_word' id='word_1_316' title='bbox 333 1773 505 1800; x_wconf 84' lang='lat' dir='ltr'>noscuntur</span> <span class='ocrx_word' id='word_1_317' title='bbox 528 1770 673 1800; x_wconf 83' lang='lat' dir='ltr'>culminis</span> <span class='ocrx_word' id='word_1_318' title='bbox 705 1770 881 1810; x_wconf 84' lang='lat' dir='ltr'>pertinere,</span> <span class='ocrx_word' id='word_1_319' title='bbox 913 1780 1010 1810; x_wconf 87' lang='lat' dir='ltr'>opere</span> <span class='ocrx_word' id='word_1_320' title='bbox 1038 1770 1175 1810; x_wconf 80' lang='lat' dir='ltr'>pretium</span> <span class='ocrx_word' id='word_1_321' title='bbox 1200 1768 1348 1799; x_wconf 84' lang='lat' dir='ltr'>duximus</span> <span class='ocrx_word' id='word_1_322' title='bbox 1371 1768 1587 1808; x_wconf 79' lang='lat' dir='ltr'>innotescere,</span> <span class='ocrx_word' id='word_1_323' title='bbox 1616 1766 1825 1808; x_wconf 87' lang='lat' dir='ltr'>Uuigbodum</span> <span class='ocrx_word' id='word_1_324' title='bbox 1847 1775 1981 1797; x_wconf 83' lang='lat' dir='ltr'>venera-</span> 
     </span>
     <span class='ocr_line' id='line_1_34' title="bbox 334 1818 1983 1861; baseline -0.002 -10"><span class='ocrx_word' id='word_1_325' title='bbox 334 1820 431 1851; x_wconf 86' lang='lat' dir='ltr'>bilem</span> <span class='ocrx_word' id='word_1_326' title='bbox 457 1821 589 1861; x_wconf 78' lang='lat' dir='ltr'>ecclesie</span> <span class='ocrx_word' id='word_1_327' title='bbox 613 1821 798 1851; x_wconf 75' lang='lat' dir='ltr'>Parmensis</span> <span class='ocrx_word' id='word_1_328' title='bbox 822 1821 1016 1851; x_wconf 75' lang='lat' dir='ltr'>antistitem¹</span> <span class='ocrx_word' id='word_1_329' title='bbox 1041 1820 1259 1861; x_wconf 79' lang='lat' dir='ltr'>apostolorum</span> <span class='ocrx_word' id='word_1_330' title='bbox 1288 1819 1405 1850; x_wconf 85' lang='lat' dir='ltr'>adiisse</span> <span class='ocrx_word' id='word_1_331' title='bbox 1429 1819 1527 1850; x_wconf 88' lang='lat' dir='ltr'>limen</span> <span class='ocrx_word' id='word_1_332' title='bbox 1552 1821 1584 1849; x_wconf 87' lang='lat' dir='ltr'>et</span> <span class='ocrx_word' id='word_1_333' title='bbox 1607 1818 1718 1849; x_wconf 89' lang='lat' dir='ltr'>sedem</span> <span class='ocrx_word' id='word_1_334' title='bbox 1741 1821 1807 1849; x_wconf 87' lang='lat' dir='ltr'>tam</span> <span class='ocrx_word' id='word_1_335' title='bbox 1832 1818 1983 1848; x_wconf 87' lang='lat' dir='ltr'>orationis</span> 
     </span>
     <span class='ocr_line' id='line_1_35' title="bbox 335 1868 1983 1913; baseline -0.002 -11"><span class='ocrx_word' id='word_1_336' title='bbox 335 1876 410 1903; x_wconf 89' lang='lat' dir='ltr'>voto</span> <span class='ocrx_word' id='word_1_337' title='bbox 434 1883 529 1913; x_wconf 88' lang='lat' dir='ltr'>quam</span> <span class='ocrx_word' id='word_1_338' title='bbox 553 1872 743 1912; x_wconf 70' lang='lat' dir='ltr'>inveniende</span> <span class='ocrx_word' id='word_1_339' title='bbox 775 1882 833 1912; x_wconf 88' lang='lat' dir='ltr'>per</span> <span class='ocrx_word' id='word_1_340' title='bbox 863 1883 919 1902; x_wconf 80' lang='lat' dir='ltr'>nos</span> <span class='ocrx_word' id='word_1_341' title='bbox 949 1876 1052 1912; x_wconf 84' lang='lat' dir='ltr'>vestre</span> <span class='ocrx_word' id='word_1_342' title='bbox 1083 1872 1184 1913; x_wconf 83' lang='lat' dir='ltr'>glorie</span> <span class='ocrx_word' id='word_1_343' title='bbox 1213 1871 1383 1902; x_wconf 87' lang='lat' dir='ltr'>desiderio.</span> <span class='ocrx_word' id='word_1_344' title='bbox 1431 1870 1527 1901; x_wconf 87' lang='lat' dir='ltr'>Cuius</span> <span class='ocrx_word' id='word_1_345' title='bbox 1557 1871 1674 1900; x_wconf 87' lang='lat' dir='ltr'>mentis</span> <span class='ocrx_word' id='word_1_346' title='bbox 1697 1879 1814 1900; x_wconf 84' lang='lat' dir='ltr'>arcana</span> <span class='ocrx_word' id='word_1_347' title='bbox 1837 1868 1983 1900; x_wconf 89' lang='lat' dir='ltr'>subtilius</span> 
     </span>
     <span class='ocr_line' id='line_1_36' title="bbox 332 1921 2027 1964; baseline -0.002 -11"><span class='ocrx_word' id='word_1_348' title='bbox 332 1924 561 1964; x_wconf 81' lang='lat' dir='ltr'>investigantes</span> <span class='ocrx_word' id='word_1_349' title='bbox 586 1929 659 1954; x_wconf 72' lang='lat' dir='ltr'>nosc</span> <span class='ocrx_word' id='word_1_350' title='bbox 685 1924 778 1964; x_wconf 79' lang='lat' dir='ltr'>plane</span> <span class='ocrx_word' id='word_1_351' title='bbox 796 1924 926 1954; x_wconf 87' lang='lat' dir='ltr'>minime</span> <span class='ocrx_word' id='word_1_352' title='bbox 944 1924 1073 1955; x_wconf 85' lang='lat' dir='ltr'>latuisse</span> <span class='ocrx_word' id='word_1_353' title='bbox 1091 1924 1238 1964; x_wconf 76' lang='lat' dir='ltr'>fatemur,</span> <span class='ocrx_word' id='word_1_354' title='bbox 1264 1922 1369 1964; x_wconf 81' lang='lat' dir='ltr'>quodd</span> <span class='ocrx_word' id='word_1_355' title='bbox 1394 1925 1426 1953; x_wconf 82' lang='lat' dir='ltr'>et</span> <span class='ocrx_word' id='word_1_356' title='bbox 1449 1932 1531 1952; x_wconf 88' lang='lat' dir='ltr'>nunc</span> <span class='ocrx_word' id='word_1_357' title='bbox 1555 1922 1678 1953; x_wconf 87' lang='lat' dir='ltr'>sincere</span> <span class='ocrx_word' id='word_1_358' title='bbox 1701 1921 1777 1952; x_wconf 89' lang='lat' dir='ltr'>fidei</span> <span class='ocrx_word' id='word_1_359' title='bbox 1802 1931 1879 1963; x_wconf 86' lang='lat' dir='ltr'>erga</span> <span class='ocrx_word' id='word_1_360' title='bbox 1895 1921 1983 1961; x_wconf 92' lang='lat' dir='ltr'>pium</span> <span class='ocrx_word' id='word_1_361' title='bbox 2003 1932 2027 1951; x_wconf 84' lang='lat'>30</span> 
     </span>
     <span class='ocr_line' id='line_1_37' title="bbox 333 1972 1982 2016; baseline -0.002 -11"><span class='ocrx_word' id='word_1_362' title='bbox 333 1976 502 2016; x_wconf 88' lang='lat' dir='ltr'>imperium</span> <span class='ocrx_word' id='word_1_363' title='bbox 518 1978 658 2006; x_wconf 82' lang='lat' dir='ltr'>vestrum</span> <span class='ocrx_word' id='word_1_364' title='bbox 681 1974 829 2014; x_wconf 81' lang='lat' dir='ltr'>habende</span> <span class='ocrx_word' id='word_1_365' title='bbox 855 1978 1002 2006; x_wconf 84' lang='lat' dir='ltr'>teneatur</span> <span class='ocrx_word' id='word_1_366' title='bbox 1020 1976 1139 2006; x_wconf 85' lang='lat' dir='ltr'>affectu</span> <span class='ocrx_word' id='word_1_367' title='bbox 1163 1978 1195 2006; x_wconf 90' lang='lat' dir='ltr'>et</span> <span class='ocrx_word' id='word_1_368' title='bbox 1217 1975 1278 2006; x_wconf 89' lang='lat' dir='ltr'>hoe</span> <span class='ocrx_word' id='word_1_369' title='bbox 1300 1975 1364 2005; x_wconf 88' lang='lat' dir='ltr'>iam</span> <span class='ocrx_word' id='word_1_370' title='bbox 1389 1974 1464 2005; x_wconf 89' lang='lat' dir='ltr'>olim</span> <span class='ocrx_word' id='word_1_371' title='bbox 1488 1973 1599 2014; x_wconf 90' lang='lat' dir='ltr'>procul</span> <span class='ocrx_word' id='word_1_372' title='bbox 1623 1973 1720 2004; x_wconf 84' lang='lat' dir='ltr'>dubio</span> <span class='ocrx_word' id='word_1_373' title='bbox 1737 1983 1843 2003; x_wconf 87' lang='lat' dir='ltr'>rerum</span> <span class='ocrx_word' id='word_1_374' title='bbox 1861 1972 1982 2003; x_wconf 83' lang='lat' dir='ltr'>effecti-</span> 
     </span>
     <span class='ocr_line' id='line_1_38' title="bbox 334 2023 1983 2067; baseline -0.002 -10"><span class='ocrx_word' id='word_1_375' title='bbox 334 2027 391 2057; x_wconf 81' lang='lat' dir='ltr'>bus</span> <span class='ocrx_word' id='word_1_376' title='bbox 416 2027 681 2066; x_wconf 79' lang='lat' dir='ltr'>demonstrasset,</span> <span class='ocrx_word' id='word_1_377' title='bbox 712 2026 771 2056; x_wconf 83' lang='lat' dir='ltr'>nisi</span> <span class='ocrx_word' id='word_1_378' title='bbox 799 2026 857 2056; x_wconf 78' lang='lat' dir='ltr'>sibi</span> <span class='ocrx_word' id='word_1_379' title='bbox 883 2030 967 2057; x_wconf 82' lang='lat' dir='ltr'>esset</span> <span class='ocrx_word' id='word_1_380' title='bbox 990 2037 1009 2057; x_wconf 88' lang='lat' dir='ltr'>a</span> <span class='ocrx_word' id='word_1_381' title='bbox 1032 2028 1084 2067; x_wconf 90' lang='lat' dir='ltr'>pie</span> <span class='ocrx_word' id='word_1_382' title='bbox 1108 2027 1263 2067; x_wconf 87' lang='lat' dir='ltr'>memorie</span> <span class='ocrx_word' id='word_1_383' title='bbox 1287 2027 1383 2067; x_wconf 86' lang='lat' dir='ltr'>priori</span> <span class='ocrx_word' id='word_1_384' title='bbox 1407 2025 1572 2067; x_wconf 81' lang='lat' dir='ltr'>principe2</span> <span class='ocrx_word' id='word_1_385' title='bbox 1596 2035 1692 2055; x_wconf 87' lang='lat' dir='ltr'>eausa</span> <span class='ocrx_word' id='word_1_386' title='bbox 1715 2024 1788 2055; x_wconf 89' lang='lat' dir='ltr'>talis</span> <span class='ocrx_word' id='word_1_387' title='bbox 1811 2023 1952 2054; x_wconf 86' lang='lat' dir='ltr'>iniuncta</span> <span class='ocrx_word' id='word_1_388' title='bbox 1962 2023 1983 2062; x_wconf 79' lang='lat'>³,</span> 
     </span>
     <span class='ocr_line' id='line_1_39' title="bbox 336 2074 1983 2119; baseline -0.003 -10"><span class='ocrx_word' id='word_1_389' title='bbox 336 2089 430 2119; x_wconf 87' lang='lat' dir='ltr'>quam</span> <span class='ocrx_word' id='word_1_390' title='bbox 454 2078 521 2108; x_wconf 90' lang='lat' dir='ltr'>sine</span> <span class='ocrx_word' id='word_1_391' title='bbox 546 2079 592 2108; x_wconf 86' lang='lat' dir='ltr'>sui</span> <span class='ocrx_word' id='word_1_392' title='bbox 611 2077 791 2108; x_wconf 76' lang='lat' dir='ltr'>discrimine</span> <span class='ocrx_word' id='word_1_393' title='bbox 815 2078 1050 2118; x_wconf 77' lang='lat' dir='ltr'>floccipendere</span> <span class='ocrx_word' id='word_1_394' title='bbox 1072 2079 1276 2119; x_wconf 80' lang='lat' dir='ltr'>nequivisset.</span> <span class='ocrx_word' id='word_1_395' title='bbox 1313 2077 1408 2109; x_wconf 89' lang='lat' dir='ltr'>Unde</span> <span class='ocrx_word' id='word_1_396' title='bbox 1432 2087 1593 2118; x_wconf 82' lang='lat' dir='ltr'>rogamus,</span> <span class='ocrx_word' id='word_1_397' title='bbox 1618 2076 1694 2107; x_wconf 85' lang='lat' dir='ltr'>data</span> <span class='ocrx_word' id='word_1_398' title='bbox 1716 2076 1810 2107; x_wconf 86' lang='lat' dir='ltr'>venia</span> <span class='ocrx_word' id='word_1_399' title='bbox 1833 2074 1983 2115; x_wconf 88' lang='lat' dir='ltr'>suscipite</span> 
     </span>
     <span class='ocr_line' id='line_1_40' title="bbox 336 2127 1983 2171; baseline -0.002 -11"><span class='ocrx_word' id='word_1_400' title='bbox 336 2140 416 2160; x_wconf 88' lang='lat' dir='ltr'>nunc</span> <span class='ocrx_word' id='word_1_401' title='bbox 444 2129 534 2160; x_wconf 93' lang='lat' dir='ltr'>illum</span> <span class='ocrx_word' id='word_1_402' title='bbox 564 2132 598 2159; x_wconf 90' lang='lat' dir='ltr'>ut</span> <span class='ocrx_word' id='word_1_403' title='bbox 621 2139 694 2159; x_wconf 86' lang='lat' dir='ltr'>mea</span> <span class='ocrx_word' id='word_1_404' title='bbox 717 2129 857 2169; x_wconf 78' lang='lat' dir='ltr'>viscera,</span> <span class='ocrx_word' id='word_1_405' title='bbox 891 2130 965 2169; x_wconf 79' lang='lat' dir='ltr'>quia</span> <span class='ocrx_word' id='word_1_406' title='bbox 989 2131 1049 2160; x_wconf 86' lang='lat' dir='ltr'>etsi</span> <span class='ocrx_word' id='word_1_407' title='bbox 1082 2130 1166 2160; x_wconf 81' lang='lat' dir='ltr'>forte</span> <span class='ocrx_word' id='word_1_408' title='bbox 1199 2129 1361 2171; x_wconf 89' lang='lat' dir='ltr'>quondam</span> <span class='ocrx_word' id='word_1_409' title='bbox 1390 2128 1481 2159; x_wconf 89' lang='lat' dir='ltr'>vobis</span> <span class='ocrx_word' id='word_1_410' title='bbox 1505 2132 1575 2159; x_wconf 86' lang='lat' dir='ltr'>erat</span> <span class='ocrx_word' id='word_1_411' title='bbox 1601 2127 1734 2167; x_wconf 91' lang='lat' dir='ltr'>inutilis,</span> <span class='ocrx_word' id='word_1_412' title='bbox 1764 2136 1847 2157; x_wconf 91' lang='lat' dir='ltr'>nune</span> <span class='ocrx_word' id='word_1_413' title='bbox 1874 2129 1983 2156; x_wconf 88' lang='lat' dir='ltr'>autem</span> 
     </span>
     <span class='ocr_line' id='line_1_41' title="bbox 334 2178 2026 2221; baseline -0.002 -10"><span class='ocrx_word' id='word_1_414' title='bbox 334 2181 423 2211; x_wconf 86' lang='lat' dir='ltr'>vobis</span> <span class='ocrx_word' id='word_1_415' title='bbox 448 2184 480 2211; x_wconf 90' lang='lat' dir='ltr'>et</span> <span class='ocrx_word' id='word_1_416' title='bbox 502 2180 594 2211; x_wconf 85' lang='lat' dir='ltr'>nobis</span> <span class='ocrx_word' id='word_1_417' title='bbox 611 2181 731 2216; x_wconf 70' lang='lat' dir='ltr'>utilis43</span> <span class='ocrx_word' id='word_1_418' title='bbox 757 2181 901 2221; x_wconf 85' lang='lat' dir='ltr'>quamvis</span> <span class='ocrx_word' id='word_1_419' title='bbox 925 2181 1006 2211; x_wconf 86' lang='lat' dir='ltr'>sorte</span> <span class='ocrx_word' id='word_1_420' title='bbox 1031 2192 1093 2212; x_wconf 90' lang='lat' dir='ltr'>non</span> <span class='ocrx_word' id='word_1_421' title='bbox 1118 2182 1157 2212; x_wconf 88' lang='lat' dir='ltr'>sit</span> <span class='ocrx_word' id='word_1_422' title='bbox 1182 2181 1335 2212; x_wconf 81' lang='lat' dir='ltr'>dicendus</span> <span class='ocrx_word' id='word_1_423' title='bbox 1358 2181 1486 2220; x_wconf 83' lang='lat' dir='ltr'>inutilis,</span> <span class='ocrx_word' id='word_1_424' title='bbox 1512 2181 1565 2221; x_wconf 88' lang='lat' dir='ltr'>qui</span> <span class='ocrx_word' id='word_1_425' title='bbox 1581 2179 1678 2210; x_wconf 89' lang='lat' dir='ltr'>fidem</span> <span class='ocrx_word' id='word_1_426' title='bbox 1702 2181 1775 2210; x_wconf 88' lang='lat' dir='ltr'>ante</span> <span class='ocrx_word' id='word_1_427' title='bbox 1791 2178 1982 2219; x_wconf 88' lang='lat' dir='ltr'>promissam</span> <span class='ocrx_word' id='word_1_428' title='bbox 2002 2188 2026 2206; x_wconf 80' lang='lat'>35</span> 
     </span>
     <span class='ocr_line' id='line_1_42' title="bbox 335 2229 1982 2272; baseline -0.002 -10"><span class='ocrx_word' id='word_1_429' title='bbox 335 2232 516 2263; x_wconf 85' lang='lat' dir='ltr'>custodiens</span> <span class='ocrx_word' id='word_1_430' title='bbox 551 2232 654 2262; x_wconf 82' lang='lat' dir='ltr'>simile</span> <span class='ocrx_word' id='word_1_431' title='bbox 688 2233 771 2262; x_wconf 85' lang='lat' dir='ltr'>eirea</span> <span class='ocrx_word' id='word_1_432' title='bbox 801 2242 857 2262; x_wconf 85' lang='lat' dir='ltr'>vos</span> <span class='ocrx_word' id='word_1_433' title='bbox 886 2232 1041 2272; x_wconf 82' lang='lat' dir='ltr'>servande</span> <span class='ocrx_word' id='word_1_434' title='bbox 1072 2232 1146 2263; x_wconf 83' lang='lat' dir='ltr'>fidei</span> <span class='ocrx_word' id='word_1_435' title='bbox 1179 2233 1267 2263; x_wconf 88' lang='lat' dir='ltr'>dedit</span> <span class='ocrx_word' id='word_1_436' title='bbox 1295 2232 1464 2272; x_wconf 86' lang='lat' dir='ltr'>indicium,</span> <span class='ocrx_word' id='word_1_437' title='bbox 1499 2231 1669 2272; x_wconf 81' lang='lat' dir='ltr'>presertim</span> <span class='ocrx_word' id='word_1_438' title='bbox 1692 2240 1763 2261; x_wconf 89' lang='lat' dir='ltr'>eum</span> <span class='ocrx_word' id='word_1_439' title='bbox 1791 2239 1923 2270; x_wconf 87' lang='lat' dir='ltr'>sperans</span> <span class='ocrx_word' id='word_1_440' title='bbox 1951 2229 1982 2259; x_wconf 94' lang='lat' dir='ltr'>in</span> 
     </span>
    </p>
   </div>
   <div class='ocr_carea' id='block_1_10' title="bbox 440 2286 1875 2300">
    <p class='ocr_par' dir='ltr' id='par_1_11' title="bbox 440 2286 1875 2300">
     <span class='ocr_line' id='line_1_43' title="bbox 440 2286 1875 2300; baseline 0 0"><span class='ocrx_word' id='word_1_441' title='bbox 440 2286 1875 2300; x_wconf 95' lang='lat' dir='ltr'> </span> 
     </span>
    </p>
   </div>
   <div class='ocr_carea' id='block_1_11' title="bbox 438 2325 859 2358">
    <p class='ocr_par' dir='ltr' id='par_1_12' title="bbox 438 2325 859 2358">
     <span class='ocr_line' id='line_1_44' title="bbox 438 2325 859 2358; baseline 0.005 -8"><span class='ocrx_word' id='word_1_442' title='bbox 438 2325 464 2358; x_wconf 60' lang='lat'>⁶¹³)</span> <span class='ocrx_word' id='word_1_443' title='bbox 485 2325 546 2351; x_wconf 79' lang='lat' dir='ltr'>add.</span> <span class='ocrx_word' id='word_1_444' title='bbox 565 2333 637 2351; x_wconf 70' lang='grc' dir='ltr'><em>ηιαη.</em></span> <span class='ocrx_word' id='word_1_445' title='bbox 656 2325 806 2351; x_wconf 71' lang='lat' dir='ltr'>correctoris</span> <span class='ocrx_word' id='word_1_446' title='bbox 825 2326 859 2352; x_wconf 82' lang='lat' dir='ltr'>R.</span> 
     </span>
    </p>
   </div>
   <div class='ocr_carea' id='block_1_12' title="bbox 336 2384 2028 2554">
    <p class='ocr_par' dir='ltr' id='par_1_13' title="bbox 340 2384 1984 2463">
     <span class='ocr_line' id='line_1_45' title="bbox 439 2384 1984 2421; baseline -0.001 -11"><span class='ocrx_word' id='word_1_447' title='bbox 439 2386 463 2419; x_wconf 82' lang='lat' dir='ltr'>a)</span> <span class='ocrx_word' id='word_1_448' title='bbox 483 2387 713 2411; x_wconf 72' lang='lat' dir='ltr'>11ececessitatil111s</span> <span class='ocrx_word' id='word_1_449' title='bbox 732 2386 764 2411; x_wconf 64' lang='lat' dir='ltr'>Ja&#39;.</span> <span class='ocrx_word' id='word_1_450' title='bbox 834 2386 858 2417; x_wconf 76' lang='lat' dir='ltr'>b)</span> <span class='ocrx_word' id='word_1_451' title='bbox 877 2396 930 2412; x_wconf 89' lang='lat' dir='ltr'>-um</span> <span class='ocrx_word' id='word_1_452' title='bbox 949 2388 976 2412; x_wconf 58' lang='lat' dir='ltr'>*loz</span> <span class='ocrx_word' id='word_1_453' title='bbox 994 2397 1045 2412; x_wconf 81' lang='lat' dir='ltr'>ras.</span> <span class='ocrx_word' id='word_1_454' title='bbox 1059 2388 1091 2413; x_wconf 80' lang='lat' dir='ltr'>R.</span> <span class='ocrx_word' id='word_1_455' title='bbox 1162 2389 1184 2420; x_wconf 79' lang='lat' dir='ltr'>c)</span> <span class='ocrx_word' id='word_1_456' title='bbox 1204 2390 1211 2413; x_wconf 95' lang='lat' dir='ltr'>i</span> <span class='ocrx_word' id='word_1_457' title='bbox 1229 2397 1309 2421; x_wconf 71' lang='lat' dir='ltr'>supra</span> <span class='ocrx_word' id='word_1_458' title='bbox 1323 2389 1417 2413; x_wconf 71' lang='lat' dir='ltr'>lineam</span> <span class='ocrx_word' id='word_1_459' title='bbox 1435 2388 1497 2413; x_wconf 78' lang='lat' dir='ltr'>add.</span> <span class='ocrx_word' id='word_1_460' title='bbox 1511 2387 1543 2413; x_wconf 73' lang='lat' dir='ltr'>R.</span> <span class='ocrx_word' id='word_1_461' title='bbox 1613 2385 1638 2419; x_wconf 78' lang='lat' dir='ltr'>d)</span> <span class='ocrx_word' id='word_1_462' title='bbox 1657 2384 1754 2419; x_wconf 78' lang='lat' dir='ltr'>apicem</span> <span class='ocrx_word' id='word_1_463' title='bbox 1767 2386 1799 2412; x_wconf 81' lang='lat' dir='ltr'>R.</span> <span class='ocrx_word' id='word_1_464' title='bbox 1870 2384 1892 2417; x_wconf 76' lang='grc' dir='ltr'>θ)</span> <span class='ocrx_word' id='word_1_465' title='bbox 1910 2385 1984 2410; x_wconf 77' lang='lat' dir='ltr'>⁷ubre</span> 
     </span>
     <span class='ocr_line' id='line_1_46' title="bbox 340 2428 1983 2463; baseline -0.001 -9"><span class='ocrx_word' id='word_1_466' title='bbox 340 2431 364 2454; x_wconf 78' lang='lat' dir='ltr'>in</span> <span class='ocrx_word' id='word_1_467' title='bbox 384 2439 435 2454; x_wconf 78' lang='lat' dir='ltr'>ras.</span> <span class='ocrx_word' id='word_1_468' title='bbox 456 2430 487 2454; x_wconf 59' lang='lat' dir='ltr'>It&#39;.</span> <span class='ocrx_word' id='word_1_469' title='bbox 576 2428 596 2460; x_wconf 64' lang='grc' dir='ltr'>ἲ)</span> <span class='ocrx_word' id='word_1_470' title='bbox 615 2438 681 2454; x_wconf 76' lang='lat' dir='ltr'>corr.</span> <span class='ocrx_word' id='word_1_471' title='bbox 696 2438 726 2454; x_wconf 67' lang='lat' dir='ltr'>em</span> <span class='ocrx_word' id='word_1_472' title='bbox 744 2433 768 2454; x_wconf 78' lang='lat' dir='ltr'>ct</span> <span class='ocrx_word' id='word_1_473' title='bbox 786 2430 818 2454; x_wconf 74' lang='lat' dir='ltr'>R.</span> <span class='ocrx_word' id='word_1_474' title='bbox 906 2430 930 2461; x_wconf 77' lang='lat' dir='ltr'>g)</span> <span class='ocrx_word' id='word_1_475' title='bbox 951 2431 1010 2462; x_wconf 85' lang='lat' dir='ltr'>qnia</span> <span class='ocrx_word' id='word_1_476' title='bbox 1031 2431 1034 2463; x_wconf 89' lang='grc' dir='ltr'><em>Ι</em></span> <span class='ocrx_word' id='word_1_477' title='bbox 1055 2440 1121 2457; x_wconf 82' lang='lat' dir='ltr'>corr.</span> <span class='ocrx_word' id='word_1_478' title='bbox 1134 2440 1164 2456; x_wconf 69' lang='lat' dir='ltr'>ea:</span> <span class='ocrx_word' id='word_1_479' title='bbox 1182 2433 1226 2463; x_wconf 88' lang='lat' dir='ltr'>qui</span> <span class='ocrx_word' id='word_1_480' title='bbox 1243 2432 1246 2463; x_wconf 74' lang='grc' dir='ltr'><em>Ι</em></span> <span class='ocrx_word' id='word_1_481' title='bbox 1263 2440 1278 2456; x_wconf 86' lang='lat' dir='ltr'>a</span> <span class='ocrx_word' id='word_1_482' title='bbox 1297 2432 1331 2456; x_wconf 81' lang='lat' dir='ltr'>al.</span> <span class='ocrx_word' id='word_1_483' title='bbox 1344 2440 1413 2456; x_wconf 77' lang='lat' dir='ltr'>man.</span> <span class='ocrx_word' id='word_1_484' title='bbox 1433 2431 1465 2456; x_wconf 81' lang='lat' dir='ltr'>R.</span> <span class='ocrx_word' id='word_1_485' title='bbox 1550 2429 1576 2462; x_wconf 82' lang='lat' dir='ltr'>h)</span> <span class='ocrx_word' id='word_1_486' title='bbox 1595 2439 1662 2455; x_wconf 79' lang='lat' dir='ltr'>corr.</span> <span class='ocrx_word' id='word_1_487' title='bbox 1676 2438 1706 2454; x_wconf 72' lang='lat' dir='ltr'>ex</span> <span class='ocrx_word' id='word_1_488' title='bbox 1723 2429 1933 2462; x_wconf 80' lang='lat' dir='ltr'>genenerationes</span> <span class='ocrx_word' id='word_1_489' title='bbox 1951 2428 1983 2453; x_wconf 81' lang='lat' dir='ltr'>R.</span> 
     </span>
    </p>

    <p class='ocr_par' dir='ltr' id='par_1_14' title="bbox 336 2480 2028 2554">
     <span class='ocr_line' id='line_1_47' title="bbox 440 2480 2028 2515; baseline -0.001 -10"><span class='ocrx_word' id='word_1_490' title='bbox 440 2480 482 2505; x_wconf 71' lang='grc'>28.</span> <span class='ocrx_word' id='word_1_491' title='bbox 514 2480 537 2512; x_wconf 74' lang='lat'>²2)</span> <span class='ocrx_word' id='word_1_492' title='bbox 558 2481 648 2505; x_wconf 67' lang='lat' dir='ltr'>litteris</span> <span class='ocrx_word' id='word_1_493' title='bbox 667 2481 824 2512; x_wconf 70' lang='lat' dir='ltr'>minusculis,</span> <span class='ocrx_word' id='word_1_494' title='bbox 844 2481 905 2506; x_wconf 70' lang='lat' dir='ltr'>sicut</span> <span class='ocrx_word' id='word_1_495' title='bbox 925 2486 1063 2514; x_wconf 69' lang='lat' dir='ltr'>contemtus,</span> <span class='ocrx_word' id='word_1_496' title='bbox 1082 2483 1126 2507; x_wconf 78' lang='lat' dir='ltr'>sed</span> <span class='ocrx_word' id='word_1_497' title='bbox 1143 2483 1221 2508; x_wconf 69' lang='lat' dir='ltr'>minio</span> <span class='ocrx_word' id='word_1_498' title='bbox 1240 2484 1325 2515; x_wconf 73' lang='lat' dir='ltr'>script.</span> <span class='ocrx_word' id='word_1_499' title='bbox 1345 2483 1377 2509; x_wconf 81' lang='lat' dir='ltr'>R.</span> <span class='ocrx_word' id='word_1_500' title='bbox 1482 2481 1507 2514; x_wconf 87' lang='lat' dir='ltr'>b)</span> <span class='ocrx_word' id='word_1_501' title='bbox 1525 2491 1557 2514; x_wconf 79' lang='lat' dir='ltr'>g-</span> <span class='ocrx_word' id='word_1_502' title='bbox 1575 2483 1602 2506; x_wconf 73' lang='lat' dir='ltr'>in</span> <span class='ocrx_word' id='word_1_503' title='bbox 1620 2490 1672 2506; x_wconf 78' lang='lat' dir='ltr'>ras.</span> <span class='ocrx_word' id='word_1_504' title='bbox 1690 2481 1723 2506; x_wconf 87' lang='lat' dir='ltr'>R.</span> <span class='ocrx_word' id='word_1_505' title='bbox 1828 2480 1851 2511; x_wconf 78' lang='lat'>0)</span> <span class='ocrx_word' id='word_1_506' title='bbox 1869 2489 1936 2505; x_wconf 82' lang='lat' dir='ltr'>corr.</span> <span class='ocrx_word' id='word_1_507' title='bbox 1955 2488 1985 2505; x_wconf 74' lang='lat' dir='ltr'>erc</span> <span class='ocrx_word' id='word_1_508' title='bbox 2003 2489 2028 2507; x_wconf 77' lang='lat'>40</span> 
     </span>
     <span class='ocr_line' id='line_1_48' title="bbox 336 2522 808 2554; baseline 0 -6"><span class='ocrx_word' id='word_1_509' title='bbox 336 2533 385 2548; x_wconf 82' lang='lat' dir='ltr'>non</span> <span class='ocrx_word' id='word_1_510' title='bbox 404 2524 436 2548; x_wconf 71' lang='lat'>12.</span> <span class='ocrx_word' id='word_1_511' title='bbox 525 2522 548 2554; x_wconf 75' lang='lat' dir='ltr'>d)</span> <span class='ocrx_word' id='word_1_512' title='bbox 569 2524 634 2548; x_wconf 88' lang='lat' dir='ltr'>-uod</span> <span class='ocrx_word' id='word_1_513' title='bbox 659 2524 684 2547; x_wconf 79' lang='grc' dir='ltr'>ἱη</span> <span class='ocrx_word' id='word_1_514' title='bbox 704 2532 756 2549; x_wconf 72' lang='lat' dir='ltr'>ras.</span> <span class='ocrx_word' id='word_1_515' title='bbox 776 2524 808 2548; x_wconf 83' lang='lat' dir='ltr'>B.</span> 
     </span>
    </p>
   </div>
   <div class='ocr_carea' id='block_1_13' title="bbox 335 2582 2030 2746">
    <p class='ocr_par' dir='ltr' id='par_1_15' title="bbox 335 2582 2030 2746">
     <span class='ocr_line' id='line_1_49' title="bbox 440 2582 1984 2619; baseline 0 -12"><span class='ocrx_word' id='word_1_516' title='bbox 440 2583 464 2613; x_wconf 78' lang='grc'>1)</span> <span class='ocrx_word' id='word_1_517' title='bbox 485 2582 512 2608; x_wconf 83' lang='grc' dir='ltr'>Ο.</span> <span class='ocrx_word' id='word_1_518' title='bbox 525 2585 672 2614; x_wconf 72' lang='grc'><em>857-895;</em></span> <span class='ocrx_word' id='word_1_519' title='bbox 695 2582 728 2613; x_wconf 80' lang='lat' dir='ltr'>ef.</span> <span class='ocrx_word' id='word_1_520' title='bbox 743 2582 806 2614; x_wconf 71' lang='lat' dir='ltr'>Asso</span> <span class='ocrx_word' id='word_1_521' title='bbox 823 2582 921 2607; x_wconf 45' lang='lat' dir='ltr'>‘Sem-*ia</span> <span class='ocrx_word' id='word_1_522' title='bbox 940 2583 968 2608; x_wconf 70' lang='lat' dir='ltr'>ch·</span> <span class='ocrx_word' id='word_1_523' title='bbox 985 2583 1084 2609; x_wconf 75' lang='lat' dir='ltr'>Parma</span> <span class='ocrx_word' id='word_1_524' title='bbox 1105 2584 1122 2609; x_wconf 89' lang='grc' dir='ltr'><em>Ι</em></span> <span class='ocrx_word' id='word_1_525' title='bbox 1140 2585 1260 2617; x_wconf 82' lang='lat' dir='ltr'>(Parma’</span> <span class='ocrx_word' id='word_1_526' title='bbox 1273 2586 1347 2619; x_wconf 74' lang='lat'><em>1792)</em></span> <span class='ocrx_word' id='word_1_527' title='bbox 1362 2589 1498 2618; x_wconf 55' lang='lat'>22163341.</span> <span class='ocrx_word' id='word_1_528' title='bbox 1569 2584 1595 2617; x_wconf 82' lang='lat'>2)</span> <span class='ocrx_word' id='word_1_529' title='bbox 1615 2582 1751 2609; x_wconf 71' lang='lat' dir='ltr'>Dudovico</span> <span class='ocrx_word' id='word_1_530' title='bbox 1765 2582 1808 2608; x_wconf 92' lang='grc' dir='ltr'>ΙΙ.</span> <span class='ocrx_word' id='word_1_531' title='bbox 1821 2582 1984 2615; x_wconf 53' lang='lat' dir='ltr'>Imperatore.</span> 
     </span>
     <span class='ocr_line' id='line_1_50' title="bbox 335 2624 1985 2659; baseline -0.001 -8"><span class='ocrx_word' id='word_1_532' title='bbox 335 2626 361 2658; x_wconf 79' lang='lat'>3)</span> <span class='ocrx_word' id='word_1_533' title='bbox 382 2625 528 2659; x_wconf 72' lang='lat' dir='ltr'>le&#39;yboclus</span> <span class='ocrx_word' id='word_1_534' title='bbox 553 2634 578 2651; x_wconf 76' lang='lat' dir='ltr'>a.</span> <span class='ocrx_word' id='word_1_535' title='bbox 591 2628 640 2650; x_wconf 69' lang='lat'>872</span> <span class='ocrx_word' id='word_1_536' title='bbox 659 2625 761 2657; x_wconf 71' lang='lat' dir='ltr'>leycctus</span> <span class='ocrx_word' id='word_1_537' title='bbox 779 2625 812 2650; x_wconf 80' lang='lat' dir='ltr'>ab</span> <span class='ocrx_word' id='word_1_538' title='bbox 831 2625 996 2659; x_wconf 53' lang='lat' dir='ltr'>Augurem-yn</span> <span class='ocrx_word' id='word_1_539' title='bbox 1015 2627 1176 2659; x_wconf 73' lang='lat' dir='ltr'>imperatrice</span> <span class='ocrx_word' id='word_1_540' title='bbox 1202 2628 1237 2653; x_wconf 75' lang='lat' dir='ltr'>«cl</span> <span class='ocrx_word' id='word_1_541' title='bbox 1256 2628 1389 2654; x_wconf 81' lang='lat' dir='ltr'>Karolum</span> <span class='ocrx_word' id='word_1_542' title='bbox 1415 2629 1509 2654; x_wconf 77' lang='lat' dir='ltr'>missus</span> <span class='ocrx_word' id='word_1_543' title='bbox 1527 2630 1582 2654; x_wconf 80' lang='lat' dir='ltr'>erat</span> <span class='ocrx_word' id='word_1_544' title='bbox 1601 2627 1636 2652; x_wconf 81' lang='lat' dir='ltr'>ad</span> <span class='ocrx_word' id='word_1_545' title='bbox 1658 2626 1804 2652; x_wconf 75' lang='lat' dir='ltr'>amicitiam</span> <span class='ocrx_word' id='word_1_546' title='bbox 1823 2624 1985 2659; x_wconf 63' lang='lat' dir='ltr'>iungendam</span> 
     </span>
     <span class='ocr_line' id='line_1_51' title="bbox 335 2667 1986 2701; baseline -0.001 -8"><span class='ocrx_word' id='word_1_547' title='bbox 335 2676 393 2694; x_wconf 74' lang='lat' dir='ltr'>eum</span> <span class='ocrx_word' id='word_1_548' title='bbox 411 2676 438 2694; x_wconf 84' lang='lat' dir='ltr'>eo</span> <span class='ocrx_word' id='word_1_549' title='bbox 452 2671 513 2701; x_wconf 68' lang='lat' dir='ltr'>pos!</span> <span class='ocrx_word' id='word_1_550' title='bbox 538 2670 650 2700; x_wconf 72' lang='lat' dir='ltr'>pactum</span> <span class='ocrx_word' id='word_1_551' title='bbox 672 2667 858 2693; x_wconf 64' lang='lat' dir='ltr'>Tw&#39;dentiozum</span> <span class='ocrx_word' id='word_1_552' title='bbox 877 2668 908 2693; x_wconf 72' lang='lat' dir='ltr'>cle</span> <span class='ocrx_word' id='word_1_553' title='bbox 926 2669 1088 2694; x_wconf 63' lang='lat' dir='ltr'>successione</span> <span class='ocrx_word' id='word_1_554' title='bbox 1108 2669 1176 2695; x_wconf 74' lang='lat' dir='ltr'>inter</span> <span class='ocrx_word' id='word_1_555' title='bbox 1194 2670 1360 2696; x_wconf 74' lang='lat' dir='ltr'>Ludoricum</span> <span class='ocrx_word' id='word_1_556' title='bbox 1379 2671 1418 2696; x_wconf 87' lang='lat'>11.</span> <span class='ocrx_word' id='word_1_557' title='bbox 1437 2673 1459 2696; x_wconf 80' lang='lat' dir='ltr'>ct</span> <span class='ocrx_word' id='word_1_558' title='bbox 1477 2670 1643 2696; x_wconf 62' lang='lat' dir='ltr'>hadaricum</span> <span class='ocrx_word' id='word_1_559' title='bbox 1665 2668 1854 2695; x_wconf 75' lang='lat' dir='ltr'>Germanicum</span> <span class='ocrx_word' id='word_1_560' title='bbox 1875 2667 1986 2700; x_wconf 74' lang='lat' dir='ltr'>factum,</span> 
     </span>
     <span class='ocr_line' id='line_1_52' title="bbox 336 2710 2030 2746; baseline -0.001 -9"><span class='ocrx_word' id='word_1_561' title='bbox 336 2711 382 2737; x_wconf 76' lang='lat' dir='ltr'>sed</span> <span class='ocrx_word' id='word_1_562' title='bbox 400 2719 444 2744; x_wconf 77' lang='lat' dir='ltr'>spe</span> <span class='ocrx_word' id='word_1_563' title='bbox 461 2711 612 2742; x_wconf 72' lang='lat' dir='ltr'>frustratus</span> <span class='ocrx_word' id='word_1_564' title='bbox 631 2712 696 2736; x_wconf 74' lang='lat' dir='ltr'>erat.</span> <span class='ocrx_word' id='word_1_565' title='bbox 735 2710 774 2741; x_wconf 83' lang='lat' dir='ltr'>Cf.</span> <span class='ocrx_word' id='word_1_566' title='bbox 794 2710 933 2736; x_wconf 72' lang='lat' dir='ltr'>Diimmler</span> <span class='ocrx_word' id='word_1_567' title='bbox 951 2711 968 2737; x_wconf 81' lang='lat' dir='ltr'>l.</span> <span class='ocrx_word' id='word_1_568' title='bbox 983 2712 998 2737; x_wconf 77' lang='lat' dir='ltr'>l.</span> <span class='ocrx_word' id='word_1_569' title='bbox 1018 2712 1076 2743; x_wconf 78' lang='lat'>112,</span> <span class='ocrx_word' id='word_1_570' title='bbox 1094 2715 1149 2737; x_wconf 67' lang='lat'><em>342.</em></span> <span class='ocrx_word' id='word_1_571' title='bbox 1184 2712 1253 2738; x_wconf 77' lang='lat' dir='ltr'>Idem</span> <span class='ocrx_word' id='word_1_572' title='bbox 1270 2713 1418 2746; x_wconf 49' lang='lat' dir='ltr'>IV&#39;iybodvs</span> <span class='ocrx_word' id='word_1_573' title='bbox 1435 2714 1513 2739; x_wconf 63' lang='lat' dir='ltr'>etiam</span> <span class='ocrx_word' id='word_1_574' title='bbox 1528 2716 1624 2746; x_wconf 77' lang='lat' dir='ltr'>postea</span> <span class='ocrx_word' id='word_1_575' title='bbox 1639 2711 1766 2746; x_wconf 62' lang='lat' dir='ltr'>panibus</span> <span class='ocrx_word' id='word_1_576' title='bbox 1784 2710 1986 2737; x_wconf 65' lang='lat' dir='ltr'>Karoiomamzi</span> <span class='ocrx_word' id='word_1_577' title='bbox 2005 2720 2030 2738; x_wconf 81' lang='lat'>45</span> 
     </span>
    </p>
   </div>
   <div class='ocr_carea' id='block_1_14' title="bbox 336 2752 1987 2830">
    <p class='ocr_par' dir='ltr' id='par_1_16' title="bbox 336 2752 1987 2830">
     <span class='ocr_line' id='line_1_53' title="bbox 337 2752 1987 2790; baseline -0.001 -11"><span class='ocrx_word' id='word_1_578' title='bbox 337 2754 468 2780; x_wconf 69' lang='lat' dir='ltr'>Bai-arici</span> <span class='ocrx_word' id='word_1_579' title='bbox 487 2756 585 2779; x_wconf 76' lang='lat' dir='ltr'>contra</span> <span class='ocrx_word' id='word_1_580' title='bbox 598 2753 730 2779; x_wconf 80' lang='lat' dir='ltr'>Karolum</span> <span class='ocrx_word' id='word_1_581' title='bbox 746 2752 852 2779; x_wconf 67' lang='lat' dir='ltr'>Calvum</span> <span class='ocrx_word' id='word_1_582' title='bbox 866 2754 942 2786; x_wconf 79' lang='lat' dir='ltr'>sarit,</span> <span class='ocrx_word' id='word_1_583' title='bbox 960 2754 994 2785; x_wconf 81' lang='lat' dir='ltr'>cf.</span> <span class='ocrx_word' id='word_1_584' title='bbox 1008 2754 1072 2787; x_wconf 70' lang='lat' dir='ltr'>dipl.</span> <span class='ocrx_word' id='word_1_585' title='bbox 1083 2754 1282 2780; x_wconf 71' lang='lat' dir='ltr'>Karolommmi</span> <span class='ocrx_word' id='word_1_586' title='bbox 1295 2765 1319 2781; x_wconf 79' lang='grc' dir='ltr'>(ι,</span> <span class='ocrx_word' id='word_1_587' title='bbox 1331 2760 1379 2781; x_wconf 69' lang='lat'>879</span> <span class='ocrx_word' id='word_1_588' title='bbox 1394 2756 1463 2782; x_wconf 70' lang='lat' dir='ltr'>Mai.</span> <span class='ocrx_word' id='word_1_589' title='bbox 1475 2761 1502 2783; x_wconf 89' lang='lat'>11</span> <span class='ocrx_word' id='word_1_590' title='bbox 1515 2756 1705 2790; x_wconf 69' lang='lat' dir='ltr'>(Miilzlbacher</span> <span class='ocrx_word' id='word_1_591' title='bbox 1717 2755 1861 2788; x_wconf 73' lang='lat' dir='ltr'>Re9.1543</span> <span class='ocrx_word' id='word_1_592' title='bbox 1875 2752 1987 2786; x_wconf 83' lang='lat'><em>[1501]).</em></span> 
     </span>
     <span class='ocr_line' id='line_1_54' title="bbox 336 2796 734 2830; baseline 0 -8"><span class='ocrx_word' id='word_1_593' title='bbox 336 2798 362 2825; x_wconf 58' lang='lat'>4}</span> <span class='ocrx_word' id='word_1_594' title='bbox 383 2797 424 2829; x_wconf 81' lang='lat' dir='ltr'>Cf.</span> <span class='ocrx_word' id='word_1_595' title='bbox 443 2805 470 2823; x_wconf 69' lang='lat' dir='ltr'>oz.</span> <span class='ocrx_word' id='word_1_596' title='bbox 486 2802 520 2829; x_wconf 85' lang='lat'>11,</span> <span class='ocrx_word' id='word_1_597' title='bbox 535 2805 563 2830; x_wconf 78' lang='lat'>1²·</span> <span class='ocrx_word' id='word_1_598' title='bbox 578 2800 609 2822; x_wconf 88' lang='lat'>10</span> <span class='ocrx_word' id='word_1_599' title='bbox 628 2796 643 2822; x_wconf 77' lang='lat' dir='ltr'>l.</span> <span class='ocrx_word' id='word_1_600' title='bbox 658 2800 689 2822; x_wconf 68' lang='grc'>23</span> <span class='ocrx_word' id='word_1_601' title='bbox 699 2804 734 2828; x_wconf 74' lang='lat' dir='ltr'>sq.</span> 
     </span>
    </p>
   </div>
  </div>
 </body>
</html>
