2189 3042
149 1004 174 1023 10

146 1265 171 1284 15

140 1985 164 2005 25

142 2294 168 2313 30

138 2713 166 2733 ³⁵

582 172 810 206 FRAGMENTA
829 173 998 200 REGISTRI
1018 173 1200 201 STEPHANI
1213 174 1246 201 V.
1268 175 1385 202 PAPAE
1403 176 1479 202 6-8.
1793 180 1854 210 337

205 259 388 300 grediatur⁸
412 260 508 301 ergob
531 270 653 301 secure,
678 271 760 302 quae
784 264 856 293 sunt
879 260 950 292 Deo
975 261 1109 303 placita;
1134 262 1164 292 in
1189 262 1275 293 nullo
1300 263 1405 294 enim⁰
1428 264 1458 294 ei
1483 263 1595 295 beatus
1612 264 1728 295 Petrus
1752 263 1856 296 aberit

205 321 278 342 cum
301 321 358 342 suo
382 311 512 352 ancipiti
534 312 653 353 gladio,
677 313 703 343 si
726 315 833 344 tamen
858 312 981 354 patriae
1005 313 1099 344 saluti
1124 314 1276 345 consulat.

1015 505 1043 534 7.

312 567 492 607 Stephanus
512 568 547 600 V.
568 579 655 608 papa
678 569 858 601 Athanasio
881 570 962 611 (H.)
986 570 1124 610 episcopo
1147 570 1359 610 Neapolitano
1377 571 1545 612 praecipit,
1573 574 1610 602 ut
1632 571 1762 603 Petrum
1785 571 1855 602 dia-

204 627 315 649 conum
337 621 394 650 aut
419 619 566 651 restituat
591 623 649 651 aut
672 620 803 653 Romam
829 622 951 660 mittat;
980 622 1121 654 hostilem
1147 623 1289 654 minatur
1316 621 1517 660 invasionem,
1549 622 1614 654 nisi
1642 633 1663 654 a
1686 622 1857 654 Saracenis

203 678 236 701 se
258 670 458 709 separaverit.
1663 674 1769 715 (886.)

309 738 373 766 Con.
387 747 460 766 eam:
479 740 506 765 A
523 739 544 772 f.
558 741 614 766 153¹
632 747 660 767 n.
676 743 695 767 7.

306 789 374 817 Ed.:
392 790 490 816 Ewald
506 790 537 816 in
554 790 619 817 NA.
636 789 666 822 V,
681 794 730 817 401
747 799 775 816 n.
792 795 811 817 7.
831 806 864 810 —
883 790 960 825 Regu
978 790 1051 823 Jaffe
1069 793 1142 818 3414.

672 886 891 911 ATHANASIO⁵
908 885 1072 911 EPISCOPO
1091 886 1352 920 NEOPOL1T[ANO]
1362 887 1379 912 ¹.

308 940 357 982 (1)
381 939 451 972 Deb
470 940 569 972 Petro
594 940 692 972 etiam
708 940 843 972 diacono
867 951 1044 981 monemus,
1068 944 1103 972 ut
1126 951 1200 973 eum
1224 941 1265 973 ob
1289 942 1504 974 reverentiam
1526 942 1746 984 apostolorum
1769 943 1857 984 prin-

201 992 280 1034 cipis
302 994 510 1033 nostrumque
534 1001 678 1023 amorem
697 995 753 1023 aut
774 992 908 1034 pristino
930 992 1044 1024 honori
1066 993 1216 1024 restituas
1238 996 1294 1024 aut
1316 994 1342 1024 si
1365 992 1424 1024 tibi
1444 993 1603 1035 proficuus
1623 1004 1686 1025 non
1709 993 1855 1033 habetur,

200 1043 243 1075 ad
272 1054 329 1075 nos
361 1043 447 1074 omni
477 1044 646 1075 occasione
672 1043 851 1085 postposita
885 1044 1014 1075 mittere
1046 1054 1209 1085 procures,
1238 1045 1314 1087 quia
1344 1045 1497 1077 indecens
1528 1048 1577 1077 est
1610 1048 1643 1076 et
1672 1048 1854 1076 sanctorum

202 1105 360 1127 canonum
383 1095 502 1137 regulis
524 1094 693 1126 inhibitum
710 1095 750 1126 de
773 1095 890 1127 minori
913 1095 1108 1137 quemlibet⁰
1130 1095 1234 1137 gradu
1258 1096 1446 1128 clericorum
1469 1096 1683 1138 ignominiose
1706 1095 1854 1128 detineri.

309 1148 353 1186 (2)
377 1146 495 1178 ITEM.
529 1146 572 1178 Et
594 1147 620 1177 si
643 1147 749 1187 surda,
771 1146 858 1189 quod
880 1157 943 1178 non
967 1146 1136 1188 credimus,
1160 1158 1238 1179 aure
1261 1148 1384 1179 monita
1407 1151 1516 1180 nostra
1539 1147 1652 1180 audire
1670 1147 1855 1179 curaveritis

200 1201 232 1230 et
256 1209 341 1241 quae
364 1197 524 1230 humanae
548 1198 643 1230 saluti
662 1198 853 1240 expediunt,
876 1201 945 1230 toto
968 1198 1085 1230 mentis
1108 1199 1221 1230 annisu
1243 1199 1308 1231 iam
1332 1210 1431 1241 agere
1455 1198 1632 1240 omiseris‘1‚
1656 1199 1754 1240 scias,
1779 1200 1854 1241 quia

200 1261 258 1281 nos
283 1249 429 1282 omnibus
459 1250 529 1281 aliis
557 1250 660 1281 causis
686 1250 938 1292 praetermissis⁹
961 1252 1027 1281 tam
1057 1260 1130 1282 eum
1156 1250 1314 1292 spirituali
1343 1251 1452 1293 gladio
1477 1261 1573 1293 quam
1600 1250 1710 1282 hostili
1732 1250 1853 1292 populo

199 1302 275 1333 illuc
297 1301 463 1333 veniemus
492 1304 526 1333 et
553 1312 616 1333 non
645 1301 749 1333 solum
778 1304 906 1344 segetes
927 1304 1050 1333 vestras
1081 1301 1276 1343 delebimus,
1309 1302 1366 1334 sed
1399 1305 1554 1344 quantum
1585 1312 1755 1344 possumus
1783 1302 1853 1334 iure

200 1352 396 1385 secundum?
415 1355 558 1384 nostrum
580 1353 791 1385 ministerium
815 1346 926 1384 contra
949 1355 992 1393 te,
1016 1354 1043 1384 si
1064 1364 1123 1385 nos
1146 1356 1178 1385 te
1201 1357 1371 1385 monentes
1393 1357 1426 1386 et
1449 1365 1468 1386 a
1490 1354 1563 1385 filiis
1585 1353 1795 1395 perditionis²
1819 1356 1852 1385 te

201 1415 352 1447 separare
376 1405 521 1436 volentes
544 1406 711 1446 spreveris,
735 1415 864 1446 semper
887 1404 1046 1436 contraria
1069 1415 1168 1446 agere
1192 1416 1255 1436 non
1278 1415 1473 1437 recusamus.
1508 1404 1551 1436 Et
1573 1416 1636 1437 non
1653 1405 1751 1445 dieas,
1776 1405 1851 1446 quia

200 1457 238 1488 ‘si
262 1456 396 1488 domnus
419 1456 613 1498 apostolicus
635 1457 766 1488 veniens
789 1466 911 1488 messes
934 1459 1058 1487 nostras
1079 1455 1245 1497 deleverit,
1270 1456 1427 1488 habemus
1449 1457 1529 1488 alias
1552 1457 1742 1498 provincias,
1765 1456 1850 1487 unde

199 1507 329 1539 labores
353 1507 475 1540 habere
498 1507 677 1549 possimus'.
720 1507 804 1539 Nam
833 1518 891 1539 nos
921 1510 954 1539 et
976 1507 1116 1539 Romam
1140 1508 1322 1539 Sardiniam
1346 1507 1510 1540 Corsicam
1541 1510 1574 1540 et
1602 1510 1704 1539 totam
1727 1507 1851 1540 christi-

198 1561 354 1592 anitatem
378 1562 488 1591 contra
510 1562 543 1591 te
567 1559 762 1597 claudemus,
786 1561 821 1591 ut
842 1559 931 1590 nullo
955 1559 1051 1590 modo
1075 1570 1268 1601 recuperare
1291 1559 1436 1592 valeatis.

1009 1749 1039 1780 8.

306 1805 484 1846 Stephanus
502 1805 537 1838 V.
556 1816 644 1846 papa
666 1806 809 1838 omm'bus
830 1807 980 1849 episcopis
1009 1808 1045 1840 in
1066 1807 1185 1839 ducatu
1207 1806 1368 1846 Spoletino
1390 1806 1570 1838 constitutis
1592 1807 1722 1839 nuntiat
1747 1817 1780 1839 se
1802 1807 1852 1838 die

194 1861 224 1891 6.
243 1858 326 1891 Iulii
352 1857 503 1899 synodum
524 1857 750 1889 celebraturum
772 1868 844 1891 esse.
1659 1859 1764 1900 (886.)

301 1925 368 1953 Coll.
380 1933 457 1952 can„-
473 1925 501 1951 A
517 1926 538 1959 f.
553 1928 605 1952 154
622 1933 650 1951 n.
665 1928 689 1952 8.

297 1976 364 2003 Ed„-
380 1976 478 2002 Ewald
494 1976 525 2002 in
542 1976 606 2004 NA.
621 1976 650 2008 V,
663 1980 714 2003 402
731 1985 759 2004 n.
771 1979 795 2004 8.
815 1992 847 1996 —
869 1977 961 2011 Bega„-
975 1977 1051 2010 Jaffe'
1068 1980 1138 2005 3415.
1177 1977 1251 2004 Kehr
1269 1977 1356 2004 Italia
1370 1977 1512 2011 pontificia
1530 1977 1579 2010 IV,
1594 1981 1610 2004 4
1628 1985 1656 2004 n.
1671 1981 1711 2004 14.

494 2070 713 2104 S[TEPHANUS]
732 2073 885 2098 omasus
903 2073 1075 2098 EP1scor>1s
1091 2073 1128 2098 IN
1146 2071 1360 2106 [SP01LET1N0
1380 2071 1552 2106 DUCA[TU.]

304 2126 352 2169 (1)
376 2126 606 2158 Sanctitatem⁸⁵
628 2130 767 2159 vestram
791 2129 873 2159 scire
896 2128 1052 2169 volumus,
1076 2128 1153 2170 quia
1175 2139 1233 2169 pro
1257 2128 1489 2170 multiplicibus
1513 2128 1739 2160 ecclesiasticis
1762 2128 1849 2160 utili—

196 2179 319 2212 tatibus
342 2179 511 2210 statuimus
534 2178 688 2210 octavam
712 2180 931 2221 apostolorum
954 2180 1112 2221 synodum
1135 2180 1313 2212 celebrare.

304 2230 352 2272 (2)
376 2230 495 2261 ITEM.
528 2229 699 2272 Regularis
723 2231 842 2273 quippe
866 2231 944 2262 ordo
968 2232 995 2262 si
1017 2231 1165 2273 violetur,
1189 2242 1395 2274 nequaquam
1418 2231 1574 2274 impunite
1599 2234 1648 2263 est
1670 2230 1851 2272 ferendum,

198 2292 238 2314 ne
263 2281 400 2324 posteris
422 2281 530 2313 veniat
551 2282 583 2313 in
607 2282 800 2323 exemplum.

298 2479 322 2511 ὃ)
342 2478 491 2511 agrediatur
509 2478 542 2504 A.
629 2477 654 2510 b)
673 2479 753 2511 igitur
771 2478 805 2504 D.
911 2479 934 2510 e)
954 2487 1005 2504 om.
1017 2478 1052 2504 D.

299 2530 323 2555 7.
356 2530 380 2561 a)
407 2548 433 2555 ..
452 2530 563 2555 austasio
581 2530 614 2556 A.
728 2529 753 2563 ¹2)
780 2530 879 2555 Littera
903 2530 1012 2555 initialis
1038 2531 1065 2555 in
1086 2539 1168 2563 mar-q.
1188 2534 1276 2556 notata
1299 2531 1355 2556 alia
1381 2539 1461 2556 mana
1484 2531 1518 2557 A.
1629 2531 1651 2561 ⁰)
1679 2530 1791 2563 quelibet
1815 2529 1847 2554 A.

195 2572 222 2605 (1)
242 2574 356 2599 omireris
369 2573 402 2598 A.
506 2572 529 2605 θ)
547 2573 701 2606 protei-minis
714 2573 746 2599 A.
852 2571 871 2605 ἲ)
889 2581 919 2598 ac
938 2572 971 2605 A,
989 2581 1055 2598 corr.
1070 2573 1174 2599 Ewatd.

300 2622 325 2650 8.
353 2623 377 2656 Β)
395 2624 494 2650 Littera
512 2624 619 2649 initialis
638 2624 704 2650 deest
718 2624 751 2650 A.
855 2623 883 2656 b)
902 2625 928 2649 in
946 2628 1038 2650 octava
1056 2624 1159 2651 hhcald.

303 2701 328 2734 1)
347 2700 395 2732 H„
414 2707 435 2727 c.
450 2703 589 2732 875—898,
608 2700 641 2732 cf.
655 2707 739 2733 supra
753 2708 783 2734 p.
800 2704 816 2727 5
835 2708 901 2727 ann.
915 2704 935 2726 1.
1023 2700 1050 2733 2)
1069 2699 1129 2726 Scit.
1141 2708 1159 2726 a
1179 2700 1328 2733 Saracenis,
1347 2701 1443 2735 quibus
1465 2700 1565 2733 foedere
1582 2699 1743 2733 izmqebatur
1762 2699 1846 2726 Atha-

195 2743 300 2776 nasius,
324 2745 360 2777 cf.
374 2751 459 2777 supra
479 2752 508 2777 p.
518 2747 569 2770 204
587 2751 615 2769 η.
631 2745 688 2776 230,
713 2751 742 2777 p.
755 2746 803 2769 217
824 2751 852 2770 n.
866 2746 922 2775 249,
945 2751 974 2776 p.
989 2745 1038 2769 241
1056 2751 1084 2770 n.
1097 2746 1152 2776 273,
1175 2751 1201 2777 p.
1215 2747 1266 2770 246
1283 2752 1310 2771 τι.
1324 2748 1383 2776 279,
1406 2752 1435 2778 p.
1451 2747 1500 2770 264
1522 2752 1550 2770 n.
1564 2746 1620 2770 305.
1742 2742 1770 2775 3>
1789 2741 1812 2768 I.
1825 2750 1846 2768 e.

196 2786 237 2813 die
255 2790 278 2813 6.
292 2786 366 2812 Iulii.

305 2838 455 2865 Emsrom
468 2837 527 2870 VII,
540 2838 564 2865 2.
1607 2836 1641 2862 43
