2189 3042
729 174 906 201 IOHANNIS
925 174 1000 202 V111.
1020 174 1136 200 PAPAE
1158 173 1332 200 EPISTOLA
1355 173 1412 200 258.
1834 177 1895 207 227

363 261 424 287 cod.
433 270 441 286 .·
470 261 497 287 R
514 263 535 294 f·
550 264 596 287 102
614 269 640 287 η,
652 264 722 295 εστι,

350 312 438 337 Edd.:
464 311 559 338 Editio
573 312 699 338 Romana
712 312 796 345 (1591)
811 311 869 343 ΙΙΙ,
884 315 933 337 473
945 319 971 337 η.
983 315 1042 337 250.
1075 311 1170 337 Mansi
1186 311 1263 337 Cone.
1275 311 1330 336 coll.
1347 310 1445 342 XVII,
1461 314 1507 337 184
1526 319 1553 337 n.
1566 314 1625 338 250.
1654 311 1744 345 Missae
1762 312 1835 339 Patr.
1850 314 1897 339 lat.

248 354 384 386 CXXVI,
406 358 454 381 910
472 363 498 381 n.
513 358 567 381 297.
589 370 617 373 -
638 354 711 386 Jaffe'
730 355 793 388 Rey.
808 357 873 380 3322
891 355 988 388 (2534).

353 436 425 467 Hoc
442 437 540 467 nostri
557 446 684 477 semper
701 437 883 466 certaminis
899 439 931 467 et
946 436 1064 467 laboris
1081 436 1148 472 fuit,
1168 436 1227 466 hoc
1244 437 1342 467 nostri
1360 437 1423 466 voti
1441 437 1558 473 existit,
1576 440 1611 467 ut
1627 448 1683 478 pro
1698 438 1896 479 orthodoxea

216 502 227 520 5
246 487 321 519 fidei
344 488 528 528 integritate
552 498 608 519 seu
635 498 692 528 pro
717 490 802 518 statu
826 492 858 518 et
881 498 960 528 pace
986 488 1125 518 omnium
1151 487 1212 518 Dei
1237 487 1458 527 ecclesiarum,
1483 498 1617 528 quarum
1642 499 1717 519 cura
1741 484 1895 521 constrin-

246 539 361 579 gimur,
385 539 487 569 adeor
509 549 640 579 operam
665 539 787 579 demus,
812 542 969 579 quatenus
993 539 1136 580 dispersa
1160 542 1404 580 congregentur,
1430 544 1625 580 congregata
1649 542 1895 573 conserventurb

247 593 279 620 et
301 593 350 630 ut,
381 589 532 630 quiequid
560 589 763 620 inhonestum
789 590 838 620 vel
865 590 959 621 aliter
983 601 1078 631 quam
1107 601 1141 620 se
1171 589 1328 620 rectitudo
1353 590 1466 629 habet,
1494 601 1552 631 per
1575 592 1809 631 providentiam
1832 593 1895 624 Dei

245 644 427 671 sanctorum
456 641 674 681 apostolorum
702 642 824 672 meritis
848 641 1095 682 suffragantibus
1120 642 1310 682 corrigatur,
1344 642 1429 672 omni
1453 643 1619 673 conamine
1643 643 1731 674 iuxta
1756 644 1895 675 officium

245 692 337 722 nobis
361 693 563 723 commissum
588 692 783 733 speculando
808 693 990 734 satagimus.
1036 693 1140 736 Huius
1166 693 1213 722 rei
1236 693 1340 733 gratia
1363 703 1452 723 more
1476 694 1652 733 apostolico
1677 698 1785 735 sancte
1811 695 1894 726 Con-

204 756 228 774 ιο
247 743 528 784 stantinopolitane
557 744 691 784 ecclesie
722 745 867 775 misereri
897 745 1042 775 volentes
1074 744 1287 783 decrevimus,
1318 747 1353 774 ut
1383 745 1473 774 unius
1503 745 1756 777 incrementum¹
1780 747 1895 778 nullius

246 795 339 826 fieret
366 795 608 834 detrimentum,
640 797 715 836 quin
745 797 850 837 potius
880 797 1020 827 omnium
1052 795 1255 826 manifestum
1287 796 1439 826 existeret
1463 795 1663 827 adiutorium.
1712 797 1895 830 Convocata

246 848 354 877 nostra
379 846 528 885 ecclesia,
560 850 712 888 quantum
737 847 778 878 ad
800 857 933 888 presens
961 850 1087 887 tempus
1116 847 1223 886 coegit
1245 847 1433 885 necessitas,
1464 847 1654 878 auctoritate
1680 851 1711 878 et
1734 852 1895 889 potestate

246 898 424 938 apostolica
446 898 596 929 iamdicte
614 899 967 940 Constantiuopolitane
992 898 1127 937 ecclesie
1152 897 1387 928 consuluinms2
1412 901 1444 928 et
1467 898 1581 939 legatis
1604 900 1719 930 nostris
1736 901 1895 942 directis3,

245 952 281 979 ut
303 949 458 980 inoffenso
483 949 566 990 pede
589 950 783 984 incederent.
807 951 1009 981 instituimus.
1048 950 1098 980 De
1123 950 1211 980 cuius
1234 949 1355 980 scilicet
1378 950 1500 980 unitate
1524 951 1611 990 pacis
1635 951 1700 981 sive
1726 953 1896 984 concordia

202 1013 226 1031 ιε,
246 1001 445 1041 gratulamur
476 1004 508 1032 et
537 1002 783 1042 cunctipotentic
806 1002 944 1033 Domino
967 1002 1078 1033 laudes
1106 1001 1289 1031 innumeras
1319 1000 1512 1040 referentes,
1545 1001 1621 1031 licet
1651 1003 1694 1041 ci,
1726 1004 1779 1043 qui
1807 1007 1896 1035 tanta

246 1051 330 1083 bona
358 1053 457 1083 servis
487 1054 550 1083 suis
580 1053 726 1094 largitur,
757 1054 931 1094 condignas
959 1057 1067 1094 grates
1095 1063 1192 1093 agere
1220 1063 1281 1082 non
1306 1052 1477 1093 possimus,
1509 1052 1590 1083 hunc
1614 1052 1833 1085 benedicimus
1864 1060 1897 1086 et

246 1103 381 1134 assiduis
409 1105 539 1135 vocibus
566 1105 745 1145 glorificare
773 1105 946 1136 studemus.
994 1104 1104 1135 Gloria
1134 1114 1271 1144 namque
1303 1104 1342 1133 sit
1372 1103 1418 1133 illi
1447 1106 1480 1133 et
1503 1104 1604 1133 omnis
1628 1103 1697 1134 laus
1727 1115 1764 1135 ac
1790 1107 1896 1145 virtus,

247 1155 335 1185 cuius
362 1156 531 1186 maiestate
561 1159 593 1186 et
616 1167 744 1197 semper
771 1156 924 1187 laudabili
948 1157 1051 1197 gratia
1075 1155 1224 1186 curvatad
1248 1155 1289 1185 ad
1312 1155 1536 1185 rectitudinem
1562 1155 1768 1196 reducuntur,
1798 1168 1897 1197 prava

247 1205 438 1246 diriguntur,
477 1208 676 1238 contumacia
710 1207 902 1247 retunditur,
936 1207 1098 1238 humilitas
1128 1206 1302 1245 exaltatur,
1339 1207 1459 1236 zizania
1496 1206 1689 1247 quandoque
1725 1208 1893 1248 velluntur,

202 1269 227 1287 20
247 1257 398 1288 scandala
422 1262 627 1299 amputantur
651 1263 683 1290 et
706 1260 807 1290 omnis
827 1259 953 1290 bonitas
976 1260 1228 1299 augmentature.
1264 1257 1358 1288 Unde
1382 1268 1443 1288 non
1469 1259 1498 1288 in
1524 1257 1624 1295 nobis,
1649 1258 1705 1289 sed
1729 1259 1759 1289 in
1781 1260 1895 1291 eodem

245 1308 384 1340 Domino
408 1310 582 1350 gloriemur
604 1311 814 1342 iocundemur
844 1314 876 1341 et
899 1310 1080 1341 exultemus
1103 1310 1135 1340 in
1157 1309 1377 1340 misericordia
1402 1310 1483 1347 eius,
1515 1310 1568 1350 qui
1593 1309 1681 1341 dicit:
1708 1306 1894 1352 ‘Confidite,

247 1360 321 1400 quia
346 1371 406 1401 ego
429 1362 490 1392 vici
514 1362 687 1401 mundum',
713 1366 744 1393 et
767 1363 798 1392 in
822 1362 884 1392 alio
909 1363 995 1392 loco:
1020 1361 1105 1392 ‘Sine
1129 1361 1203 1400 me',
1226 1360 1353 1401 inquitf,
1378 1360 1486 1391 ‘nichil
1510 1361 1644 1402 potestis
1667 1362 1801 1399 facere';
1837 1364 1893 1394 sed

247 1421 317 1442 cum
341 1422 398 1443 nos
421 1414 545 1454 scriptis
573 1416 605 1444 et
628 1413 733 1444 verbis
755 1413 1006 1444 misericorditer
1029 1416 1135 1444 tecum
1159 1412 1343 1452 specialiter
1367 1411 1527 1453 agendum
1553 1423 1622 1443 esse
1648 1413 1894 1455 decreverimus,

347 1526 471 1559 Ἰωάννης
489 1527 629 1555 ἐπίσκοπος
647 1527 739 1555 δοῦλος
758 1531 810 1552 τῶν
823 1528 925 1553 δούλων
945 1531 989 1553 τοῦ
1008 1528 1073 1552 θεοῦ
1090 1527 1184 1559 (beurim
1204 1531 1240 1559 τῷ
1259 1527 1386 1559 αἷδεσίμῳ
1406 1527 1450 1552 καὶ
1464 1527 1603 1560 καθολικῷ
1623 1527 1731 1560 ἀδελφῷ
1748 1530 1895 1563 πατριάρχῃ

204 1576 228 1594 25
248 1569 546 1598 Κωνσταντινουπόλε(ι)ς
565 1569 641 1602 χάριν
658 1570 762 1596 ἀνωθεν
780 1571 845 1603 πρὸς
864 1571 926 1603 ἔργα
945 1570 1111 1603 σωτηριώδη.
1146 1570 1203 1596 Οὐκ
1223 1570 1324 1602 ἀγνοεῖν
1343 1571 1479 1603 συμβαίνει
1498 1570 1575 1602 ἡμᾶς,
1595 1570 1631 1598 ὥς
1652 1581 1714 1599 τινες
1735 1575 1786 1596 τῶν
1803 1572 1895 1598 αὐτόθι

245 1612 295 1637 οὐκ
315 1613 418 1645 εἰρήνης
438 1612 576 1644 ἅνθρωποι
598 1613 657 1646 περὶ
682 1617 727 1646 τῆς
745 1614 858 1639 ἐνταῦθα
878 1614 1018 1646 ἐκκλησίας
1041 1613 1085 1639 καὶ
1110 1613 1182 1639 αὐτοὶ
1208 1613 1239 1638 οὐ
1265 1612 1330 1645 πρὸς
1350 1613 1476 1645 ἀλήθειαν
1494 1613 1606 1645 ὁρῶντες
1625 1614 1696 1638 κακά
1722 1624 1775 1639 τινα
1794 1615 1894 1647 λέγουσι

245 1655 290 1680 καὶ
310 1654 391 1685 τόσον,
415 1656 451 1680 ὅτι
475 1656 519 1681 καὶ
542 1656 588 1689 τὴν
606 1656 654 1689 σὴν
673 1657 835 1689 ἀδελφότητα
853 1660 951 1689 μικροῦ
970 1657 1024 1682 δεῖν
1042 1656 1091 1682 οὐκ
1111 1656 1212 1689 ἀγαθὰς
1232 1655 1376 1688 ὑπολήψεις
1395 1656 1463 1688 ἔχειν
1481 1656 1517 1684 εἰς
1537 1656 1604 1688 ἡμᾶς
1622 1656 1667 1681 καὶ
1687 1656 1746 1684 τοὺς
1765 1657 1812 1690 ὑφ’
1828 1658 1896 1690 ἡμᾶς

245 1699 461 1730 παραπείθουσιν.
494 1699 546 1724 Καὶ
564 1700 615 1724 ἔστι
629 1700 726 1728 τούτοις
745 1700 760 1733 ἦ
780 1699 827 1732 μὲν
840 1699 949 1733 ἀφορμὴ
970 1703 1013 1725 τοῦ
1027 1701 1128 1725 σκόπου
1146 1699 1257 1724 τούτουέι
1269 1698 1372 1731 ψευδὴς
1391 1698 1436 1723 καὶ
1456 1698 1542 1726 αὐτοῖς
1556 1699 1650 1731 εἷποιμι
1671 1699 1702 1724 ἂν
1715 1699 1775 1732 ἐγὼ,
1795 1700 1831 1728 ὡς
1851 1701 1896 1726 καὶ

245 1741 260 1765 ὁ
276 1741 350 1773 λόγος
368 1741 469 1774 προϊὼν
486 1743 645 1775 παραστήσει
667 1743 711 1768 καὶ
733 1743 748 1767 o‘
768 1743 827 1771 θεὸς
846 1743 951 1768 ἄνωθεν
970 1743 1031 1775 ἡμῖν
1049 1742 1265 1775 ἐπιμαρτυρήσει,
1291 1741 1354 1767 ἀλλὰ
1378 1741 1445 1766 κατὰ
1468 1741 1528 1769 τοὺς
1552 1741 1594 1766 τὸν
1612 1741 1681 1767 οἶνοι·
1701 1743 1895 1775 καπηλεύοντας

203 1792 227 1811 30
246 1784 318 1809 ὕδατι
342 1785 548 1818 παραμιγνύουσι
568 1786 616 1810 καί
636 1796 690 1811 τινα
712 1787 758 1819 ἀφ’
773 1787 873 1812 ἑαυτῶν
892 1786 1135 1819 ψευδοληρήσαντες
1144 1786 1166 1815 b,
1188 1786 1233 1810 καὶ
1258 1784 1408 1816 θαυμαστὸν
1431 1784 1520 1809 οὐδὲν·
1548 1785 1589 1809 δεῖ
1614 1785 1662 1817 γὰρ
1688 1785 1730 1810 τὸν
1756 1785 1799 1811 ἀπ’
1813 1786 1896 1819 ἀρχῆς

245 1827 405 1860 δημιουργὸν
423 1832 467 1860 τῆς
486 1829 581 1857 κακίας
601 1829 646 1854 καὶ
664 1829 729 1861 πρὸς
748 1829 791 1854 τὸν
810 1829 872 1854 θεὸν
889 1830 1016 1862 στήσαντα
1035 1829 1146 1861 ἔχθραν,
1169 1827 1221 1853 εἶτα
1244 1828 1288 1853 καὶ
1308 1828 1350 1853 τὸν
1369 1827 1446 1860 ἡμῶν
1465 1828 1616 1860 προπάτορα
1637 1832 1679 1860 τῆς
1699 1832 1744 1853 τοῦ
1763 1830 1896 1857 κτίσαντος

245 1869 345 1903 ἀγάπης
364 1872 512 1903 χωρίσαντα
535 1872 580 1897 καὶ
603 1876 648 1897 νῦν
672 1882 740 1900 τινας
765 1873 832 1905 ἔχειν
853 1872 919 1904 πρὸς
943 1872 1085 1904 ὑπηρεσίαν
1104 1871 1183 1897 αὐτοῦ
1207 1871 1252 1896 καὶ
1271 1872 1403 1904 διεγείρειν
1426 1870 1484 1899 τοὺς
1504 1871 1648 1901 τοιούτους,
1675 1871 1746 1899 ὅπως
1766 1871 1897 1904 ἐκβάλωσι

244 1913 324 1944 μέσον
343 1917 387 1946 τῆς
405 1914 546 1947 ἐκκλησίας
565 1915 718 1941 σκάνδαλον.
744 1914 869 1948 Ἀλλ’ἑγὼ
888 1915 953 1948 πρὸς
972 1915 1014 1940 τὸν
1033 1914 1078 1948 τὴν
1097 1915 1203 1947 εἰρήνην
1215 1914 1292 1939 δόντα
1305 1913 1419 1946 Χριστὸν
1437 1914 1557 1946 ἀφορῶν,
1577 1914 1604 1941 ὃς
1623 1914 1668 1939 καὶ
1687 1914 1732 1947 τὴν
1745 1914 1844 1947 ἔχθραν
1864 1919 1892 1947 τῇ

245 1956 323 1988 σαρκὶ
342 1956 421 1982 αὐτοῦ
441 1957 559 1988 ἔκτεινεν,
579 1958 616 1986 ὡς
635 1958 688 1991 ἔχω
707 1958 824 1988 δυνατὸν,
844 1958 985 1983 σπουδάσω
1005 1959 1035 1983 τὰ
1053 1958 1166 1990 στόματα
1186 1960 1237 1982 τῶν
1255 1957 1426 1990 χαιρεκάκων
1444 1957 1549 1989 ἀνδρῶν
1568 1956 1749 1989 ἀποφράττειν.
1782 1957 1832 1982 Καὶ
1852 1958 1894 1982 διὰ

203 2007 226 2024 35
247 2003 321 2024 τοῦτο
340 2000 384 2025 καὶ
403 2000 454 2032 πρὸ
476 2004 520 2026 τοῦ
539 2001 606 2029 ὅλως
626 2000 671 2034 τὴν
689 2001 737 2034 σὴν
756 2002 918 2034 ἀδελφότητα
938 2002 1058 2034 δηλῶσαί
1072 2002 1120 2033 μοί
1142 2011 1176 2030 τι,
1198 2000 1350 2033 προφθάνω
1370 1999 1446 2027 αὐτὸς
1465 1999 1524 2032 περὶ
1546 2003 1598 2024 τῶν
1617 2000 1740 2025 τοιούτων
1758 2001 1894 2033 γνωρίζειν

246 2052 294 2072 σοι,
314 2042 440 2073 ἵνέἵδὼς,
459 2043 531 2071 ὅπως
551 2043 602 2076 ἔχει
621 2044 651 2069 τὰ
670 2045 733 2070 καθ’
744 2044 821 2077 ἡμᾶς,
840 2044 876 2077 μὴ
895 2045 1012 2077 παρέχῃς
1031 2043 1085 2069 ὦτα
1104 2048 1155 2071 τοῖς
1175 2043 1280 2069 θέλουσι
1295 2043 1430 2074 λοιδορεῖν,
1450 2043 1513 2067 ἀλλὰ
1532 2043 1629 2074 μᾶλλον
1642 2043 1780 2075 ἀποσοβεῖν
1799 2043 1895 2071 αὐτοὺς

247 2085 291 2110 καὶ
310 2085 369 2113 τοὺς
388 2086 480 2115 ἄλλους
498 2091 574 2119 ποιῇς
592 2086 629 2120 μὴ
643 2087 749 2113 ἀκούειν
768 2087 826 2116 τοὺς
845 2088 936 2120 λόγους
955 2087 1050 2113 αὐτῶν.
1082 2087 1132 2112 Καὶ
1151 2086 1200 2119 γὰρ
1219 2086 1235 2119 ἡ
1255 2086 1287 2119 σὴ
1307 2087 1452 2119 ἀδελφότης
1472 2085 1601 2111 ἐπίσταται
1620 2085 1665 2117 ὡς,
1685 2086 1726 2110 ὅτε
1744 2086 1897 2118 παρεγένετο

246 2127 311 2159 πρὸς
324 2128 391 2160 ὑμᾶς
410 2129 425 2153 ὁ
436 2133 526 2161 μικρῷ
539 2131 666 2162 πρότερον
679 2130 829 2159 ἀποσταλεὶς
848 2131 909 2163 παρ’
920 2130 1007 2163 αὐτῆς,
1020 2130 1079 2162 περὶ
1093 2133 1136 2155 τοῦ
1150 2129 1224 2162 ἁγίου
1238 2128 1372 2162 συμβόλου
1388 2129 1454 2161 ἡμᾶς
1468 2129 1632 2161 ἐδοκίμασεν,
1651 2128 1726 2161 εὗρεν
1739 2128 1896 2161 ἀπαράτρω-

247 2180 298 2201 τον,
324 2171 418 2199 καθῶς
437 2171 554 2204 ἀρχῆθεν
572 2173 708 2206 παρεδόθη
728 2173 789 2206 ἡμῖν
809 2174 992 2206 διατηροῦντας
1012 2173 1057 2198 καὶ
1074 2173 1139 2205 μήτε
1157 2172 1342 2204 προστιθέντας
1362 2182 1383 2196 τι
1404 2172 1418 2204 ἢ
1439 2172 1627 2204 ἀφαιροῦντας,
1651 2172 1770 2205 ἀκριβῶς
1789 2171 1896 2201 εἰδότας,

204 2217 229 2235 40
249 2213 285 2241 ὡς
304 2217 355 2242 τοῖς
376 2214 405 2239 τὰ
424 2218 527 2240 τοιαῦτα
547 2216 659 2247 τολμῶσι
677 2217 770 2248 βαρειά
789 2217 918 2249 καταδίκη
938 2216 1101 2249 ἀναμένουσα
1119 2216 1262 2241 ἀπόκειται,
1296 2215 1347 2240 Καὶ
1366 2214 1442 2239 πάλιν
1461 2214 1507 2239 οὖν
1525 2214 1728 2246 παραδηλοῦμεν
1747 2218 1777 2247 τῇ
1796 2215 1896 2247 αι’δησι-

245 2257 340 2288 μότητί
360 2266 420 2286 σου,
446 2257 486 2282 ἵνα
509 2257 567 2290 περὶ
592 2262 636 2284 τοῦ
656 2259 760 2291 ἄρθρου
780 2259 870 2284 τούτου
879 2261 897 2290 4,
922 2259 953 2284 δι’
970 2260 985 2283 ὃ
1004 2259 1099 2292 συνέβη
1123 2259 1152 2283 τὰ
1171 2258 1304 2283 σκάνδαλα
1329 2257 1408 2290 μέσον
1428 2260 1479 2282 τῶν
1498 2257 1647 2289 ἐκκλησιῶν
1671 2260 1714 2282 τοῦ
1734 2258 1810 2286 θεοῦ,
1835 2257 1896 2290 ἔχῃς

246 2299 430 2331 πληροφορίαν
447 2299 483 2327 εἰς
502 2300 578 2332 ἡμᾶς,
597 2301 633 2325 ὅτι
653 2301 684 2326 οὐ
702 2302 782 2333 μόνον
801 2302 831 2326 οὐ
850 2302 956 2334 λέγομεν
975 2305 1057 2332 τοῦτο,
1077 2301 1140 2326 ἀλλὰ
1159 2301 1204 2326 καὶ
1222 2301 1281 2328 τοὺς
1299 2303 1405 2333 πρῶτον
1417 2299 1601 2332 θαῤῥησαντας
1620 2303 1650 2332 τῇ
1669 2300 1769 2325 ἑαυτῶν
1787 2299 1896 2332 ἀπονοίᾳ

248 2345 322 2367 τοῦτο
341 2346 445 2374 ποιῆσαι
464 2343 615 2375 παραβάτας
635 2347 686 2368 τῶν
704 2344 785 2369 θείων
804 2345 888 2377 λόγων
907 2345 1030 2377 κρίνομεν
1049 2344 1093 2369 καὶ
1111 2344 1283 2377 μεταποιητὰς
1303 2347 1346 2376 τῆς
1362 2343 1496 2376 θεολογίας
1516 2347 1560 2368 τοῦ
1579 2344 1705 2368 δεσπότου
1718 2343 1832 2375 Χριστοῦ
1852 2342 1896 2367 καὶ

248 2388 300 2409 τῶν
319 2385 470 2410 ἀποστόλων
491 2386 536 2410 καὶ
560 2389 611 2411 τῶν
629 2387 727 2412 λοιπῶν
745 2388 878 2419 πατέρων,
901 2388 927 2412 οἳ
943 2388 1110 2415 συνελθόντες
1130 2387 1276 2415 συιόδικῶς
1294 2387 1455 2419 παρέδωκαν
1478 2386 1506 2411 τὸ
1530 2386 1602 2418 ἅγιον
1620 2386 1751 2419 σύμβολον
1769 2385 1814 2410 καὶ
1832 2385 1896 2417 μετὰ

204 2483 228 2502 45
351 2475 410 2502 258.
438 2477 461 2506 a)
481 2478 638 2509 horthodoxe
658 2478 690 2503 R.
761 2478 785 2509 b)
805 2479 1104 2503 adeo—conserventur
1122 2479 1149 2502 in
1167 2486 1219 2502 ras.
1238 2478 1270 2503 R,
1343 2476 1365 2510 c)
1385 2477 1523 2502 secuudum
1543 2486 1556 2501 c
1576 2477 1637 2501 add.
1651 2485 1732 2508 supra
1751 2477 1845 2500 lineam
1863 2476 1894 2501 Ji.

248 2517 273 2550 d)
292 2524 389 2544 certata
408 2520 439 2544 R.
528 2519 550 2551 θ)
569 2529 661 2553 augm-
680 2521 707 2545 in
725 2530 778 2546 ras.
791 2522 826 2546 al.
840 2530 908 2546 man.
928 2521 958 2545 R.
1048 2520 1067 2551 f)
1087 2525 1096 2545 t
1115 2530 1180 2545 corr.
1195 2529 1224 2545 επ
1243 2521 1258 2545 d
1277 2520 1307 2545 R.

351 2574 430 2600 2:383.
459 2576 482 2607 a)
502 2585 568 2601 corr.
582 2585 611 2601 ex
630 2575 720 2600 τούτου
740 2575 771 2601 οὐ
790 2577 877 2601 Ilard.
965 2575 989 2606 b)
1010 2585 1077 2601 corr.
1091 2585 1120 2601 ea:
1139 2575 1404 2608 ψευδοπληρήσαντες
1424 2576 1512 2600 IIard.

352 2656 377 2687 1)
397 2654 457 2682 scil.
468 2655 567 2687 Photis,
585 2659 680 2682 contra
698 2665 813 2682 canones
830 2657 861 2682 in
875 2657 1060 2689 patriarcham
1076 2657 1201 2690 promoti,
1215 2657 1295 2689 prius
1314 2665 1331 2681 α
1348 2664 1374 2682 se
1390 2656 1485 2687 reiecti,
1506 2655 1540 2686 cf.
1554 2663 1601 2680 nn.
1613 2658 1655 2686 68,
1670 2658 1710 2680 σε).
1789 2654 1815 2682 2)
1834 2653 1895 2678 Scsl.

250 2697 342 2723 Plzotii
361 2699 542 2730 patriarchali
560 2699 692 2733 dignitate
710 2700 879 2731 confirmata,
904 2700 938 2731 cf.
958 2708 1006 2726 nn.
1020 2703 1155 2726 207—211.
1243 2700 1270 2730 3)
1290 2699 1368 2725 Petro
1387 2699 1472 2732 presb.
1492 2698 1566 2723 card.
1586 2706 1618 2723 m.
1633 2697 1753 2728 Ammsto
1771 2704 1795 2721 (ι.
1809 2699 1856 2721 879
1874 2698 1895 2719 et

205 2744 230 2763 ⁵0
248 2740 337 2766 Paulo
350 2741 523 2767 Amonitano
542 2749 573 2768 ac
584 2742 707 2775 Ειιῃεηίο
721 2742 835 2768 Ostiensi
852 2742 978 2775 episcopis
995 2743 1049 2768 iam
1066 2743 1143 2775 prius
1156 2742 1386 2774 Constantinopoli
1402 2741 1561 2774 (iemalibus,
1579 2740 1612 2772 cf.
1626 2748 1652 2766 n.
1665 2743 1718 2765 213.
1789 2739 1815 2771 4)
1834 2737 1893 2763 Scil.

247 2782 279 2808 de
297 2791 356 2809 voce
372 2783 506 2816 ‘filioque'.

1639 2833 1687 2859 29*

1912 1321 1940 1341 ln.
1954 1324 1984 1346 16,
1997 1324 2029 1342 33.

1910 1372 1939 1392 Io.
1952 1375 1984 1397 15,
1997 1376 2014 1394 5.

1909 1924 1935 1943 vs.
1952 1924 2006 1950 Eph.
2017 1925 2036 1950 2,
2047 1925 2079 1944 10.
