2189 3042
584 167 811 193 FRAGMENTA
830 166 997 193 REGISTRI
1017 165 1199 192 STEPHANI
1217 165 1250 192 V.
1271 165 1390 191 PAPAE
1408 166 1448 191 33.
1779 168 1839 197 353

193 255 272 286 haec
297 255 414 286 dixisse
438 254 606 293 sufficiant,
631 258 663 284 et
686 254 711 284 si
736 254 775 285 de
800 254 923 295 patriae
948 253 1049 284 salute
1073 253 1350 293 interrogaverint,
1381 263 1462 294 quae
1494 253 1534 283 ad
1564 251 1839 284 honorificentiam

192 308 352 348 pertinent
398 306 588 337 christianae
633 305 808 346 religionis,
845 305 1001 336 ecclesiae
1042 305 1185 342 honoris,
1221 304 1388 335 decentiae
1431 304 1621 344 imperialis,
1664 303 1839 344 prudenter

191 358 401 399 respondete!

300 409 418 440 ITEM.
453 408 631 450 Spiritus³¹
655 412 781 439 sanctus
805 420 824 439 a
847 408 944 439 Patre
971 411 1003 439 et
1025 408 1107 439 Filio
1132 418 1190 438 nec
1219 408 1378 448 ingenitus
1403 407 1526 446 dicitur,
1556 417 1595 437 ne
1628 406 1689 437 duo
1721 410 1840 447 patreS,

152 470 163 489 ⁵
192 471 251 492 nec
280 461 416 502 genitus,
439 460 499 491 neb
524 460 584 491 duo
608 460 673 499 filii,
698 460 754 491 sed
779 460 955 500 procedens
980 459 1103 490 dicitur.
1150 459 1183 490 Si
1207 459 1360 490 dixerint:
1391 459 1603 489 ‘Prohibitum
1629 462 1694 489 estc
1725 458 1841 489 sanctis

194 512 339 553 patribus
362 511 507 553 symbolo
532 511 651 542 addere
676 511 795 552 aliquid
819 511 870 541 vel
894 511 1048 542 minuere’
1063 529 1104 532 —
1122 510 1233 541 dicite:
1259 510 1387 541 ‘Sancta
1403 510 1551 540 Romana
1576 511 1711 541 ecclesia
1735 512 1841 540 custos

197 566 246 594 est
271 567 304 594 et
328 563 544 594 confirmatrix
566 565 747 593 sanctorum
771 561 968 603 dogmatum,
999 562 1073 602 quia
1101 562 1134 591 in
1163 561 1320 592 catholica
1350 561 1413 592 fide
1444 562 1594 602 principis
1622 561 1840 602 apostolorum

192 615 397 645 vicariatione
421 615 452 644 in
476 614 560 645 nullo
585 613 713 644 vacillat
735 614 804 654 ipso
829 613 953 644 dicente
979 612 1149 644 Domin02:
1176 612 1308 644 “Simon
1333 623 1407 644 ecee
1428 612 1586 644 Satanas‘1
1610 613 1745 654 expetiit
1768 623 1833 651 vos,
1848 618 2019 642 Luc-221³1'22·

194 670 230 696 ut
254 665 408 696 cribraret
431 665 521 706 quasi
544 665 698 700 triticum3
724 674 784 705 ego
809 667 919 694 autem
945 665 1056 705 rogavi
1079 675 1136 705 pro
1167 667 1209 703 te,
1233 668 1268 694 ut
1298 675 1359 695 non
1385 664 1513 695 deficiat
1542 664 1621 695 fides
1652 668 1716 704 tua,
1748 667 1780 695 et
1809 667 1843 694 tu

141 726 167 745 10
197 717 370 758 aliquando
407 727 577 747 conversus
608 715 759 746 confirma
791 716 904 746 fratres
936 717 1037 746 tuos?
1085 715 1177 746 Haec
1209 726 1320 746 omnes
1353 719 1516 746 errantesB
1548 715 1589 746 ad
1624 716 1722 746 fidem
1752 715 1844 746 duxit

195 769 348 800 ecclesias
372 771 404 799 et
426 768 612 799 vacillantes
635 767 808 807 roboravit,
833 777 895 797 non
918 767 1116 797 immutando
1140 770 1249 798 saneta
1273 767 1436 808 dogmata,
1468 767 1524 798 sed
1555 771 1609 798 aut
1638 778 1701 798 non
1724 766 1842 797 intelli-

196 819 345 861 gentibus
368 822 423 850 aut
445 819 529 850 male
553 818 763 849 sentientibus
787 818 1001 859 exponendo.³

302 870 380 912 Cap.
397 871 472 902 XII.
506 870 671 901 ‘Missasffi‘’
695 873 727 901 et
753 870 967 901 sacratissima
996 869 1050 900 illa
1077 869 1262 907 ministeria,
1294 881 1376 911 quae
1401 870 1587 901 Sclavorum
1617 871 1726 911 lingua
1757 869 1842 900 idem

193 922 400 954 Methodius4
423 922 586 953 celebrare
610 922 833 962 praesumpsit,
858 922 1002 962 quamvis
1026 921 1220 952 decessorisf
1242 922 1290 952 sui
1314 921 1520 963 temporibus,
1546 921 1674 952 domnig
1694 921 1844 955 videlicet

142 984 165 1002 ιε
193 974 344 1005 Iohannis
367 974 556 1004 sanctissimi
580 983 684 1014 papae
696 973 707 991 5
723 972 895 1004 iuraverith
910 983 944 1004 se
962 983 1000 1004 ea
1016 973 1147 1004 ulterius
1163 984 1225 1004 non
1241 984 1448 1014 praesumere
1459 974 1481 1012 ⁶,
1506 973 1682 1014 apostolica
1705 973 1843 1003 auctori-

194 1028 271 1064 tate,
296 1035 336 1056 ne
361 1025 467 1065 aliquo
491 1024 586 1055 modo
611 1026 843 1065 praesumatur,
867 1025 994 1064 penitus
1017 1024 1187 1056 interdicit.
1221 1024 1451 1055 Verumtamen
1475 1025 1501 1055 si
1525 1025 1640 1066 aliquis
1657 1024 1843 1055 Sclavorum

193 1077 303 1117 lingua
326 1079 392 1107 tam
417 1076 528 1107 doctus
551 1076 719 1114 invenitur,
749 1079 784 1106 ut
806 1079 879 1116 post
901 1076 1149 1106 sacratissimam
1179 1076 1400 1116 evangelicam
1430 1077 1638 1117 apostolicam
1670 1076 1844 1106 lectionem

195 1128 262 1159 eius
287 1128 535 1169 explicationem
560 1127 671 1158 doetus
702 1128 741 1158 sit
765 1127 871 1158 dicere
900 1127 940 1158 ad
970 1123 1229 1158 aedificationem
1259 1138 1380 1167 eorum,
1411 1129 1465 1169 qui
1495 1138 1558 1158 non
1587 1128 1779 1168 intelligunt,
1805 1129 1843 1166 ,et

192 1179 312 1220 laudat,
336 1180 363 1210 si
385 1179 450 1218 fiat,
475 1178 521 1209 eti
544 1179 690 1210 coneedit
713 1182 746 1210 et
769 1178 948 1220 approbat.²

141 1242 166 1260 20
302 1230 379 1271 Gap.
404 1229 497 1261 XIII.
545 1230 626 1260 ‘Dess
657 1231 863 1261 veneratione
895 1230 1085 1261 ieiuniorum
1120 1230 1253 1262 firmiter
1288 1234 1407 1271 tenere,
1440 1231 1521 1262 sicut
1554 1231 1586 1262 in
1620 1241 1678 1261 sua
1701 1231 1845 1261 decrevit

197 1282 372 1323 epistola⁷,.
387 1282 463 1323 quia
486 1281 613 1312 assidue
637 1293 693 1322 pro
712 1282 829 1312 viribus
852 1282 995 1312 ieiunare
1018 1281 1180 1313 laudabile
1204 1285 1262 1322 est,
1287 1283 1413 1323 corpori
1438 1283 1536 1313 etiam
1560 1283 1726 1313 consulere
1750 1286 1843 1313 natu-

196 1334 263 1365 rale
296 1336 328 1364 et
357 1334 445 1364 festis
470 1332 582 1363 diebus
611 1333 741 1374 largiori
770 1333 889 1374 papulo
921 1343 1035 1374 corpus
1065 1333 1170 1364 sobrie
1200 1333 1331 1365 reficere
1362 1337 1495 1375 peccato
1523 1344 1586 1364 non
1609 1334 1793 1374 imputatur,
1818 1334 1844 1364 si

194 1388 301 1417 tamen
324 1395 396 1416 cum
419 1385 594 1426 gratiarum
617 1385 742 1415 actione
767 1388 799 1415 et
822 1395 936 1425 corpus
961 1384 1100 1415 reficitur
1117 1388 1149 1415 et
1166 1385 1292 1416 salubre
1317 1385 1466 1425 poculum
1483 1386 1609 1416 animae
1627 1385 1842 1416 ministratur.’

303 1436 381 1477 Cap.
398 1435 530 1467 XHHk.
566 1435 843 1475 Successoremass,
869 1446 964 1476 quem
988 1436 1173 1467 Methodius
1196 1436 1340 1467 sibimet¹
1363 1440 1473 1468 contra
1497 1438 1638 1468 omnium
1662 1439 1844 1468 sanctorum

141 1499 166 1518 25
199 1490 324 1528 patrum
354 1487 492 1517 statuta⁹
524 1487 716 1517 constituere
749 1487 976 1527 praesumpsit,
1007 1497 1047 1517 ne
1079 1487 1275 1527 ministretm,
1307 1491 1414 1518 nostra
1445 1489 1622 1528 apostolica
1653 1489 1843 1519 auctoritate

194 1539 385 1579 interdicite,
410 1538 512 1568 donec
535 1548 626 1568 suam
649 1537 740 1568 nobis
764 1538 981 1578 praesentiam
1003 1537 1157 1569 exhibeat
1173 1541 1205 1568 et
1221 1549 1350 1569 eausam
1374 1549 1465 1570 suam
1480 1540 1575 1570 vivau
1591 1550 1668 1571 voce
1693 1543 1842 1581 exponat.

300 1668 323 1699 ³)
343 1668 443 1692 Littera
461 1667 567 1692 initialis
586 1667 653 1692 deest
667 1667 699 1692 A.
769 1665 793 1698 b)
813 1671 841 1692 ut
854 1667 891 1695 A,·
910 1667 942 1700 cf.
958 1667 1032 1699 infra
1046 1676 1076 1699 p.
1092 1669 1139 1693 356
1157 1669 1173 1692 l.
1187 1670 1245 1699 3sq.
1316 1669 1339 1700 c)
1358 1678 1372 1694 a
1389 1670 1450 1695 add.
1462 1668 1565 1694 Ewald.
1636 1668 1660 1700 d)
1680 1670 1801 1694 sathanas
1813 1670 1843 1694 A.

195 1711 218 1743 Β)
236 1712 367 1736 herrantes
379 1711 413 1736 A.
506 1709 525 1742 f)
545 1711 624 1735 nostri
643 1711 705 1736 add.
719 1710 752 1735 A.
846 1710 871 1741 8)
890 1711 968 1735 donni
981 1710 1014 1736 A.
1103 1709 1128 1742 h)
1148 1712 1273 1737 iuraverit
1286 1711 1320 1736 A.
1409 1711 1426 1743 i)
1445 1716 1474 1737 ut
1486 1712 1520 1737 A.
1617 1711 1642 1744 k)
1664 1731 1669 1738 .
1681 1732 1686 1738 .
1698 1731 1703 1737 .
1716 1731 1721 1737 .
1737 1714 1799 1737 -ΙΙΙΙ
1812 1713 1845 1738 Α.

194 1752 213 1786 l)
234 1755 335 1780 sibibiet
348 1754 381 1779 A.
450 1753 484 1783 m)
503 1754 630 1778 ministrat
644 1754 677 1779 A.
747 1753 771 1785 n)
791 1762 825 1787 qa
843 1755 903 1778 viva
916 1754 949 1778 A.

142 1847 167 1867 30
300 1839 326 1872 1)
348 1838 413 1865 Cum
431 1838 479 1871 his,
498 1846 566 1871 quae
583 1841 739 1871 sequuntur,
758 1840 793 1873 cf.
805 1839 883 1873 infra
896 1847 926 1871 p.
939 1842 986 1864 355
1005 1838 1022 1864 l.
1035 1841 1110 1870 30sq.
1208 1839 1234 1871 2)
1255 1840 1294 1874 Cf.
1308 1840 1386 1874 infra
1400 1848 1429 1873 p.
1442 1843 1488 1867 355
1506 1841 1521 1867 Ζ.
1536 1844 1574 1867 21.
1667 1841 1693 1873 3)
1715 1841 1755 1873 Cf.
1768 1841 1846 1873 infra

191 1889 219 1914 p.
235 1884 283 1908 357
299 1882 315 1908 l.
329 1884 404 1915 3zsq.
504 1882 531 1914 4)
551 1882 772 1916 Arehiepiscopas
791 1883 976 1913 Pannonicus,
996 1884 1031 1916 cf.
1044 1891 1128 1915 supra
1142 1891 1171 1916 p.
1186 1887 1229 1909 161
1247 1891 1274 1908 η.
1288 1887 1343 1916 201,
1358 1891 1386 1915 p.
1399 1886 1489 1916 22259,
1509 1892 1536 1910 n.
1550 1887 1607 1916 255,
1623 1892 1652 1917 p.
1668 1887 1721 1910 243
1744 1893 1772 1910 n.
1790 1887 1844 1915 276,

190 1931 218 1957 p.
232 1927 282 1950 286
305 1933 332 1951 n.
346 1928 386 1957 23,
410 1927 531 1950 ‘mortuus
555 1928 603 1951 885
617 1923 709 1958 April.
728 1930 751 1959 6,
779 1929 815 1959 cf.
835 1926 973 1952 Dizmmler
989 1925 1140 1957 ‘Osts'rdnlc.
1154 1925 1268 1952 Reiclff‘
1287 1927 1343 1958 III,
1356 1930 1412 1953 253.
1529 1927 1556 1959 5)
1582 1927 1670 1959 VIII„
1691 1930 1845 1955 872—882.

196 1967 222 2000 6)
245 1966 285 1999 Cf.
297 1975 383 2000 supra
404 1976 432 2000 p.
446 1971 488 1994 161
507 1968 524 1994 l.
538 1970 634 2001 13sqq.‚
660 1968 706 1994 secl
727 1969 807 1995 etiam
826 1977 853 2001 1³-
868 1972 916 1994 :224
935 1969 950 1995 l.
966 1972 1040 2002 5sqq.
1180 1970 1205 2002 7)
1228 1969 1269 2002 Cf.
1289 1970 1367 2003 infra
1388 1978 1415 2003 p.
1430 1973 1481 1996 356
1499 1970 1514 1996 l.
1529 1974 1609 2003 323q.
1731 1970 1758 2002 8)
1783 1969 1845 1996 Scit.

202 2009 363 2042 Gorazdum,
382 2011 413 2041 cs.
426 2010 567 2037 Dvimmle‘r
585 2012 600 2038 l.
617 2011 634 2038 l.
643 2020 673 2044 p.
685 2015 741 2038 254.
845 2012 872 2042 9)
895 2012 936 2044 Cf.
949 2020 1010 2039 can.
1023 2016 1057 2039 23
1075 2013 1203 2040 Antioch.
1221 2021 1294 2039 conc.
1311 2013 1420 2046 interpr.
1434 2013 1580 2048 Dionysio,
1605 2012 1643 2039 ed.
1657 2013 1752 2047 Miyne
1769 2013 1846 2040 Paor.

143 2061 168 2080 35
196 2052 242 2078 lat.
255 2052 381 2085 LXVII,
395 2056 451 2079 164.

305 2825 454 2853 Emer-omui
469 2825 529 2858 Vll,
539 2826 563 2853 2.
1618 2828 1650 2853 45
