2189 3042
155 709 180 728 10

154 965 177 984 15

158 1222 183 1242 20

155 1480 179 1499 25

154 1736 179 1755 30

156 1993 179 2012 ³5

156 2353 182 2372 40

157 2632 182 2650 45

715 149 900 175 STEPHANI
913 149 946 176 V.
967 149 1084 176 PAPAE
1102 148 1301 175 EPISTOLAE
1321 149 1343 174 1.
1792 150 1852 180 357

208 236 363 278 quibusve
386 236 618 277 prandendum,
643 239 817 278 praecepto
835 235 966 266 Domini
989 235 1041 266 vel
1065 236 1283 277 apostolorum
1307 245 1371 266 non
1394 237 1442 266 est
1458 234 1628 265 diffinitum
1653 234 1857 274 asse1›ti0ne³‚

208 287 266 318 sed
289 288 420 329 antiqua
441 290 568 329 patrum
592 287 822 319 consuetudine
847 287 954 318 tenetb
980 287 1126 325 ecclesia,
1150 288 1224 328 quia
1241 290 1274 317 et
1289 287 1429 328 priorum
1454 286 1596 317 instituta
1615 288 1646 316 et
1662 286 1859 317 consuetudo

208 340 366 370 maiorum
389 350 447 381 pro
472 340 545 379 lege
570 339 709 370 tenenda
733 341 814 369 sunt.
862 338 983 374 Quarta
1006 339 1085 370 feria
1114 338 1321 370 ieiunandum
1353 341 1410 376 est,
1435 338 1509 379 quia
1536 337 1736 368 considerato
1762 348 1857 369 evan-

207 391 293 432 gelio
318 395 431 432 quarta
461 391 586 422 sabbati
615 390 729 421 Iudaei
762 390 927 421 consilium
959 390 1106 430 inierunt,
1139 393 1174 421 ut
1197 390 1304 421 Iesum
1328 389 1402 420 dolo
1432 392 1578 420 tenerent
1601 392 1633 419 et
1662 388 1853 420 occiderent.
1870 394 2052 419 cf0Mutth-26‚³-

209 441 310 473 Sexta
333 446 441 474 autem
466 442 592 474 sabbati
623 445 710 473 recte
740 442 857 473 ieiunio
882 442 1054 482 deputatur
1083 444 1216 483 propter
1239 441 1417 472 dominicae
1448 441 1603 481 passionis
1632 441 1856 472 reverentiam.

208 493 351 525 Sabbato
376 504 503 535 quoque
528 494 732 524 nihilominus
755 493 961 524 ieiunandum
986 496 1034 524 est
1056 496 1189 534 propter
1212 492 1427 524 renovandam
1452 492 1641 522 memoriam
1666 493 1710 522 rei
1734 495 1856 533 gestae,

208 545 282 586 quia
315 545 460 586 discipuli
482 545 655 576 Dominum
684 545 823 575 humane
847 545 1072 585 intellegentes
1097 555 1135 575 eo
1161 545 1212 575 die
1235 544 1266 574 in
1290 543 1458 585 sepulchro
1484 543 1721 584 quiescentemc
1746 543 1856 574 dolue-

207 599 290 628 runt.
338 596 488 632 Quintam
513 607 588 627 vero
616 596 728 627 feriam
754 595 883 637 quidam
909 596 1053 626 arbitrati
1081 599 1152 626 sunt
1182 606 1251 626 esse
1277 595 1474 633 dissolutam,
1500 595 1574 636 quia
1602 605 1640 625 eo
1664 594 1716 626 die
1746 605 1857 625 recon-

208 647 327 678 ciliatio
352 648 392 678 sit
414 648 645 688 paenitentium
670 650 702 678 et
726 658 764 678 eo
789 647 841 678 die
865 650 1008 678 sanctum
1033 648 1147 678 crisma
1172 647 1335 678 conficitur
1365 649 1397 677 et
1428 657 1465 677 eo
1491 646 1542 677 die
1572 646 1758 687 redemptor
1786 657 1857 677 cum

209 697 372 739 discipulis
397 700 522 730 cenavit
546 702 578 730 et
601 699 646 730 eis
670 702 906 730 sacramentum
930 700 978 729 sui
1002 700 1143 739 corporis
1161 701 1192 729 et
1209 698 1370 739 sanguinis
1387 696 1528 737 tradidit,
1552 708 1590 728 eo
1609 697 1659 728 die
1677 697 1858 728 videntibus

207 749 371 791 discipulis
397 750 438 781 ad
462 751 569 781 caelos
599 750 752 781 ascendit.
798 750 985 781 Dominieus
1016 753 1102 781 certe
1134 750 1201 781 dies
1231 752 1364 790 propter
1385 750 1632 788 [resurrectionis
1661 749 1795 789 gloriam
1826 752 1859 780 et

207 801 401 833 adventumd
422 803 521 832 sancti
546 802 682 842 Spiritus
705 802 848 833 laetitiae
872 805 1076 833 consecratus
1100 805 1158 835 est.
1204 801 1293 832 Duos
1317 801 1371 841 qui
1394 803 1571 840 remanent,
1596 801 1724 841 proprio
1749 802 1856 831 unius-

207 853 358 893 cuiusque
385 853 602 894 relinquamus
625 853 767 893 arbitrio,
792 853 822 883 in
847 853 960 894 quibus
984 853 1016 883 id
1040 852 1274 884 observandum
1299 862 1423 889 censeo,
1449 855 1482 882 ut
1505 852 1569 892 ‘qui
1592 851 1773 892 manducat,
1797 863 1859 883 non
1874 861 1936 883 Rom.
1946 863 2007 886 14,8.

206 903 454 935 manducantem
478 915 541 935 non
566 908 723 945 spermate,
749 907 780 935 et
809 905 861 945 qui
884 915 947 935 non
971 904 1153 943 manducat,
1177 903 1424 934 manducantem
1448 913 1511 933 non
1534 902 1673 942 iudicet’,
1703 906 1738 933 ut
1769 904 1858 944 quic-

207 955 299 995 quidf
322 956 457 996 agimuS,
481 956 513 986 in
537 956 639 996 gloria
654 956 717 986 Dei
741 956 904 987 faciamus.
937 955 1095 986 Ieiunium
1120 955 1250 994 scilicet,
1275 954 1359 995 quod
1382 956 1518 995 quatuor
1533 956 1714 995 temporum
1736 954 1860 994 dicitur,
1875 963 2065 989 cf.1.Cor.10‚81.

209 1007 330 1047 antiqui
353 1010 462 1047 patres
486 1007 713 1038 celebrandum
738 1012 821 1038 nong
844 1007 960 1038 frustra
989 1009 1162 1037 sanxerunt
1186 1005 1312 1037 dicente
1342 1006 1522 1046 psalmista:
1553 1005 1761 1036 ‘Benedicam
1790 1005 1858 1036 Do-
1874 1015 1980 1039 Ps.³³,2.

206 1058 327 1088 minum
352 1059 384 1089 in
409 1059 494 1089 omni
518 1060 686 1100 tempore',
710 1062 745 1089 ut
768 1059 899 1100 singulis
924 1058 1101 1099 quibusque
1125 1057 1324 1099 temporibus
1347 1057 1419 1088 anni
1443 1056 1647 1087 humiliemus
1664 1058 1803 1087 animam
1827 1057 1859 1087 in

208 1109 339 1139 ieiunio.
385 1109 484 1140 Primi
509 1110 639 1151 itaqueh
661 1111 779 1141 mensis
806 1111 958 1141 ieiunium
982 1109 1138 1140 Dominus
1160 1109 1191 1139 in
1225 1108 1341 1149 exodo,
1374 1109 1489 1149 quarti,
1522 1108 1648 1149 septimi
1682 1112 1714 1139 et
1745 1108 1861 1139 decimi
1876 1116 1903 1138 cf.
1914 1116 1956 1138 Ex.
1967 1119 2000 1139 12.

207 1159 360 1190 ieiunium
386 1171 444 1201 per
460 1161 649 1192 Zachariam
673 1161 863 1203 prophetam
890 1161 1044 1192 celebrari
1068 1161 1244 1202 praecepit,
1268 1163 1302 1191 ut
1319 1160 1372 1201 qui
1397 1160 1482 1190 omni
1505 1162 1651 1200 tempore
1676 1159 1715 1190 de
1739 1160 1859 1190 miseri-
1875 1167 1903 1188 cf.
1913 1167 2048 1193 Zach.s‚1⁹.

210 1211 319 1242 cordia
342 1212 539 1243 confidamus
562 1213 767 1254 paenitendo.
812 1212 904 1244 Haec
935 1213 993 1244 tibi
1024 1212 1063 1243 de
1090 1213 1208 1243 ieiunio
1237 1222 1340 1253 pauca
1371 1211 1487 1242 dixisse
1518 1211 1684 1251 sufficiant,
1715 1212 1860 1252 quamvis

207 1263 343 1304 plurima
368 1263 431 1295 dici
453 1268 584 1306 possent
608 1265 675 1295 eius
702 1265 865 1306 mysteria,
895 1274 978 1305 quae
1003 1274 1084 1294 nunc
1109 1274 1272 1304 exponere
1295 1274 1358 1294 non
1383 1266 1431 1294 est
1454 1263 1618 1304 temporis.
1657 1262 1728 1293 Hoc
1752 1266 1859 1294 tamen

207 1315 360 1345 ieiunium
384 1315 455 1347 Deo
480 1327 558 1357 prae
583 1316 699 1347 ceteris
727 1316 925 1357 acceptabile
957 1315 1092 1346 credito:
1117 1315 1275 1346 ‘Dissolve
1306 1315 1527 1356 colligationes
1556 1315 1741 1355 impietatis,
1772 1314 1859 1345 solve
1874 1320 1902 1342 Is·
1913 1322 1973 1345 θεώ.

207 1366 391 1397 fasciculosi
416 1367 634 1408 deprimentis,
661 1368 785 1398 dimitte
816 1378 882 1408 eOS,
907 1368 960 1408 qui
985 1366 1138 1398 confracti
1163 1370 1245 1407 sunt,
1270 1366 1387 1397 liberos
1411 1370 1444 1396 et
1463 1376 1556 1397 omne
1581 1376 1659 1397 onus
1676 1365 1859 1406 disrumpe.²

208 1417 302 1453 Quod
327 1418 376 1448 his
400 1418 621 1450 adornandum
645 1421 693 1449 est
716 1418 901 1449 monilibus:
925 1418 1062 1459 ‘Frange
1080 1419 1229 1449 esurienti
1254 1428 1371 1458 panem
1393 1420 1481 1448 tuum
1506 1420 1538 1448 et
1560 1428 1680 1459 egenos
1696 1428 1859 1458 vagosque
1875 1423 1903 1442 15-
1915 1423 1975 1447 ⁵³⁷⁷-

206 1469 301 1499 induc
329 1469 362 1500 in
386 1469 515 1501 domum
546 1470 655 1502 tuam.³
701 1469 771 1500 Has
802 1470 883 1500 scias
906 1469 978 1500 Deo
1003 1469 1219 1510 acceptabiles
1242 1468 1421 1509 lampades,
1446 1469 1560 1509 quibus
1588 1469 1741 1499 ieiunium
1766 1468 1860 1500 ador-

206 1519 368 1551 nandumk
392 1524 440 1552 est
463 1521 590 1560 cotidie,
614 1524 650 1552 ut
673 1521 744 1552 Deo
768 1521 808 1551 sit
831 1521 994 1561 placitum.

314 1571 551 1603 Methodiumll
574 1582 713 1613 namque
736 1572 950 1613 superstitioni
975 1582 1038 1602 non
1062 1571 1287 1611 aedificationi,
1316 1572 1512 1603 contentioni
1534 1582 1597 1602 non
1619 1572 1690 1612 paci
1714 1571 1859 1602 insisten-

205 1623 292 1654 tem2
309 1623 476 1654 audientes
492 1624 663 1664 plurimum
680 1624 787 1654 mirati
814 1628 963 1660 sumusm3
989 1626 1022 1654 et
1045 1623 1071 1653 si
1087 1623 1132 1654 ita
1150 1626 1207 1663 est,
1223 1626 1281 1654 ut¹¹
1297 1622 1486 1663 audivimus,
1511 1623 1769 1664 superstitionem
1794 1623 1861 1654 eius

205 1675 332 1715 penitus
356 1674 552 1706 abdicamus.
587 1675 770 1706 Anathema
786 1685 862 1706 vero
880 1685 937 1716 pro
954 1675 1189 1705 contemnenda
1206 1674 1365 1706 catholica
1388 1675 1451 1705 fide
1470 1675 1523 1716 qui
1545 1674 1661 1705 indixit
1670 1675 1691 1714 ³,
1715 1676 1747 1706 in
1764 1678 1861 1716 caput

208 1725 423 1756 redundabit⁰
447 1727 524 1757 eius.
569 1726 617 1757 Tu
647 1729 754 1757 autem
786 1729 818 1757 et
847 1726 984 1767 populus
1013 1729 1084 1756 tuus
1115 1727 1214 1757 sancti
1246 1726 1379 1767 Spiritus
1412 1727 1529 1758 iudicio
1560 1726 1647 1757 eritis
1676 1727 1806 1765 innoxii,
1837 1727 1863 1757 si

207 1780 315 1808 tamen
337 1777 446 1816 fidem,
471 1788 566 1820 quam
582 1778 731 1809 Romana
754 1777 922 1819 praedicat
946 1777 1092 1817 ecclesia,
1116 1779 1306 1809 tenueritisp
1330 1777 1566 1809 inviolabiliter.
1601 1777 1739 1809 Divina4
1754 1781 1862 1809 autem

208 1828 314 1859 officia
337 1832 370 1860 et
393 1839 484 1860 sacra
506 1829 660 1871 mysteria
683 1841 720 1861 ae
743 1831 911 1860 missarum
929 1830 1110 1869 sollemnia,
1133 1840 1216 1870 quae
1240 1830 1327 1861 idem
1343 1829 1527 1860 Methodius
1545 1828 1730 1860 Sclavorum
1754 1829 1863 1871 lingua

208 1880 372 1911 celebrare
396 1882 620 1923 praesumpsit,
641 1881 749 1922 (quod,
773 1891 812 1911 ne
836 1880 969 1911 ulterius
994 1881 1126 1921 faceret,
1150 1891 1246 1922 super
1262 1881 1509 1912 sacratissimum
1534 1880 1621 1912 beati
1637 1881 1726 1911 Petri
1745 1891 1860 1922 corpus

206 1931 385 1963 iuramento
416 1932 631 1972 firmaverat5,
656 1933 703 1963 sui
732 1932 882 1973 periuriiq
906 1935 1031 1963 reatum
1062 1932 1371 1973 perhorrescentesr>
1403 1932 1489 1963 nullo
1519 1932 1616 1963 modo
1647 1932 1816 1973 deincepss
1841 1943 1860 1964 a

210 1983 354 2023 quolibet
383 1987 616 2024 praesumatur.
666 1983 729 2014 Dei
759 1993 898 2024 namque
928 1986 1100 2024 nostraque
1132 1984 1309 2025 apostolica
1339 1984 1530 2015 auctoritate
1561 1984 1618 2015 sub
1648 1984 1862 2014 anathematis

208 2034 334 2065 vinculo
358 2034 587 2073 interdicimus,
612 2038 748 2075 excepto
767 2034 852 2075 quod
875 2034 917 2065 ad
941 2034 1093 2075 simplicis
1117 2035 1229 2076 populi
1253 2039 1285 2066 et
1308 2046 1371 2066 non
1394 2035 1639 2077 intelligentisffl
1663 2035 1860 2066 aedificatio-

209 2095 282 2116 nem
306 2087 429 2126 attinet,
454 2087 479 2116 si
504 2087 663 2127 evangelii
687 2086 737 2117 vel
766 2086 904 2127 apostoli
928 2087 1086 2126 expositio
1111 2087 1152 2117 ab
1182 2087 1315 2117 eruditis
1346 2087 1459 2118 eadem
1488 2087 1597 2128 lingua
1625 2087 1860 2126 annuntietur-¹¹,

312 2259 336 2291 ²¹)
355 2260 486 2284 ascrcioue
507 2258 534 2284 C.
616 2258 641 2290 b)
662 2263 717 2284 tent
736 2259 764 2283 Ο.
847 2259 869 2290 c)
889 2259 1047 2291 quiesentem
1069 2258 1097 2284 C.
1184 2257 1208 2290 d)
1228 2260 1352 2284 adventus
1368 2259 1394 2284 C.
1487 2259 1508 2291 Β)
1527 2264 1636 2292 spernet,
1656 2268 1671 2284 a
1689 2268 1818 2291 suprascr.
1833 2258 1860 2283 C.

207 2301 227 2333 f)
249 2303 374 2334 quicquro
395 2302 421 2327 C.
505 2301 529 2333 8)
548 2310 580 2326 ne
601 2300 629 2326 Ο.
713 2300 737 2331 h)
758 2306 834 2333 taque
855 2301 881 2327 O.
964 2300 983 2333 i)
1003 2301 1114 2326 saseulos
1134 2301 1160 2326 O.
1244 2300 1270 2333 k)
1289 2303 1459 2327 adomandum
1480 2303 1506 2327 Ο.
1588 2300 1606 2331 1)
1625 2303 1812 2333 †Methodium
1834 2301 1859 2326 O.

208 2345 241 2377 1⁰)
260 2346 403 2370 mirabilem
425 2344 452 2370 G.
513 2344 538 2376 n)
558 2353 606 2370 om.
623 2345 648 2369 0.
713 2344 737 2375 0)
756 2345 911 2369 'renundabit
927 2344 953 2369 C.
1015 2343 1041 2375 P)
1059 2348 1195 2370 tenuentes
1216 2343 1242 2370 O.
1306 2345 1330 2377 q)
1350 2354 1397 2377 sup
1416 2346 1474 2370 iurii
1495 2345 1521 2370 O.
1583 2344 1604 2376 ¹)
1623 2346 1818 2377 phorpescentes
1834 2343 1860 2369 C'.

208 2388 229 2420 s)
249 2389 352 2420 dinceps
373 2388 399 2412 0.
470 2386 490 2418 t)
509 2397 576 2413 corr.
591 2395 621 2412 ew
638 2387 811 2420 intelligentes
826 2388 853 2412 C.
925 2388 950 2419 ιι)
969 2386 1085 2413 annuce't'¹
1106 2387 1132 2413 C.

313 2493 337 2525 1)
357 2492 594 2526 Archiepiscopum
618 2492 819 2526 Pannonicum,
846 2496 979 2519 mortuum
1004 2494 1158 2527 3851April.
1179 2498 1202 2520 6.
1308 2494 1334 2528 2)
1353 2495 1430 2520 Haec
1454 2494 1484 2520 dc
1507 2497 1613 2521 mortuo
1632 2493 1767 2520 Methodio
1789 2492 1861 2518 dicta

207 2544 259 2563 esse
277 2535 464 2561 denumstravit
483 2536 622 2561 Martinov
636 2535 729 2561 ‘Saint
748 2536 878 2568 Me'thocle,
906 2536 999 2569 apdtre
1022 2536 1065 2562 des
1082 2536 1174 2563 slaves
1198 2539 1220 2563 et
1245 2538 1281 2563 les
1300 2538 1385 2564 lettres
1409 2537 1453 2564 des
1471 2537 1632 2564 Souverains
1654 2536 1777 2569 Pontifes
1800 2544 1859 2561 con-

208 2579 306 2605 serrefes
323 2587 361 2604 ctu
381 2578 487 2604 Britfish
506 2578 637 2604 Mzoeeum’
653 2579 684 2604 im
696 2578 795 2604 ‘Rem-ue
814 2578 858 2605 des
877 2579 1009 2612 questions
1027 2579 1193 2613 ln'storiques’
1207 2580 1348 2607 XXVIII
1358 2581 1455 2614 (1880),
1467 2584 1517 2607 389
1524 2589 1561 2613 sq.
1647 2581 1673 2613 3)
1691 2579 1860 2611 Wickinyum

212 2625 235 2648 et
254 2621 454 2655 Svenlopolcum
473 2630 490 2647 a
508 2621 646 2647 Methodio
664 2621 902 2647 eaecommunicatos
925 2630 976 2648 esse
993 2623 1022 2647 m
1039 2622 1162 2656 Leyenda
1174 2623 1316 2650 Morarica
1336 2632 1355 2650 c.
1366 2628 1401 2655 11,
1421 2623 1458 2650 ed.
1471 2623 1563 2649 Gtmel
1581 2623 1597 2649 l.
1611 2624 1627 2650 l.
1644 2626 1715 2655 1117
1730 2621 1863 2651 traditur,-

210 2666 245 2699 cf.
258 2665 336 2690 etiam
355 2664 442 2690 Vitam
467 2672 486 2690 s.
503 2664 643 2690 Clementis
665 2672 686 2691 c.
702 2668 723 2697 7,
747 2664 785 2691 ed.
803 2664 896 2691 Gimel
917 2668 1001 2698 1240.
1125 2666 1151 2698 4)
1178 2666 1216 2698 Cf.
1231 2675 1316 2699 supra
1337 2674 1367 2700 p.
1381 2669 1428 2693 353
1452 2667 1572 2699 l.13sqq.
1695 2665 1721 2697 5)
1747 2664 1787 2695 Cf.
1807 2663 1860 2689 La-

208 2707 289 2740 potre,
315 2707 473 2741 ‘L'Europe
501 2710 523 2734 ct
552 2707 573 2733 Ic
597 2706 775 2741 Saint-Sicye
802 2707 820 2733 ὰ
846 2707 960 2741 l'cpoque
987 2708 1199 2743 Carolinyie‘nne.
1242 2710 1265 2736 I.
1290 2709 1329 2735 Le
1350 2718 1424 2743 pape
1448 2710 1513 2735 Iean
1536 2707 1622 2735 VIII’
1645 2708 1734 2741 (1895)
1756 2715 1785 2740 p.
1806 2710 1860 2732 142.

210 2751 235 2783 6)
258 2750 298 2782 Cf.
312 2758 395 2783 supra
409 2759 438 2783 p.
452 2754 500 2776 *224
519 2751 534 2776 l.
550 2755 585 2777 11.
