<?xml version="1.0" encoding="UTF-8"?>
<!DOCTYPE html PUBLIC "-//W3C//DTD XHTML 1.0 Transitional//EN"
    "http://www.w3.org/TR/xhtml1/DTD/xhtml1-transitional.dtd">
<html xmlns="http://www.w3.org/1999/xhtml" xml:lang="en" lang="en">
 <head>
  <title>
</title>
<meta http-equiv="Content-Type" content="text/html;charset=utf-8" />
  <meta name='ocr-system' content='tesseract 3.04.00' />
  <meta name='ocr-capabilities' content='ocr_page ocr_carea ocr_par ocr_line ocrx_word'/>
</head>
<body>
  <div class='ocr_page' id='page_1' title='image "./monumentagerman07geseuoft_0217.png"; bbox 0 0 2189 3042; ppageno 0'>
   <div class='ocr_carea' id='block_1_1' title="bbox 190 727 214 746">
    <p class='ocr_par' dir='ltr' id='par_1_1' title="bbox 190 727 214 746">
     <span class='ocr_line' id='line_1_1' title="bbox 190 727 214 746; baseline 0 0"><span class='ocrx_word' id='word_1_1' title='bbox 190 727 214 746; x_wconf 83' lang='lat'><em>10</em></span> 
     </span>
    </p>
   </div>
   <div class='ocr_carea' id='block_1_2' title="bbox 188 979 212 998">
    <p class='ocr_par' dir='ltr' id='par_1_2' title="bbox 188 979 212 998">
     <span class='ocr_line' id='line_1_2' title="bbox 188 979 212 998; baseline 0 0"><span class='ocrx_word' id='word_1_2' title='bbox 188 979 212 998; x_wconf 82' lang='lat'><em>15</em></span> 
     </span>
    </p>
   </div>
   <div class='ocr_carea' id='block_1_3' title="bbox 187 1235 211 1254">
    <p class='ocr_par' dir='ltr' id='par_1_3' title="bbox 187 1235 211 1254">
     <span class='ocr_line' id='line_1_3' title="bbox 187 1235 211 1254; baseline 0 0"><span class='ocrx_word' id='word_1_3' title='bbox 187 1235 211 1254; x_wconf 87' lang='grc'><em>20</em></span> 
     </span>
    </p>
   </div>
   <div class='ocr_carea' id='block_1_4' title="bbox 51 1395 214 1420">
    <p class='ocr_par' dir='ltr' id='par_1_4' title="bbox 51 1395 214 1420">
     <span class='ocr_line' id='line_1_4' title="bbox 51 1395 214 1420; baseline -0.012 -3"><span class='ocrx_word' id='word_1_4' title='bbox 51 1395 214 1420; x_wconf 77' lang='lat' dir='ltr'>1.R0g.15,23.</span> 
     </span>
    </p>
   </div>
   <div class='ocr_carea' id='block_1_5' title="bbox 187 1500 211 1520">
    <p class='ocr_par' dir='ltr' id='par_1_5' title="bbox 187 1500 211 1520">
     <span class='ocr_line' id='line_1_5' title="bbox 187 1500 211 1520; baseline 0.042 -1"><span class='ocrx_word' id='word_1_5' title='bbox 187 1500 211 1520; x_wconf 81' lang='lat'><em>25</em></span> 
     </span>
    </p>
   </div>
   <div class='ocr_carea' id='block_1_6' title="bbox 186 1760 211 1779">
    <p class='ocr_par' dir='ltr' id='par_1_6' title="bbox 186 1760 211 1779">
     <span class='ocr_line' id='line_1_6' title="bbox 186 1760 211 1779; baseline -0.04 0"><span class='ocrx_word' id='word_1_6' title='bbox 186 1760 211 1779; x_wconf 90' lang='grc'><em>30</em></span> 
     </span>
    </p>
   </div>
   <div class='ocr_carea' id='block_1_7' title="bbox 187 2014 212 2034">
    <p class='ocr_par' dir='ltr' id='par_1_7' title="bbox 187 2014 212 2034">
     <span class='ocr_line' id='line_1_7' title="bbox 187 2014 212 2034; baseline 0 0"><span class='ocrx_word' id='word_1_7' title='bbox 187 2014 212 2034; x_wconf 85' lang='grc'><em>35</em></span> 
     </span>
    </p>
   </div>
   <div class='ocr_carea' id='block_1_8' title="bbox 186 2278 212 2297">
    <p class='ocr_par' dir='ltr' id='par_1_8' title="bbox 186 2278 212 2297">
     <span class='ocr_line' id='line_1_8' title="bbox 186 2278 212 2297; baseline -0.038 0"><span class='ocrx_word' id='word_1_8' title='bbox 186 2278 212 2297; x_wconf 79' lang='grc'><em>40</em></span> 
     </span>
    </p>
   </div>
   <div class='ocr_carea' id='block_1_9' title="bbox 186 2533 211 2551">
    <p class='ocr_par' dir='ltr' id='par_1_9' title="bbox 186 2533 211 2551">
     <span class='ocr_line' id='line_1_9' title="bbox 186 2533 211 2551; baseline 0 0"><span class='ocrx_word' id='word_1_9' title='bbox 186 2533 211 2551; x_wconf 70' lang='grc'><em>45</em></span> 
     </span>
    </p>
   </div>
   <div class='ocr_carea' id='block_1_10' title="bbox 715 169 1406 197">
    <p class='ocr_par' dir='ltr' id='par_1_10' title="bbox 715 169 1406 197">
     <span class='ocr_line' id='line_1_10' title="bbox 715 169 1406 197; baseline 0.001 -1"><span class='ocrx_word' id='word_1_10' title='bbox 715 169 894 197; x_wconf 85' lang='lat' dir='ltr'>IOHANNIS</span> <span class='ocrx_word' id='word_1_11' title='bbox 913 169 987 196; x_wconf 84' lang='lat' dir='ltr'>VIII.</span> <span class='ocrx_word' id='word_1_12' title='bbox 1007 169 1125 196; x_wconf 85' lang='lat' dir='ltr'>PAPAE</span> <span class='ocrx_word' id='word_1_13' title='bbox 1149 170 1325 197; x_wconf 85' lang='lat' dir='ltr'>EPISTOLA</span> <span class='ocrx_word' id='word_1_14' title='bbox 1347 170 1406 197; x_wconf 83' lang='lat'>209.</span> 
     </span>
    </p>
   </div>
   <div class='ocr_carea' id='block_1_11' title="bbox 228 1385 1031 2241">
    <p class='ocr_par' dir='ltr' id='par_1_11' title="bbox 228 1385 1031 2241">
     <span class='ocr_line' id='line_1_11' title="bbox 231 1385 1027 1430; baseline -0.004 -11"><span class='ocrx_word' id='word_1_15' title='bbox 231 1389 314 1430; x_wconf 78' lang='lat' dir='ltr'>quia,</span> <span class='ocrx_word' id='word_1_16' title='bbox 339 1387 533 1419; x_wconf 80' lang='lat' dir='ltr'><em>Salomone1</em></span> <span class='ocrx_word' id='word_1_17' title='bbox 557 1389 706 1427; x_wconf 83' lang='lat' dir='ltr'>testante,</span> <span class='ocrx_word' id='word_1_18' title='bbox 733 1385 835 1427; x_wconf 82' lang='lat' dir='ltr'>‘quasi</span> <span class='ocrx_word' id='word_1_19' title='bbox 859 1388 1027 1427; x_wconf 88' lang='lat' dir='ltr'>peccatum</span> 
     </span>
     <span class='ocr_line' id='line_1_12' title="bbox 229 1438 1028 1480; baseline -0.003 -10"><span class='ocrx_word' id='word_1_20' title='bbox 229 1438 408 1470; x_wconf 77' lang='lat' dir='ltr'>hariolandi</span> <span class='ocrx_word' id='word_1_21' title='bbox 446 1442 494 1470; x_wconf 80' lang='lat' dir='ltr'><em>est</em></span> <span class='ocrx_word' id='word_1_22' title='bbox 527 1448 708 1480; x_wconf 84' lang='lat' dir='ltr'>repugnare</span> <span class='ocrx_word' id='word_1_23' title='bbox 743 1441 776 1469; x_wconf 86' lang='lat' dir='ltr'><em>et</em></span> <span class='ocrx_word' id='word_1_24' title='bbox 809 1438 890 1468; x_wconf 82' lang='lat' dir='ltr'>sicut</span> <span class='ocrx_word' id='word_1_25' title='bbox 926 1448 1028 1479; x_wconf 81' lang='lat' dir='ltr'>genus</span> 
     </span>
     <span class='ocr_line' id='line_1_13' title="bbox 230 1489 1028 1531; baseline -0.001 -10"><span class='ocrx_word' id='word_1_26' title='bbox 230 1490 411 1530; x_wconf 69' lang='lat' dir='ltr'>idololatrie</span> <span class='ocrx_word' id='word_1_27' title='bbox 428 1491 513 1522; x_wconf 86' lang='lat' dir='ltr'>nolle</span> <span class='ocrx_word' id='word_1_28' title='bbox 530 1489 758 1531; x_wconf 75' lang='lat' dir='ltr'>acquiescere&#39;.</span> <span class='ocrx_word' id='word_1_29' title='bbox 787 1489 910 1520; x_wconf 89' lang='lat' dir='ltr'>Verum</span> <span class='ocrx_word' id='word_1_30' title='bbox 932 1500 1028 1530; x_wconf 80' lang='lat' dir='ltr'>super</span> 
     </span>
     <span class='ocr_line' id='line_1_14' title="bbox 228 1541 1028 1583; baseline -0.001 -10"><span class='ocrx_word' id='word_1_31' title='bbox 228 1543 414 1583; x_wconf 78' lang='lat' dir='ltr'>receptione</span> <span class='ocrx_word' id='word_1_32' title='bbox 430 1542 553 1583; x_wconf 74' lang='lat' dir='ltr'>private</span> <span class='ocrx_word' id='word_1_33' title='bbox 570 1541 656 1572; x_wconf 79' lang='lat' dir='ltr'>sedis</span> <span class='ocrx_word' id='word_1_34' title='bbox 672 1552 729 1572; x_wconf 84' lang='lat' dir='ltr'><em>nos</em></span> <span class='ocrx_word' id='word_1_35' title='bbox 746 1541 915 1572; x_wconf 85' lang='lat' dir='ltr'>debuimus</span> <span class='ocrx_word' id='word_1_36' title='bbox 931 1544 1028 1572; x_wconf 81' lang='lat' dir='ltr'>antea</span> 
     </span>
     <span class='ocr_line' id='line_1_15' title="bbox 233 1592 1030 1634; baseline -0.001 -10"><span class='ocrx_word' id='word_1_37' title='bbox 233 1593 364 1624; x_wconf 79' lang='lat' dir='ltr'>consuli.</span> <span class='ocrx_word' id='word_1_38' title='bbox 421 1592 543 1624; x_wconf 85' lang='lat' dir='ltr'>Tamen</span> <span class='ocrx_word' id='word_1_39' title='bbox 578 1593 653 1634; x_wconf 85' lang='lat' dir='ltr'>quia</span> <span class='ocrx_word' id='word_1_40' title='bbox 688 1593 828 1624; x_wconf 84' lang='lat' dir='ltr'>obeunte</span> <span class='ocrx_word' id='word_1_41' title='bbox 863 1592 962 1623; x_wconf 84' lang='lat' dir='ltr'>fratre</span> <span class='ocrx_word' id='word_1_42' title='bbox 998 1596 1030 1623; x_wconf 82' lang='lat' dir='ltr'><em>et</em></span> 
     </span>
     <span class='ocr_line' id='line_1_16' title="bbox 231 1644 1029 1686; baseline -0.003 -10"><span class='ocrx_word' id='word_1_43' title='bbox 231 1645 423 1686; x_wconf 81' lang='lat' dir='ltr'>coepiscopo</span> <span class='ocrx_word' id='word_1_44' title='bbox 457 1647 564 1675; x_wconf 84' lang='lat' dir='ltr'>nostro</span> <span class='ocrx_word' id='word_1_45' title='bbox 591 1644 717 1685; x_wconf 83' lang='lat' dir='ltr'>Ignatio</span> <span class='ocrx_word' id='word_1_46' title='bbox 749 1647 780 1675; x_wconf 87' lang='lat' dir='ltr'><em>te</em></span> <span class='ocrx_word' id='word_1_47' title='bbox 804 1644 1029 1675; x_wconf 80' lang='lat' dir='ltr'>Constantino-</span> 
     </span>
     <span class='ocr_line' id='line_1_17' title="bbox 228 1695 1030 1737; baseline -0.001 -10"><span class='ocrx_word' id='word_1_48' title='bbox 228 1697 371 1737; x_wconf 86' lang='lat' dir='ltr'>politano</span> <span class='ocrx_word' id='word_1_49' title='bbox 386 1696 499 1727; x_wconf 82' lang='lat' dir='ltr'>throno</span> <span class='ocrx_word' id='word_1_50' title='bbox 516 1695 682 1737; x_wconf 68' lang='lat' dir='ltr'>presidere</span> <span class='ocrx_word' id='word_1_51' title='bbox 699 1695 888 1736; x_wconf 80' lang='lat' dir='ltr'>audivimus,</span> <span class='ocrx_word' id='word_1_52' title='bbox 905 1698 1030 1726; x_wconf 85' lang='lat' dir='ltr'>tantum</span> 
     </span>
     <span class='ocr_line' id='line_1_18' title="bbox 230 1746 1029 1789; baseline -0.001 -11"><span class='ocrx_word' id='word_1_53' title='bbox 230 1750 266 1778; x_wconf 89' lang='lat' dir='ltr'>ut</span> <span class='ocrx_word' id='word_1_54' title='bbox 288 1758 353 1789; x_wconf 80' lang='lat' dir='ltr'><em>pax</em></span> <span class='ocrx_word' id='word_1_55' title='bbox 376 1750 533 1788; x_wconf 81' lang='lat' dir='ltr'>augeatur</span> <span class='ocrx_word' id='word_1_56' title='bbox 561 1750 593 1778; x_wconf 84' lang='lat' dir='ltr'><em>et</em></span> <span class='ocrx_word' id='word_1_57' title='bbox 619 1748 722 1788; x_wconf 88' lang='lat' dir='ltr'>iurgia</span> <span class='ocrx_word' id='word_1_58' title='bbox 753 1749 891 1785; x_wconf 84' lang='lat' dir='ltr'>cessent,</span> <span class='ocrx_word' id='word_1_59' title='bbox 922 1746 1029 1777; x_wconf 89' lang='lat' dir='ltr'>multi-</span> 
     </span>
     <span class='ocr_line' id='line_1_19' title="bbox 228 1798 1029 1840; baseline -0.001 -10"><span class='ocrx_word' id='word_1_60' title='bbox 228 1799 341 1830; x_wconf 82' lang='lat' dir='ltr'>modas</span> <span class='ocrx_word' id='word_1_61' title='bbox 375 1798 446 1830; x_wconf 88' lang='lat' dir='ltr'>Deo</span> <span class='ocrx_word' id='word_1_62' title='bbox 485 1799 606 1840; x_wconf 81' lang='lat' dir='ltr'>gratias</span> <span class='ocrx_word' id='word_1_63' title='bbox 643 1799 777 1839; x_wconf 80' lang='lat' dir='ltr'>agimus.</span> <span class='ocrx_word' id='word_1_64' title='bbox 834 1798 883 1829; x_wconf 88' lang='lat' dir='ltr'><em>Tu</em></span> <span class='ocrx_word' id='word_1_65' title='bbox 921 1801 1029 1829; x_wconf 78' lang='lat' dir='ltr'>autem</span> 
     </span>
     <span class='ocr_line' id='line_1_20' title="bbox 230 1849 1031 1890; baseline -0.002 -9"><span class='ocrx_word' id='word_1_66' title='bbox 230 1851 370 1881; x_wconf 88' lang='lat' dir='ltr'>omnium</span> <span class='ocrx_word' id='word_1_67' title='bbox 400 1853 524 1881; x_wconf 81' lang='lat' dir='ltr'>mentes</span> <span class='ocrx_word' id='word_1_68' title='bbox 553 1850 739 1881; x_wconf 85' lang='lat' dir='ltr'>demulcens</span> <span class='ocrx_word' id='word_1_69' title='bbox 769 1860 881 1881; x_wconf 84' lang='lat' dir='ltr'>omnes</span> <span class='ocrx_word' id='word_1_70' title='bbox 913 1849 1031 1890; x_wconf 81' lang='lat' dir='ltr'>patulis</span> 
     </span>
     <span class='ocr_line' id='line_1_21' title="bbox 228 1901 1027 1943; baseline -0.003 -11"><span class='ocrx_word' id='word_1_71' title='bbox 228 1901 311 1932; x_wconf 80' lang='lat' dir='ltr'>ulnis</span> <span class='ocrx_word' id='word_1_72' title='bbox 334 1902 545 1943; x_wconf 80' lang='lat' dir='ltr'>amplectere,</span> <span class='ocrx_word' id='word_1_73' title='bbox 572 1912 683 1933; x_wconf 82' lang='lat' dir='ltr'>omnes</span> <span class='ocrx_word' id='word_1_74' title='bbox 707 1901 870 1943; x_wconf 82' lang='lat' dir='ltr'>dispersos</span> <span class='ocrx_word' id='word_1_75' title='bbox 894 1910 1027 1941; x_wconf 84' lang='lat' dir='ltr'>congre-</span> 
     </span>
     <span class='ocr_line' id='line_1_22' title="bbox 229 1952 1028 1994; baseline -0.003 -10"><span class='ocrx_word' id='word_1_76' title='bbox 229 1963 307 1994; x_wconf 86' lang='lat' dir='ltr'>gare</span> <span class='ocrx_word' id='word_1_77' title='bbox 330 1963 393 1984; x_wconf 90' lang='lat' dir='ltr'><em>non</em></span> <span class='ocrx_word' id='word_1_78' title='bbox 417 1953 543 1993; x_wconf 82' lang='lat' dir='ltr'>desine,</span> <span class='ocrx_word' id='word_1_79' title='bbox 576 1964 687 1984; x_wconf 83' lang='lat' dir='ltr'>omnes</span> <span class='ocrx_word' id='word_1_80' title='bbox 711 1953 863 1994; x_wconf 82' lang='lat' dir='ltr'>colligere</span> <span class='ocrx_word' id='word_1_81' title='bbox 893 1952 1028 1983; x_wconf 82' lang='lat' dir='ltr'>sollicite</span> 
     </span>
     <span class='ocr_line' id='line_1_23' title="bbox 232 2003 1029 2046; baseline -0.001 -12"><span class='ocrx_word' id='word_1_82' title='bbox 232 2004 336 2044; x_wconf 83' lang='lat' dir='ltr'>stude,</span> <span class='ocrx_word' id='word_1_83' title='bbox 354 2005 437 2046; x_wconf 84' lang='lat' dir='ltr'>quia,</span> <span class='ocrx_word' id='word_1_84' title='bbox 455 2005 537 2035; x_wconf 80' lang='lat' dir='ltr'>siout</span> <span class='ocrx_word' id='word_1_85' title='bbox 552 2007 679 2035; x_wconf 81' lang='lat' dir='ltr'>sanctus</span> <span class='ocrx_word' id='word_1_86' title='bbox 696 2014 781 2046; x_wconf 88' lang='lat' dir='ltr'>papa</span> <span class='ocrx_word' id='word_1_87' title='bbox 793 2005 861 2035; x_wconf 91' lang='lat' dir='ltr'>Leo</span> <span class='ocrx_word' id='word_1_88' title='bbox 872 2003 1029 2045; x_wconf 78' lang='lat' dir='ltr'>Magnus2</span> 
     </span>
     <span class='ocr_line' id='line_1_24' title="bbox 229 2056 1029 2097; baseline 0 -11"><span class='ocrx_word' id='word_1_89' title='bbox 229 2056 355 2096; x_wconf 75' lang='lat' dir='ltr'>scribit,</span> <span class='ocrx_word' id='word_1_90' title='bbox 383 2060 456 2087; x_wconf 85' lang='lat' dir='ltr'>sedis</span> <span class='ocrx_word' id='word_1_91' title='bbox 480 2060 650 2096; x_wconf 68' lang='lat' dir='ltr'>apostolice,</span> <span class='ocrx_word' id='word_1_92' title='bbox 680 2057 841 2097; x_wconf 79' lang='lat' dir='ltr'>inquiens,</span> <span class='ocrx_word' id='word_1_93' title='bbox 872 2059 1029 2087; x_wconf 75' lang='lat' dir='ltr'>moderatio</span> 
     </span>
     <span class='ocr_line' id='line_1_25' title="bbox 230 2111 1031 2148; baseline 0 -11"><span class='ocrx_word' id='word_1_94' title='bbox 230 2111 304 2138; x_wconf 85' lang='lat' dir='ltr'>hanc</span> <span class='ocrx_word' id='word_1_95' title='bbox 327 2111 546 2146; x_wconf 79' lang='lat' dir='ltr'>temperantiam</span> <span class='ocrx_word' id='word_1_96' title='bbox 571 2114 677 2144; x_wconf 80' lang='lat' dir='ltr'>servat,</span> <span class='ocrx_word' id='word_1_97' title='bbox 706 2114 738 2138; x_wconf 84' lang='lat' dir='ltr'>ut</span> <span class='ocrx_word' id='word_1_98' title='bbox 761 2113 790 2138; x_wconf 86' lang='lat' dir='ltr'><em>et</em></span> <span class='ocrx_word' id='word_1_99' title='bbox 814 2111 939 2148; x_wconf 66' lang='lat' dir='ltr'>severius</span> <span class='ocrx_word' id='word_1_100' title='bbox 962 2113 1031 2146; x_wconf 77' lang='lat' dir='ltr'>agat</span> 
     </span>
     <span class='ocr_line' id='line_1_26' title="bbox 229 2163 1028 2199; baseline 0.001 -10"><span class='ocrx_word' id='word_1_101' title='bbox 229 2171 292 2189; x_wconf 90' lang='lat' dir='ltr'>cum</span> <span class='ocrx_word' id='word_1_102' title='bbox 321 2163 467 2190; x_wconf 81' lang='lat' dir='ltr'>obduratis</span> <span class='ocrx_word' id='word_1_103' title='bbox 495 2165 524 2190; x_wconf 86' lang='lat' dir='ltr'><em>et</em></span> <span class='ocrx_word' id='word_1_104' title='bbox 553 2163 663 2190; x_wconf 82' lang='lat' dir='ltr'>veniam</span> <span class='ocrx_word' id='word_1_105' title='bbox 693 2163 789 2198; x_wconf 84' lang='lat' dir='ltr'>cupiat</span> <span class='ocrx_word' id='word_1_106' title='bbox 816 2164 943 2199; x_wconf 71' lang='lat' dir='ltr'>prestare</span> <span class='ocrx_word' id='word_1_107' title='bbox 971 2172 1028 2190; x_wconf 90' lang='lat' dir='ltr'>cor-</span> 
     </span>
     <span class='ocr_line' id='line_1_27' title="bbox 229 2215 322 2241; baseline -0.011 0"><span class='ocrx_word' id='word_1_108' title='bbox 229 2215 322 2241; x_wconf 82' lang='lat' dir='ltr'>rectis.</span> 
     </span>
    </p>
   </div>
   <div class='ocr_carea' id='block_1_12' title="bbox 1823 173 1882 204">
    <p class='ocr_par' dir='ltr' id='par_1_12' title="bbox 1823 173 1882 204">
     <span class='ocr_line' id='line_1_28' title="bbox 1823 173 1882 204; baseline 0.034 -2"><span class='ocrx_word' id='word_1_109' title='bbox 1823 173 1882 204; x_wconf 81' lang='lat'><em>183</em></span> 
     </span>
    </p>
   </div>
   <div class='ocr_carea' id='block_1_13' title="bbox 1079 257 1883 1374">
    <p class='ocr_par' dir='ltr' id='par_1_13' title="bbox 1079 257 1883 1374">
     <span class='ocr_line' id='line_1_29' title="bbox 1083 257 1883 298; baseline 0.001 -11"><span class='ocrx_word' id='word_1_110' title='bbox 1083 257 1189 292; x_wconf 78' lang='grc' dir='ltr'><em>αὐτοῖς</em></span> <span class='ocrx_word' id='word_1_111' title='bbox 1219 258 1352 298; x_wconf 73' lang='grc' dir='ltr'><em>εὑρέθη,</em></span> <span class='ocrx_word' id='word_1_112' title='bbox 1388 257 1463 289; x_wconf 76' lang='grc' dir='ltr'><em>οὐδὲ</em></span> <span class='ocrx_word' id='word_1_113' title='bbox 1497 257 1600 298; x_wconf 83' lang='grc' dir='ltr'><em>λυπήν</em></span> <span class='ocrx_word' id='word_1_114' title='bbox 1629 269 1694 288; x_wconf 90' lang='grc' dir='ltr'><em>τινα</em></span> <span class='ocrx_word' id='word_1_115' title='bbox 1728 258 1814 298; x_wconf 80' lang='grc' dir='ltr'><em>εἶχον</em></span> <span class='ocrx_word' id='word_1_116' title='bbox 1844 259 1883 288; x_wconf 82' lang='grc' dir='ltr'><em>ἂν</em></span> 
     </span>
     <span class='ocr_line' id='line_1_30' title="bbox 1083 309 1883 350; baseline 0.001 -11"><span class='ocrx_word' id='word_1_117' title='bbox 1083 310 1274 350; x_wconf 79' lang='grc' dir='ltr'><em>προξενῆσαι</em></span> <span class='ocrx_word' id='word_1_118' title='bbox 1294 312 1330 350; x_wconf 85' lang='grc' dir='ltr'><em>τῇ</em></span> <span class='ocrx_word' id='word_1_119' title='bbox 1345 309 1490 349; x_wconf 76' lang='grc' dir='ltr'><em>εὐλαβείᾳ</em></span> <span class='ocrx_word' id='word_1_120' title='bbox 1507 321 1575 344; x_wconf 83' lang='grc' dir='ltr'><em>σου,</em></span> <span class='ocrx_word' id='word_1_121' title='bbox 1599 309 1681 350; x_wconf 81' lang='grc' dir='ltr'><em>πλὴν</em></span> <span class='ocrx_word' id='word_1_122' title='bbox 1698 309 1773 340; x_wconf 77' lang='grc' dir='ltr'><em>οὐδὲ</em></span> <span class='ocrx_word' id='word_1_123' title='bbox 1792 310 1883 350; x_wconf 82' lang='grc' dir='ltr'><em>ἡμεῖς</em></span> 
     </span>
     <span class='ocr_line' id='line_1_31' title="bbox 1082 360 1881 401; baseline 0.001 -10"><span class='ocrx_word' id='word_1_124' title='bbox 1082 360 1386 401; x_wconf 80' lang='grc' dir='ltr'><em>πληροφορηθὲντες</em></span> <span class='ocrx_word' id='word_1_125' title='bbox 1407 360 1479 400; x_wconf 85' lang='grc' dir='ltr'><em>περὶ</em></span> <span class='ocrx_word' id='word_1_126' title='bbox 1502 363 1555 400; x_wconf 82' lang='grc' dir='ltr'><em>τῆς</em></span> <span class='ocrx_word' id='word_1_127' title='bbox 1578 363 1634 401; x_wconf 86' lang='grc' dir='ltr'><em>σῆς</em></span> <span class='ocrx_word' id='word_1_128' title='bbox 1659 361 1881 401; x_wconf 79' lang='grc' dir='ltr'><em>ἀδελφότητος,</em></span> 
     </span>
     <span class='ocr_line' id='line_1_32' title="bbox 1084 411 1881 452; baseline 0.001 -10"><span class='ocrx_word' id='word_1_129' title='bbox 1084 411 1129 442; x_wconf 89' lang='grc' dir='ltr'><em>ὅτι</em></span> <span class='ocrx_word' id='word_1_130' title='bbox 1152 412 1255 442; x_wconf 85' lang='grc' dir='ltr'><em>τέλεον</em></span> <span class='ocrx_word' id='word_1_131' title='bbox 1271 412 1289 442; x_wconf 86' lang='grc' dir='ltr'>ὁ</span> <span class='ocrx_word' id='word_1_132' title='bbox 1309 411 1386 446; x_wconf 86' lang='grc' dir='ltr'><em>θεὸς</em></span> <span class='ocrx_word' id='word_1_133' title='bbox 1408 412 1586 451; x_wconf 80' lang='grc' dir='ltr'><em>ὗπέστρεψέ</em></span> <span class='ocrx_word' id='word_1_134' title='bbox 1609 424 1643 442; x_wconf 89' lang='grc' dir='ltr'><em>σε</em></span> <span class='ocrx_word' id='word_1_135' title='bbox 1666 413 1709 446; x_wconf 84' lang='grc' dir='ltr'><em>εἷς</em></span> <span class='ocrx_word' id='word_1_136' title='bbox 1731 411 1785 443; x_wconf 87' lang='grc' dir='ltr'><em>τὸν</em></span> <span class='ocrx_word' id='word_1_137' title='bbox 1800 412 1881 452; x_wconf 85' lang='grc' dir='ltr'><em>θρό-</em></span> 
     </span>
     <span class='ocr_line' id='line_1_33' title="bbox 1083 463 1883 503; baseline 0.003 -11"><span class='ocrx_word' id='word_1_138' title='bbox 1083 474 1139 493; x_wconf 91' lang='grc' dir='ltr'><em>νον</em></span> <span class='ocrx_word' id='word_1_139' title='bbox 1162 475 1220 494; x_wconf 82' lang='grc' dir='ltr'><em>σου</em></span> <span class='ocrx_word' id='word_1_140' title='bbox 1249 463 1302 494; x_wconf 86' lang='grc' dir='ltr'><em>καὶ</em></span> <span class='ocrx_word' id='word_1_141' title='bbox 1332 463 1376 494; x_wconf 87' lang='grc' dir='ltr'><em>ὅτι</em></span> <span class='ocrx_word' id='word_1_142' title='bbox 1404 463 1560 503; x_wconf 81' lang='grc' dir='ltr'><em>ἀπέλαβες</em></span> <span class='ocrx_word' id='word_1_143' title='bbox 1587 463 1691 494; x_wconf 78' lang='grc' dir='ltr'><em>αὐτὸν.</em></span> <span class='ocrx_word' id='word_1_144' title='bbox 1731 463 1819 494; x_wconf 70' lang='grc' dir='ltr'><em>Ἐπεὶ</em></span> <span class='ocrx_word' id='word_1_145' title='bbox 1849 464 1883 494; x_wconf 84' lang='grc' dir='ltr'><em>ὂε</em></span> 
     </span>
     <span class='ocr_line' id='line_1_34' title="bbox 1083 514 1883 554; baseline 0.001 -10"><span class='ocrx_word' id='word_1_146' title='bbox 1083 514 1232 554; x_wconf 74' lang='grc' dir='ltr'><em>καθῆκον</em></span> <span class='ocrx_word' id='word_1_147' title='bbox 1272 517 1435 549; x_wconf 83' lang='grc' dir='ltr'><em>ποιοῦντες</em></span> <span class='ocrx_word' id='word_1_148' title='bbox 1477 515 1699 554; x_wconf 76' lang='grc' dir='ltr'><em>ἀπεστείλαμεν</em></span> <span class='ocrx_word' id='word_1_149' title='bbox 1741 516 1780 545; x_wconf 79' lang='grc' dir='ltr'><em>ἂν</em></span> <span class='ocrx_word' id='word_1_150' title='bbox 1817 515 1883 546; x_wconf 87' lang='grc' dir='ltr'><em>καὶ</em></span> 
     </span>
     <span class='ocr_line' id='line_1_35' title="bbox 1083 566 1883 606; baseline 0.001 -11"><span class='ocrx_word' id='word_1_151' title='bbox 1083 566 1432 605; x_wconf 82' lang='grc' dir='ltr'><em>παραμυθούμενοί</em></span> <span class='ocrx_word' id='word_1_152' title='bbox 1457 578 1495 596; x_wconf 89' lang='grc' dir='ltr'><em>σε</em></span> <span class='ocrx_word' id='word_1_153' title='bbox 1522 566 1585 596; x_wconf 86' lang='grc' dir='ltr'><em>καὶ</em></span> <span class='ocrx_word' id='word_1_154' title='bbox 1613 567 1883 606; x_wconf 85' lang='grc' dir='ltr'><em>συγχαίροντες</em></span> 
     </span>
     <span class='ocr_line' id='line_1_36' title="bbox 1083 616 1881 657; baseline 0.003 -11"><span class='ocrx_word' id='word_1_155' title='bbox 1083 617 1135 650; x_wconf 81' lang='grc' dir='ltr'><em>εἷς</em></span> <span class='ocrx_word' id='word_1_156' title='bbox 1157 616 1221 656; x_wconf 80' lang='grc' dir='ltr'><em>τὴν</em></span> <span class='ocrx_word' id='word_1_157' title='bbox 1237 617 1548 648; x_wconf 78' lang='grc' dir='ltr'><em>ἀποκατάστασιν</em></span> <span class='ocrx_word' id='word_1_158' title='bbox 1568 620 1631 648; x_wconf 90' lang='grc' dir='ltr'><em>τοῦ</em></span> <span class='ocrx_word' id='word_1_159' title='bbox 1653 618 1797 657; x_wconf 81' lang='grc' dir='ltr'><em>θρόνου</em></span> <span class='ocrx_word' id='word_1_160' title='bbox 1815 629 1881 648; x_wconf 84' lang='grc' dir='ltr'><em>σου</em></span> 
     </span>
     <span class='ocr_line' id='line_1_37' title="bbox 1083 667 1881 710; baseline 0.004 -13"><span class='ocrx_word' id='word_1_161' title='bbox 1083 667 1136 698; x_wconf 79' lang='grc' dir='ltr'><em>καὶ</em></span> <span class='ocrx_word' id='word_1_162' title='bbox 1164 669 1197 698; x_wconf 81' lang='grc' dir='ltr'><em>ἐν</em></span> <span class='ocrx_word' id='word_1_163' title='bbox 1219 669 1321 709; x_wconf 79' lang='grc' dir='ltr'><em>τούτῳ</em></span> <span class='ocrx_word' id='word_1_164' title='bbox 1344 669 1446 709; x_wconf 79' lang='grc' dir='ltr'><em>μηδὲν</em></span> <span class='ocrx_word' id='word_1_165' title='bbox 1470 669 1699 709; x_wconf 81' lang='grc' dir='ltr'><em>ἀγανακτήσῃς.</em></span> <span class='ocrx_word' id='word_1_166' title='bbox 1748 669 1790 700; x_wconf 85' lang='grc' dir='ltr'><em>Τὸ</em></span> <span class='ocrx_word' id='word_1_167' title='bbox 1821 669 1881 710; x_wconf 83' lang='grc' dir='ltr'><em>γὰρ</em></span> 
     </span>
     <span class='ocr_line' id='line_1_38' title="bbox 1083 719 1881 761; baseline 0.003 -12"><span class='ocrx_word' id='word_1_168' title='bbox 1083 719 1243 760; x_wconf 65' lang='grc' dir='ltr'><em>ὑστέρημα</em></span> <span class='ocrx_word' id='word_1_169' title='bbox 1260 720 1313 750; x_wconf 82' lang='grc' dir='ltr'><em>καὶ</em></span> <span class='ocrx_word' id='word_1_170' title='bbox 1332 720 1412 760; x_wconf 77' lang='grc' dir='ltr'><em>ὑπὲρ</em></span> <span class='ocrx_word' id='word_1_171' title='bbox 1433 720 1468 750; x_wconf 74' lang='grc' dir='ltr'><em>ἐκ</em></span> <span class='ocrx_word' id='word_1_172' title='bbox 1489 723 1640 761; x_wconf 81' lang='grc' dir='ltr'><em>περισσοῦ</em></span> <span class='ocrx_word' id='word_1_173' title='bbox 1657 721 1881 761; x_wconf 80' lang='grc' dir='ltr'><em>ἀνεπληρώθη.</em></span> 
     </span>
     <span class='ocr_line' id='line_1_39' title="bbox 1079 769 1881 812; baseline 0.002 -11"><span class='ocrx_word' id='word_1_174' title='bbox 1079 769 1266 811; x_wconf 84' lang='grc' dir='ltr'><em>Ἑμάθομεν</em></span> <span class='ocrx_word' id='word_1_175' title='bbox 1291 771 1325 802; x_wconf 78' lang='grc' dir='ltr'><em>δὲ</em></span> <span class='ocrx_word' id='word_1_176' title='bbox 1348 771 1401 801; x_wconf 89' lang='grc' dir='ltr'><em>καὶ</em></span> <span class='ocrx_word' id='word_1_177' title='bbox 1424 774 1524 806; x_wconf 83' lang='grc' dir='ltr'><em>τοῦτο,</em></span> <span class='ocrx_word' id='word_1_178' title='bbox 1549 771 1594 805; x_wconf 86' lang='grc' dir='ltr'><em>ὡς</em></span> <span class='ocrx_word' id='word_1_179' title='bbox 1617 772 1675 802; x_wconf 81' lang='grc' dir='ltr'><em>εἶσί</em></span> <span class='ocrx_word' id='word_1_180' title='bbox 1696 784 1773 806; x_wconf 84' lang='grc' dir='ltr'><em>τινες</em></span> <span class='ocrx_word' id='word_1_181' title='bbox 1796 784 1881 812; x_wconf 88' lang='grc' dir='ltr'><em>σχισ-</em></span> 
     </span>
     <span class='ocr_line' id='line_1_40' title="bbox 1082 821 1882 862; baseline 0.004 -11"><span class='ocrx_word' id='word_1_182' title='bbox 1082 821 1208 861; x_wconf 85' lang='grc' dir='ltr'><em>ματικοὶ</em></span> <span class='ocrx_word' id='word_1_183' title='bbox 1231 822 1264 852; x_wconf 79' lang='grc' dir='ltr'><em>ἓν</em></span> <span class='ocrx_word' id='word_1_184' title='bbox 1287 823 1361 862; x_wconf 79' lang='grc' dir='ltr'><em>ὑμῖν</em></span> <span class='ocrx_word' id='word_1_185' title='bbox 1385 822 1470 858; x_wconf 65' lang='lat' dir='ltr'><em>&lt;uui</em></span> <span class='ocrx_word' id='word_1_186' title='bbox 1494 823 1532 853; x_wconf 76' lang='grc' dir='ltr'><em>οὗ</em></span> <span class='ocrx_word' id='word_1_187' title='bbox 1556 822 1780 858; x_wconf 73' lang='grc' dir='ltr'><em>καθεύδουσιν,</em></span> <span class='ocrx_word' id='word_1_188' title='bbox 1804 822 1882 854; x_wconf 86' lang='grc' dir='ltr'><em>ἀλλὰ</em></span> 
     </span>
     <span class='ocr_line' id='line_1_41' title="bbox 1082 873 1882 913; baseline 0.003 -11"><span class='ocrx_word' id='word_1_189' title='bbox 1082 873 1243 912; x_wconf 82' lang='grc' dir='ltr'><em>μοχθοῦσι</em></span> <span class='ocrx_word' id='word_1_190' title='bbox 1276 873 1405 913; x_wconf 85' lang='grc' dir='ltr'><em>μόχθον</em></span> <span class='ocrx_word' id='word_1_191' title='bbox 1433 873 1567 913; x_wconf 87' lang='grc' dir='ltr'><em>μάταιον</em></span> <span class='ocrx_word' id='word_1_192' title='bbox 1590 874 1643 904; x_wconf 82' lang='grc' dir='ltr'><em>καὶ</em></span> <span class='ocrx_word' id='word_1_193' title='bbox 1673 874 1783 913; x_wconf 80' lang='grc' dir='ltr'><em>ἀγῶνα</em></span> <span class='ocrx_word' id='word_1_194' title='bbox 1815 874 1882 905; x_wconf 84' lang='grc' dir='ltr'><em>ὂια-</em></span> 
     </span>
     <span class='ocr_line' id='line_1_42' title="bbox 1082 923 1882 965; baseline 0.003 -11"><span class='ocrx_word' id='word_1_195' title='bbox 1082 923 1212 963; x_wconf 84' lang='grc' dir='ltr'><em>βολικὸν</em></span> <span class='ocrx_word' id='word_1_196' title='bbox 1250 924 1496 964; x_wconf 83' lang='grc' dir='ltr'><em>καταβάλλονται</em></span> <span class='ocrx_word' id='word_1_197' title='bbox 1541 924 1620 954; x_wconf 83' lang='grc' dir='ltr'><em>κατὰ</em></span> <span class='ocrx_word' id='word_1_198' title='bbox 1664 924 1717 955; x_wconf 87' lang='grc' dir='ltr'><em>τὸν</em></span> <span class='ocrx_word' id='word_1_199' title='bbox 1754 926 1882 965; x_wconf 80' lang='grc' dir='ltr'><em>λέγοντα</em></span> 
     </span>
     <span class='ocr_line' id='line_1_43' title="bbox 1082 975 1881 1017; baseline 0.004 -13"><span class='ocrx_word' id='word_1_200' title='bbox 1082 975 1266 1015; x_wconf 83' lang='grc' dir='ltr'><em>προφήτην.·</em></span> <span class='ocrx_word' id='word_1_201' title='bbox 1295 975 1549 1015; x_wconf 79' lang='grc' dir='ltr'><em>,,Διεσχίσθησαν</em></span> <span class='ocrx_word' id='word_1_202' title='bbox 1573 975 1626 1005; x_wconf 80' lang='grc' dir='ltr'><em>καὶ</em></span> <span class='ocrx_word' id='word_1_203' title='bbox 1649 976 1687 1005; x_wconf 78' lang='grc' dir='ltr'><em>οὐ</em></span> <span class='ocrx_word' id='word_1_204' title='bbox 1711 977 1881 1017; x_wconf 81' lang='grc' dir='ltr'><em>κατενύγη-</em></span> 
     </span>
     <span class='ocr_line' id='line_1_44' title="bbox 1083 1026 1881 1067; baseline 0.003 -11"><span class='ocrx_word' id='word_1_205' title='bbox 1083 1030 1173 1061; x_wconf 78' lang='grc' dir='ltr'><em>σαν“,</em></span> <span class='ocrx_word' id='word_1_206' title='bbox 1195 1026 1275 1057; x_wconf 80' lang='grc' dir='ltr'><em>ὥστε</em></span> <span class='ocrx_word' id='word_1_207' title='bbox 1295 1026 1444 1056; x_wconf 85' lang='grc' dir='ltr'><em>ἀποσπᾶν</em></span> <span class='ocrx_word' id='word_1_208' title='bbox 1460 1026 1513 1057; x_wconf 89' lang='grc' dir='ltr'><em>καὶ</em></span> <span class='ocrx_word' id='word_1_209' title='bbox 1536 1026 1792 1067; x_wconf 78' lang='grc' dir='ltr'><em>συνὸιαστρέφειν</em></span> <span class='ocrx_word' id='word_1_210' title='bbox 1809 1028 1881 1058; x_wconf 80' lang='grc' dir='ltr'><em>ἑαυ-</em></span> 
     </span>
     <span class='ocr_line' id='line_1_45' title="bbox 1084 1077 1659 1117; baseline 0.002 -10"><span class='ocrx_word' id='word_1_211' title='bbox 1084 1080 1146 1111; x_wconf 82' lang='grc' dir='ltr'><em>τοῖς</em></span> <span class='ocrx_word' id='word_1_212' title='bbox 1179 1089 1262 1111; x_wconf 90' lang='grc' dir='ltr'><em>τινας</em></span> <span class='ocrx_word' id='word_1_213' title='bbox 1296 1080 1359 1107; x_wconf 82' lang='grc' dir='ltr'><em>τῶν</em></span> <span class='ocrx_word' id='word_1_214' title='bbox 1391 1077 1659 1117; x_wconf 84' lang='grc' dir='ltr'><em>ᾶπλουστέρων&gt;.</em></span> 
     </span>
     <span class='ocr_line' id='line_1_46' title="bbox 1083 1128 1882 1169; baseline 0 -10"><span class='ocrx_word' id='word_1_215' title='bbox 1083 1129 1313 1168; x_wconf 74' lang='grc' dir='ltr'><em>εὖφράνθημεν</em></span> <span class='ocrx_word' id='word_1_216' title='bbox 1332 1128 1389 1159; x_wconf 73' lang='grc' dir='ltr'><em>ἐπὶ</em></span> <span class='ocrx_word' id='word_1_217' title='bbox 1412 1132 1454 1169; x_wconf 81' lang='grc' dir='ltr'><em>τῇ</em></span> <span class='ocrx_word' id='word_1_218' title='bbox 1478 1129 1783 1159; x_wconf 81' lang='grc' dir='ltr'><em>ἀποκαταστάσει</em></span> <span class='ocrx_word' id='word_1_219' title='bbox 1806 1141 1882 1164; x_wconf 86' lang='grc' dir='ltr'><em>σου,</em></span> 
     </span>
     <span class='ocr_line' id='line_1_47' title="bbox 1083 1179 1883 1221; baseline 0.001 -11"><span class='ocrx_word' id='word_1_220' title='bbox 1083 1181 1128 1219; x_wconf 84' lang='grc' dir='ltr'><em>ἢν</em></span> <span class='ocrx_word' id='word_1_221' title='bbox 1162 1180 1180 1210; x_wconf 82' lang='grc' dir='ltr'>ὁ</span> <span class='ocrx_word' id='word_1_222' title='bbox 1214 1179 1306 1214; x_wconf 86' lang='grc' dir='ltr'><em>θεὸς</em></span> <span class='ocrx_word' id='word_1_223' title='bbox 1343 1180 1648 1220; x_wconf 83' lang='grc' dir='ltr'><em>ἀποκαθέστησέ</em></span> <span class='ocrx_word' id='word_1_224' title='bbox 1682 1192 1723 1211; x_wconf 81' lang='grc' dir='ltr'><em>σε</em></span> <span class='ocrx_word' id='word_1_225' title='bbox 1761 1180 1814 1211; x_wconf 83' lang='grc' dir='ltr'><em>καὶ</em></span> <span class='ocrx_word' id='word_1_226' title='bbox 1847 1184 1883 1221; x_wconf 81' lang='grc' dir='ltr'><em>τῇ</em></span> 
     </span>
     <span class='ocr_line' id='line_1_48' title="bbox 1083 1231 1881 1272; baseline 0 -10"><span class='ocrx_word' id='word_1_227' title='bbox 1083 1232 1193 1262; x_wconf 79' lang='grc' dir='ltr'><em>ἑνώσει</em></span> <span class='ocrx_word' id='word_1_228' title='bbox 1215 1235 1251 1272; x_wconf 81' lang='grc' dir='ltr'><em>τῇ</em></span> <span class='ocrx_word' id='word_1_229' title='bbox 1276 1232 1468 1271; x_wconf 81' lang='grc' dir='ltr'><em>γεγενημένῃ</em></span> <span class='ocrx_word' id='word_1_230' title='bbox 1493 1235 1546 1272; x_wconf 86' lang='grc' dir='ltr'><em>τῆς</em></span> <span class='ocrx_word' id='word_1_231' title='bbox 1570 1231 1746 1272; x_wconf 76' lang='grc' dir='ltr'><em>ἐκκλησίας,</em></span> <span class='ocrx_word' id='word_1_232' title='bbox 1770 1235 1881 1263; x_wconf 84' lang='grc' dir='ltr'><em>τοσοῦ-</em></span> 
     </span>
     <span class='ocr_line' id='line_1_49' title="bbox 1083 1283 1877 1323; baseline 0.001 -11"><span class='ocrx_word' id='word_1_233' title='bbox 1083 1294 1135 1313; x_wconf 89' lang='grc' dir='ltr'><em>τον</em></span> <span class='ocrx_word' id='word_1_234' title='bbox 1156 1283 1336 1323; x_wconf 77' lang='grc' dir='ltr'><em>ἠλγήσαμεν</em></span> <span class='ocrx_word' id='word_1_235' title='bbox 1357 1283 1406 1313; x_wconf 77' lang='grc' dir='ltr'><em>ἐπὶ</em></span> <span class='ocrx_word' id='word_1_236' title='bbox 1429 1286 1465 1323; x_wconf 81' lang='grc' dir='ltr'><em>τῇ</em></span> <span class='ocrx_word' id='word_1_237' title='bbox 1484 1283 1614 1314; x_wconf 76' lang='grc' dir='ltr'><em>ἐκείνων</em></span> <span class='ocrx_word' id='word_1_238' title='bbox 1636 1285 1699 1313; x_wconf 86' lang='grc' dir='ltr'><em>τῶν</em></span> <span class='ocrx_word' id='word_1_239' title='bbox 1718 1295 1877 1323; x_wconf 89' lang='grc' dir='ltr'><em>σχισματι-</em></span> 
     </span>
     <span class='ocr_line' id='line_1_50' title="bbox 1081 1334 1313 1374; baseline 0 -10"><span class='ocrx_word' id='word_1_240' title='bbox 1081 1336 1151 1365; x_wconf 83' lang='grc' dir='ltr'><em>κῶν</em></span> <span class='ocrx_word' id='word_1_241' title='bbox 1174 1334 1313 1374; x_wconf 75' lang='grc' dir='ltr'><em>ἀπολεία.</em></span> 
     </span>
    </p>
   </div>
   <div class='ocr_carea' id='block_1_14' title="bbox 1709 1078 1883 1109">
    <p class='ocr_par' dir='ltr' id='par_1_14' title="bbox 1709 1078 1883 1109">
     <span class='ocr_line' id='line_1_51' title="bbox 1709 1078 1883 1109; baseline 0.011 -2"><span class='ocrx_word' id='word_1_242' title='bbox 1709 1078 1772 1108; x_wconf 84' lang='grc' dir='ltr'><em>Καὶ</em></span> <span class='ocrx_word' id='word_1_243' title='bbox 1807 1078 1883 1109; x_wconf 84' lang='grc' dir='ltr'><em>ὅσον</em></span> 
     </span>
    </p>
   </div>
   <div class='ocr_carea' id='block_1_15' title="bbox 1080 1796 1882 2711">
    <p class='ocr_par' dir='ltr' id='par_1_15' title="bbox 1080 1796 1882 2711">
     <span class='ocr_line' id='line_1_52' title="bbox 1144 1796 1882 1837; baseline 0.001 -10"><span class='ocrx_word' id='word_1_244' title='bbox 1144 1797 1225 1828; x_wconf 76' lang='grc' dir='ltr'><em>Ἀλλ’</em></span> <span class='ocrx_word' id='word_1_245' title='bbox 1254 1796 1348 1831; x_wconf 76' lang='grc' dir='ltr'><em>ιιῦτὸς</em></span> <span class='ocrx_word' id='word_1_246' title='bbox 1374 1800 1444 1837; x_wconf 61' lang='lat' dir='ltr'><em>&lt;Ul</em></span> <span class='ocrx_word' id='word_1_247' title='bbox 1474 1797 1588 1837; x_wconf 77' lang='grc' dir='ltr'><em>ἒνούσῃ</em></span> <span class='ocrx_word' id='word_1_248' title='bbox 1619 1809 1667 1828; x_wconf 91' lang='grc' dir='ltr'><em>σοι</em></span> <span class='ocrx_word' id='word_1_249' title='bbox 1698 1798 1795 1837; x_wconf 75' lang='grc' dir='ltr'><em>σοφίᾳ</em></span> <span class='ocrx_word' id='word_1_250' title='bbox 1829 1798 1882 1828; x_wconf 82' lang='grc' dir='ltr'><em>καὶ</em></span> 
     </span>
     <span class='ocr_line' id='line_1_53' title="bbox 1085 1848 1881 1889; baseline -0.001 -9"><span class='ocrx_word' id='word_1_251' title='bbox 1085 1849 1205 1880; x_wconf 85' lang='grc' dir='ltr'><em>συνέσει</em></span> <span class='ocrx_word' id='word_1_252' title='bbox 1228 1848 1281 1879; x_wconf 82' lang='grc' dir='ltr'><em>καὶ</em></span> <span class='ocrx_word' id='word_1_253' title='bbox 1298 1851 1342 1889; x_wconf 84' lang='grc' dir='ltr'><em>τῷ</em></span> <span class='ocrx_word' id='word_1_254' title='bbox 1359 1849 1484 1879; x_wconf 80' lang='grc' dir='ltr'><em>δοθέντι</em></span> <span class='ocrx_word' id='word_1_255' title='bbox 1501 1861 1549 1879; x_wconf 89' lang='grc' dir='ltr'><em>σοι</em></span> <span class='ocrx_word' id='word_1_256' title='bbox 1573 1849 1659 1889; x_wconf 83' lang='grc' dir='ltr'><em>παρὰ</em></span> <span class='ocrx_word' id='word_1_257' title='bbox 1676 1850 1756 1880; x_wconf 83' lang='grc' dir='ltr'><em>θεοῦ</em></span> <span class='ocrx_word' id='word_1_258' title='bbox 1773 1850 1881 1889; x_wconf 89' lang='grc' dir='ltr'><em>χαρίσ-</em></span> 
     </span>
     <span class='ocr_line' id='line_1_54' title="bbox 1081 1900 1881 1941; baseline 0 -10"><span class='ocrx_word' id='word_1_259' title='bbox 1081 1912 1155 1941; x_wconf 89' lang='grc' dir='ltr'><em>ματι</em></span> <span class='ocrx_word' id='word_1_260' title='bbox 1176 1918 1208 1921; x_wconf 81' lang='lat'>—</span> <span class='ocrx_word' id='word_1_261' title='bbox 1228 1900 1256 1930; x_wconf 86' lang='grc' dir='ltr'><em>τί</em></span> <span class='ocrx_word' id='word_1_262' title='bbox 1277 1900 1337 1940; x_wconf 85' lang='grc' dir='ltr'><em>γὰρ</em></span> <span class='ocrx_word' id='word_1_263' title='bbox 1361 1901 1449 1941; x_wconf 77' lang='grc' dir='ltr'><em>ἔχεις,</em></span> <span class='ocrx_word' id='word_1_264' title='bbox 1474 1901 1492 1930; x_wconf 84' lang='grc' dir='ltr'><em>ὃ</em></span> <span class='ocrx_word' id='word_1_265' title='bbox 1515 1900 1575 1931; x_wconf 75' lang='grc' dir='ltr'><em>οὐκ</em></span> <span class='ocrx_word' id='word_1_266' title='bbox 1599 1901 1723 1941; x_wconf 80' lang='grc' dir='ltr'><em>ἔλαβες,-</em></span> <span class='ocrx_word' id='word_1_267' title='bbox 1750 1901 1881 1940; x_wconf 75' lang='grc' dir='ltr'><em>οἴδαμεν</em></span> 
     </span>
     <span class='ocr_line' id='line_1_55' title="bbox 1083 1951 1881 1992; baseline -0.001 -9"><span class='ocrx_word' id='word_1_268' title='bbox 1083 1952 1129 1986; x_wconf 85' lang='grc' dir='ltr'><em>ὡς</em></span> <span class='ocrx_word' id='word_1_269' title='bbox 1150 1952 1188 1982; x_wconf 83' lang='grc' dir='ltr'><em>οὗ</em></span> <span class='ocrx_word' id='word_1_270' title='bbox 1212 1954 1371 1991; x_wconf 71' lang='grc' dir='ltr'><em>καυχᾶσαι</em></span> <span class='ocrx_word' id='word_1_271' title='bbox 1393 1951 1439 1985; x_wconf 81' lang='grc' dir='ltr'><em>ὡς</em></span> <span class='ocrx_word' id='word_1_272' title='bbox 1467 1951 1511 1991; x_wconf 78' lang='grc' dir='ltr'><em>μὴ</em></span> <span class='ocrx_word' id='word_1_273' title='bbox 1540 1952 1649 1992; x_wconf 79' lang='grc' dir='ltr'><em>λαβὼν</em></span> <span class='ocrx_word' id='word_1_274' title='bbox 1673 1957 1739 1988; x_wconf 88' lang='lat'><em>—&gt;</em></span> <span class='ocrx_word' id='word_1_275' title='bbox 1763 1953 1881 1986; x_wconf 82' lang='grc' dir='ltr'><em>πάντας</em></span> 
     </span>
     <span class='ocr_line' id='line_1_56' title="bbox 1082 2002 1881 2044; baseline -0.001 -10"><span class='ocrx_word' id='word_1_276' title='bbox 1082 2004 1237 2044; x_wconf 84' lang='grc' dir='ltr'><em>μετέρχου</em></span> <span class='ocrx_word' id='word_1_277' title='bbox 1263 2003 1458 2034; x_wconf 80' lang='grc' dir='ltr'><em>οἰκειοῦσθαι</em></span> <span class='ocrx_word' id='word_1_278' title='bbox 1481 2003 1563 2043; x_wconf 79' lang='grc' dir='ltr'><em>πρός</em></span> <span class='ocrx_word' id='word_1_279' title='bbox 1586 2015 1620 2034; x_wconf 87' lang='grc' dir='ltr'><em>σε</em></span> <span class='ocrx_word' id='word_1_280' title='bbox 1642 2003 1695 2034; x_wconf 85' lang='grc' dir='ltr'><em>καὶ</em></span> <span class='ocrx_word' id='word_1_281' title='bbox 1723 2002 1795 2037; x_wconf 83' lang='grc' dir='ltr'><em>τοὺς</em></span> <span class='ocrx_word' id='word_1_282' title='bbox 1818 2003 1881 2033; x_wconf 82' lang='grc' dir='ltr'><em>ἀπό</em></span> 
     </span>
     <span class='ocr_line' id='line_1_57' title="bbox 1084 2054 1880 2095; baseline 0 -10"><span class='ocrx_word' id='word_1_283' title='bbox 1084 2066 1142 2086; x_wconf 85' lang='grc' dir='ltr'><em>σου</em></span> <span class='ocrx_word' id='word_1_284' title='bbox 1187 2054 1432 2095; x_wconf 80' lang='grc' dir='ltr'><em>μακρυνθέντας</em></span> <span class='ocrx_word' id='word_1_285' title='bbox 1476 2055 1529 2085; x_wconf 84' lang='grc' dir='ltr'><em>καὶ</em></span> <span class='ocrx_word' id='word_1_286' title='bbox 1568 2055 1880 2094; x_wconf 80' lang='grc' dir='ltr'><em>ὃιασκορπισθέντας,</em></span> 
     </span>
     <span class='ocr_line' id='line_1_58' title="bbox 1083 2106 1881 2146; baseline -0.001 -9"><span class='ocrx_word' id='word_1_287' title='bbox 1083 2106 1329 2146; x_wconf 82' lang='grc' dir='ltr'><em>φιλανθρωπίας</em></span> <span class='ocrx_word' id='word_1_288' title='bbox 1363 2106 1469 2140; x_wconf 69' lang='grc' dir='ltr'><em>αὐτοῖς</em></span> <span class='ocrx_word' id='word_1_289' title='bbox 1503 2107 1686 2146; x_wconf 73' lang='grc' dir='ltr'><em>ὕπανοίγων</em></span> <span class='ocrx_word' id='word_1_290' title='bbox 1718 2107 1881 2146; x_wconf 81' lang='grc' dir='ltr'><em>σπλάγχνα</em></span> 
     </span>
     <span class='ocr_line' id='line_1_59' title="bbox 1083 2157 1882 2198; baseline 0 -10"><span class='ocrx_word' id='word_1_291' title='bbox 1083 2158 1137 2189; x_wconf 83' lang='grc' dir='ltr'><em>καὶ</em></span> <span class='ocrx_word' id='word_1_292' title='bbox 1186 2159 1358 2198; x_wconf 78' lang='grc' dir='ltr'><em>οἰκτιρμῶν</em></span> <span class='ocrx_word' id='word_1_293' title='bbox 1404 2157 1586 2198; x_wconf 79' lang='grc' dir='ltr'><em>χρηστότητι</em></span> <span class='ocrx_word' id='word_1_294' title='bbox 1634 2158 1882 2198; x_wconf 78' lang='grc' dir='ltr'><em>περιλαμβάνων</em></span> 
     </span>
     <span class='ocr_line' id='line_1_60' title="bbox 1084 2209 1880 2249; baseline 0 -10"><span class='ocrx_word' id='word_1_295' title='bbox 1084 2212 1271 2249; x_wconf 86' lang='grc' dir='ltr'><em>συναγαγεῖν</em></span> <span class='ocrx_word' id='word_1_296' title='bbox 1293 2209 1338 2249; x_wconf 80' lang='grc' dir='ltr'><em>μὴ</em></span> <span class='ocrx_word' id='word_1_297' title='bbox 1363 2209 1562 2249; x_wconf 68' lang='grc' dir='ltr'><em>ἀπαξιώσῃς,</em></span> <span class='ocrx_word' id='word_1_298' title='bbox 1586 2209 1649 2244; x_wconf 80' lang='grc' dir='ltr'><em>ἵνα,</em></span> <span class='ocrx_word' id='word_1_299' title='bbox 1673 2209 1719 2243; x_wconf 82' lang='grc' dir='ltr'><em>ὡς</em></span> <span class='ocrx_word' id='word_1_300' title='bbox 1742 2209 1760 2239; x_wconf 84' lang='grc' dir='ltr'>ὁ</span> <span class='ocrx_word' id='word_1_301' title='bbox 1784 2209 1880 2249; x_wconf 77' lang='grc' dir='ltr'><em>ἁγιώ-</em></span> 
     </span>
     <span class='ocr_line' id='line_1_61' title="bbox 1080 2259 1881 2301; baseline -0.001 -10"><span class='ocrx_word' id='word_1_302' title='bbox 1080 2272 1171 2295; x_wconf 89' lang='grc' dir='ltr'><em>τατος</em></span> <span class='ocrx_word' id='word_1_303' title='bbox 1193 2261 1302 2295; x_wconf 85' lang='grc' dir='ltr'><em>πάπας</em></span> <span class='ocrx_word' id='word_1_304' title='bbox 1326 2260 1420 2291; x_wconf 84' lang='grc' dir='ltr'><em>Λέων</em></span> <span class='ocrx_word' id='word_1_305' title='bbox 1444 2260 1462 2290; x_wconf 85' lang='grc' dir='ltr'>ὁ</span> <span class='ocrx_word' id='word_1_306' title='bbox 1489 2261 1589 2301; x_wconf 84' lang='grc' dir='ltr'><em>μέγας</em></span> <span class='ocrx_word' id='word_1_307' title='bbox 1619 2261 1749 2301; x_wconf 65' lang='grc' dir='ltr'><em>γράφειῐ</em></span> <span class='ocrx_word' id='word_1_308' title='bbox 1779 2259 1881 2295; x_wconf 80' lang='grc' dir='ltr'><em>,,Τοὺς</em></span> 
     </span>
     <span class='ocr_line' id='line_1_62' title="bbox 1080 2312 1880 2353; baseline -0.001 -11"><span class='ocrx_word' id='word_1_309' title='bbox 1080 2312 1140 2352; x_wconf 85' lang='grc' dir='ltr'><em>μὲν</em></span> <span class='ocrx_word' id='word_1_310' title='bbox 1174 2313 1344 2353; x_wconf 86' lang='grc' dir='ltr'><em>ζητοῦντας</em></span> <span class='ocrx_word' id='word_1_311' title='bbox 1383 2312 1617 2352; x_wconf 84' lang='grc' dir='ltr'><em>ταπεινωθῆναι</em></span> <span class='ocrx_word' id='word_1_312' title='bbox 1656 2312 1792 2343; x_wconf 73' lang='grc' dir='ltr'><em>ἐνώπιον</em></span> <span class='ocrx_word' id='word_1_313' title='bbox 1826 2314 1880 2342; x_wconf 89' lang='grc' dir='ltr'><em>τοῦ</em></span> 
     </span>
     <span class='ocr_line' id='line_1_63' title="bbox 1081 2363 1881 2404; baseline -0.001 -10"><span class='ocrx_word' id='word_1_314' title='bbox 1081 2364 1161 2395; x_wconf 83' lang='grc' dir='ltr'><em>θεοῦ</em></span> <span class='ocrx_word' id='word_1_315' title='bbox 1195 2363 1249 2394; x_wconf 82' lang='grc' dir='ltr'><em>καὶ</em></span> <span class='ocrx_word' id='word_1_316' title='bbox 1283 2364 1436 2404; x_wconf 81' lang='grc' dir='ltr'><em>ὁμόνοιαν</em></span> <span class='ocrx_word' id='word_1_317' title='bbox 1471 2364 1641 2403; x_wconf 83' lang='grc' dir='ltr'><em>ζητοῦντας</em></span> <span class='ocrx_word' id='word_1_318' title='bbox 1678 2363 1759 2402; x_wconf 85' lang='grc' dir='ltr'><em>πρὸς</em></span> <span class='ocrx_word' id='word_1_319' title='bbox 1796 2363 1881 2403; x_wconf 80' lang='grc' dir='ltr'><em>ἡμᾶς</em></span> 
     </span>
     <span class='ocr_line' id='line_1_64' title="bbox 1082 2415 1881 2455; baseline -0.004 -9"><span class='ocrx_word' id='word_1_320' title='bbox 1082 2415 1265 2455; x_wconf 79' lang='grc' dir='ltr'><em>δεχώμεθα,</em></span> <span class='ocrx_word' id='word_1_321' title='bbox 1288 2415 1370 2455; x_wconf 87' lang='grc' dir='ltr'><em>πρὸς</em></span> <span class='ocrx_word' id='word_1_322' title='bbox 1395 2415 1429 2445; x_wconf 80' lang='grc' dir='ltr'><em>δὲ</em></span> <span class='ocrx_word' id='word_1_323' title='bbox 1450 2415 1522 2449; x_wconf 79' lang='grc' dir='ltr'><em>τοὺς</em></span> <span class='ocrx_word' id='word_1_324' title='bbox 1545 2415 1822 2455; x_wconf 81' lang='grc' dir='ltr'><em>σκληρυνομένους</em></span> <span class='ocrx_word' id='word_1_325' title='bbox 1845 2417 1881 2453; x_wconf 81' lang='grc' dir='ltr'><em>τῇ</em></span> 
     </span>
     <span class='ocr_line' id='line_1_65' title="bbox 1080 2465 1880 2506; baseline -0.003 -9"><span class='ocrx_word' id='word_1_326' title='bbox 1080 2467 1199 2506; x_wconf 78' lang='grc' dir='ltr'><em>καρδίᾳ</em></span> <span class='ocrx_word' id='word_1_327' title='bbox 1234 2466 1505 2506; x_wconf 83' lang='grc' dir='ltr'><em>σκληρυνώμεθα,</em></span> <span class='ocrx_word' id='word_1_328' title='bbox 1541 2467 1696 2500; x_wconf 82' lang='grc' dir='ltr'><em>ὡσαύτως</em></span> <span class='ocrx_word' id='word_1_329' title='bbox 1731 2465 1783 2496; x_wconf 83' lang='grc' dir='ltr'><em>καὶ</em></span> <span class='ocrx_word' id='word_1_330' title='bbox 1817 2468 1880 2499; x_wconf 83' lang='grc' dir='ltr'><em>τοῖς</em></span> 
     </span>
     <span class='ocr_line' id='line_1_66' title="bbox 1081 2516 1877 2558; baseline -0.001 -10"><span class='ocrx_word' id='word_1_331' title='bbox 1081 2518 1249 2558; x_wconf 84' lang='grc' dir='ltr'><em>μετάνοιαν</em></span> <span class='ocrx_word' id='word_1_332' title='bbox 1273 2518 1418 2558; x_wconf 84' lang='grc' dir='ltr'><em>ζητοῦσιν</em></span> <span class='ocrx_word' id='word_1_333' title='bbox 1442 2518 1506 2558; x_wconf 81' lang='grc' dir='ltr'><em>ἥτις</em></span> <span class='ocrx_word' id='word_1_334' title='bbox 1532 2518 1639 2558; x_wconf 82' lang='grc' dir='ltr'><em>ἀνιστῇ</em></span> <span class='ocrx_word' id='word_1_335' title='bbox 1666 2517 1739 2551; x_wconf 77' lang='grc' dir='ltr'><em>τοὺς</em></span> <span class='ocrx_word' id='word_1_336' title='bbox 1765 2516 1877 2547; x_wconf 83' lang='grc' dir='ltr'><em>πεσόν-</em></span> 
     </span>
     <span class='ocr_line' id='line_1_67' title="bbox 1082 2568 1878 2609; baseline -0.004 -10"><span class='ocrx_word' id='word_1_337' title='bbox 1082 2581 1144 2604; x_wconf 82' lang='grc' dir='ltr'><em>τας,</em></span> <span class='ocrx_word' id='word_1_338' title='bbox 1168 2571 1257 2609; x_wconf 83' lang='grc' dir='ltr'><em>χεῖρα</em></span> <span class='ocrx_word' id='word_1_339' title='bbox 1280 2568 1434 2609; x_wconf 81' lang='grc' dir='ltr'><em>βοηθείας</em></span> <span class='ocrx_word' id='word_1_340' title='bbox 1457 2568 1631 2608; x_wconf 85' lang='grc' dir='ltr'><em>ὀρέγωμεν.</em></span> <span class='ocrx_word' id='word_1_341' title='bbox 1664 2568 1711 2598; x_wconf 74' lang='grc' dir='ltr'><em>Οὐ</em></span> <span class='ocrx_word' id='word_1_342' title='bbox 1735 2568 1795 2607; x_wconf 85' lang='grc' dir='ltr'><em>γάρ</em></span> <span class='ocrx_word' id='word_1_343' title='bbox 1819 2568 1878 2597; x_wconf 76' lang='grc' dir='ltr'><em>ἔστι</em></span> 
     </span>
     <span class='ocr_line' id='line_1_68' title="bbox 1082 2619 1879 2660; baseline -0.004 -9"><span class='ocrx_word' id='word_1_344' title='bbox 1082 2621 1280 2660; x_wconf 83' lang='grc' dir='ltr'><em>κατάγνωσις</em></span> <span class='ocrx_word' id='word_1_345' title='bbox 1302 2623 1366 2654; x_wconf 85' lang='grc' dir='ltr'><em>τοῖς</em></span> <span class='ocrx_word' id='word_1_346' title='bbox 1387 2622 1575 2660; x_wconf 85' lang='grc' dir='ltr'><em>μετανοοῦσι</em></span> <span class='ocrx_word' id='word_1_347' title='bbox 1595 2619 1649 2649; x_wconf 81' lang='grc' dir='ltr'><em>καὶ</em></span> <span class='ocrx_word' id='word_1_348' title='bbox 1664 2622 1727 2652; x_wconf 85' lang='grc' dir='ltr'><em>τοῖς</em></span> <span class='ocrx_word' id='word_1_349' title='bbox 1743 2620 1879 2649; x_wconf 80' lang='grc' dir='ltr'><em>αἰτοῦσιν</em></span> 
     </span>
     <span class='ocr_line' id='line_1_69' title="bbox 1083 2671 1542 2711; baseline -0.002 -9"><span class='ocrx_word' id='word_1_350' title='bbox 1083 2672 1170 2702; x_wconf 78' lang='grc' dir='ltr'><em>ἔλεον</em></span> <span class='ocrx_word' id='word_1_351' title='bbox 1193 2673 1253 2703; x_wconf 74' lang='grc' dir='ltr'><em>οὔκ</em></span> <span class='ocrx_word' id='word_1_352' title='bbox 1277 2672 1356 2702; x_wconf 74' lang='grc' dir='ltr'><em>ἔστιν</em></span> <span class='ocrx_word' id='word_1_353' title='bbox 1380 2671 1542 2711; x_wconf 82' lang='grc' dir='ltr'><em>αἶσχύνη,“</em></span> 
     </span>
    </p>
   </div>
   <div class='ocr_carea' id='block_1_16' title="bbox 779 2740 1774 2745">
    <p class='ocr_par' dir='ltr' id='par_1_16' title="bbox 779 2740 1774 2745">
     <span class='ocr_line' id='line_1_70' title="bbox 779 2740 1774 2745; baseline 0 0"><span class='ocrx_word' id='word_1_354' title='bbox 779 2740 1774 2745; x_wconf 95' lang='lat' dir='ltr'><em> </em></span> 
     </span>
    </p>
   </div>
   <div class='ocr_carea' id='block_1_17' title="bbox 336 2782 567 2814">
    <p class='ocr_par' dir='ltr' id='par_1_17' title="bbox 336 2782 567 2814">
     <span class='ocr_line' id='line_1_71' title="bbox 336 2782 567 2814; baseline 0.004 -6"><span class='ocrx_word' id='word_1_355' title='bbox 336 2783 361 2814; x_wconf 90' lang='lat'><em>1)</em></span> <span class='ocrx_word' id='word_1_356' title='bbox 381 2782 413 2809; x_wconf 88' lang='lat' dir='ltr'><em>L.</em></span> <span class='ocrx_word' id='word_1_357' title='bbox 432 2782 567 2809; x_wconf 78' lang='lat' dir='ltr'>Samuele.</span> 
     </span>
    </p>
   </div>
   <div class='ocr_carea' id='block_1_18' title="bbox 655 2779 1736 2816">
    <p class='ocr_par' dir='ltr' id='par_1_18' title="bbox 655 2779 1736 2816">
     <span class='ocr_line' id='line_1_72' title="bbox 655 2779 1736 2816; baseline -0.004 -7"><span class='ocrx_word' id='word_1_358' title='bbox 655 2783 681 2815; x_wconf 82' lang='lat'><em>2)</em></span> <span class='ocrx_word' id='word_1_359' title='bbox 701 2782 788 2816; x_wconf 78' lang='lat' dir='ltr'>Epist.</span> <span class='ocrx_word' id='word_1_360' title='bbox 809 2782 846 2809; x_wconf 82' lang='lat' dir='ltr'><em>acl</em></span> <span class='ocrx_word' id='word_1_361' title='bbox 866 2782 1033 2809; x_wconf 75' lang='lat' dir='ltr'>Pulcheriam</span> <span class='ocrx_word' id='word_1_362' title='bbox 1052 2791 1114 2816; x_wconf 75' lang='lat' dir='ltr'><em>auy.</em></span> <span class='ocrx_word' id='word_1_363' title='bbox 1134 2782 1241 2816; x_wconf 73' lang='lat' dir='ltr'><em>(Mcmsi</em></span> <span class='ocrx_word' id='word_1_364' title='bbox 1263 2781 1294 2815; x_wconf 87' lang='lat' dir='ltr'><em>V,</em></span> <span class='ocrx_word' id='word_1_365' title='bbox 1306 2783 1393 2815; x_wconf 66' lang='lat'><em>1404),</em></span> <span class='ocrx_word' id='word_1_366' title='bbox 1413 2781 1489 2813; x_wconf 76' lang='lat' dir='ltr'><em>Jaffe&#39;</em></span> <span class='ocrx_word' id='word_1_367' title='bbox 1508 2781 1572 2814; x_wconf 69' lang='lat' dir='ltr'><em>Req.</em></span> <span class='ocrx_word' id='word_1_368' title='bbox 1586 2784 1634 2807; x_wconf 74' lang='lat'><em>425</em></span> <span class='ocrx_word' id='word_1_369' title='bbox 1654 2779 1736 2813; x_wconf 74' lang='lat'><em>(204).</em></span> 
     </span>
    </p>
   </div>
   <div class='ocr_carea' id='block_1_19' title="bbox 1898 987 2022 1012">
    <p class='ocr_par' dir='ltr' id='par_1_19' title="bbox 1898 987 2022 1012">
     <span class='ocr_line' id='line_1_73' title="bbox 1898 987 2022 1012; baseline 0 -5"><span class='ocrx_word' id='word_1_370' title='bbox 1898 987 1933 1009; x_wconf 69' lang='grc' dir='ltr'><em>ΡΞ.</em></span> <span class='ocrx_word' id='word_1_371' title='bbox 1944 989 1976 1012; x_wconf 82' lang='lat'><em>35,</em></span> <span class='ocrx_word' id='word_1_372' title='bbox 1989 990 2022 1008; x_wconf 86' lang='lat'><em>15.</em></span> 
     </span>
    </p>
   </div>
   <div class='ocr_carea' id='block_1_20' title="bbox 1896 1911 2070 1936">
    <p class='ocr_par' dir='ltr' id='par_1_20' title="bbox 1896 1911 2070 1936">
     <span class='ocr_line' id='line_1_74' title="bbox 1896 1911 2070 1936; baseline 0.006 -5"><span class='ocrx_word' id='word_1_373' title='bbox 1896 1912 1923 1931; x_wconf 83' lang='lat' dir='ltr'>ef.</span> <span class='ocrx_word' id='word_1_374' title='bbox 1936 1911 2008 1932; x_wconf 82' lang='lat' dir='ltr'>1.C0r.</span> <span class='ocrx_word' id='word_1_375' title='bbox 2019 1913 2039 1936; x_wconf 77' lang='grc'><em>4,</em></span> <span class='ocrx_word' id='word_1_376' title='bbox 2050 1913 2070 1932; x_wconf 85' lang='grc'><em>7.</em></span> 
     </span>
    </p>
   </div>
  </div>
 </body>
</html>
