2189 3042
97 741 120 758 10

95 1258 119 1277 2⁰

96 1515 119 1534 25

95 1773 120 1791 30

95 2119 119 2137 ³5

95 2334 120 2351 ⁴0

96 2592 120 2609 ⁴5

97 2804 121 2822 50

393 180 585 206 ANASTASH
607 180 901 208 BIBLIOTHECARII
921 180 1117 207 EPISTOLAE
1136 180 1217 207 SIVE
1238 180 1514 207 PRAEFATIONES
1533 182 1557 206 6.
1738 183 1798 212 417

152 267 273 309 liquido
298 267 452 307 llovimUS,
484 268 634 309 quoniam
658 267 706 298 his
735 267 864 309 quidam
895 268 1044 297 facilem&l
1069 279 1125 297 non
1154 271 1304 304 praebuere
1333 279 1508 297 consensum.
1548 267 1612 299 Sed
1643 270 1675 298 et
1704 277 1799 308 prae-

150 318 320 350 decessor—b
343 321 450 350 vester
474 318 676 350 beatissimus
699 329 785 360 papa
809 319 990 360 Stephanus
1013 329 1076 350 non
1101 319 1255 360 ampliusc
1279 329 1320 350 ex
1349 317 1419 350 his‘l
1443 329 1539 360 quam
1568 319 1800 360 quinquaginta

149 369 351 411 recipiendos
375 370 526 411 synodice
554 370 801 411 promulgaviffl,
830 371 905 402 lieet
928 371 1086 408 quaedaml
1110 374 1266 400 constituta
1295 373 1461 406 pontificum
1489 382 1524 399 ex
1550 374 1617 407 ipsis
1646 374 1800 399 canonibus

148 428 293 459 assumpta
330 433 388 450 esse
424 423 581 450 videantur.
632 421 724 452 Unde
763 422 946 462 apostolatu
976 425 1098 453 vesti-0⁰
1131 421 1344 453 decernente³
1374 433 1436 453 non
1468 422 1570 453 solum
1605 422 1676 452 illos
1714 421 1799 452 solos

150 473 369 514 apostolorum
408 473 638 514 quinquaginta
677 483 814 504 canones
851 473 986 504 ecclesia
1024 473 1151 514 ree-ipit,
1194 473 1251 504 sed
1293 476 1325 504 et
1368 484 1479 504 omnes
1523 471 1650 504 eorums
1687 475 1799 513 utpote

148 524 283 565 Spiritus
307 526 405 556 sancti
436 524 634 564 tubarum⁹=⁴²y
660 525 735 565 quin
767 527 799 555 et
834 523 997 555 omniumh
1021 524 1148 554 omnino
1174 524 1387 564 probabilium
1411 527 1537 565 patrum
1563 528 1595 556 et
1617 527 1797 555 sanctorum

149 576 355 607 conciliorum
380 576 508 617 regulas
532 579 564 606 et
586 576 800 606 institutiones
824 575 972 615 admittit,
1003 576 1073 606 illas
1098 576 1275 616 dumtaxat,
1306 587 1389 618 quae
1414 587 1473 608 nec
1500 580 1608 607 rectae
1636 575 1712 607 fidei
1741 585 1800 606 nec

148 626 270 668 probisi
292 628 435 659 moribus
459 627 598 666 obviant,
629 626 685 657 scd
710 637 767 658 nec
794 627 879 657 sedis
902 627 1068 658 Romanae
1100 627 1237 658 decretis
1267 628 1309 658 ad
1338 627 1497 658 modicum
1529 627 1604 668 quid
1636 627 1799 661 resultant,

148 680 222 721 quin
260 679 365 720 potius
407 678 619 715 adversarios,
656 678 689 708 id
722 681 770 708 est
798 678 971 717 hereticos,
1002 681 1150 719 potenter
1180 680 1377 719 impugnant.
1423 678 1509 720 Ergo
1543 679 1686 719 regulas,
1720 688 1798 719 quas

147 731 244 762 Greci
267 742 286 762 a
309 734 402 762 sexta
430 729 553 771 synodo
583 729 752 771 perhibent
781 729 898 769 editas,
927 730 973 761 ita
996 731 1027 760 in
1056 730 1116 761 hac
1145 729 1288 770 synod0⁵
1313 730 1496 770 principalis
1526 729 1620 760 sedes
1649 729 1799 766 admittit,

146 786 182 813 ut
205 783 384 814 nullatenus
408 792 449 813 ex
473 781 521 812 his
544 781 617 812 illae
642 781 845 822 recipiantur,
878 791 960 822 quae
985 781 1144 822 prioribus
1171 781 1346 812 canonibus
1371 782 1420 812 vel
1449 781 1587 812 decretis
1617 784 1799 811 sanctorum

147 833 232 865 sedis
259 833 352 864 huius
383 833 566 874 pontificum
598 836 652 864 aut
681 835 768 863 certe
798 833 890 863 bonis
920 832 1081 863 moribusG
1104 833 1306 863 inveniuntur
1330 832 1495 871 adversae,
1520 832 1664 873 quamvis
1689 842 1800 862 omnes

146 885 301 916 hactenus
326 895 366 916 ex
390 887 456 916 toto
480 887 632 916 maneant
656 883 741 925 apud
763 884 896 914 Latinos
919 884 1111 925 incognitae,
1142 884 1216 925 quia
1239 894 1299 915 nec
1322 885 1563 924 interpretatae,
1594 883 1652 914 sed
1680 894 1738 914 nec
1768 883 1799 914 in

147 939 326 968 ceterarum
350 936 610 977 patriarchalium
634 935 768 975 sedium,
792 935 868 966 licet
891 934 994 966 Greca
1016 937 1147 966 utantur
1170 936 1288 976 lingua,
1308 935 1510 976 reperiantur
1532 935 1682 965 archivis:
1707 935 1800 965 nimi-

109 997 116 1008 '=
148 998 216 1018 rum
242 989 317 1029 quia
340 987 426 1018 nulla
450 986 590 1018 earnmk.
608 998 681 1018 cum
704 986 885 1026 ederentur,
902 990 957 1018 aut
980 987 1187 1028 promulgans
1211 990 1266 1018 aut
1287 986 1488 1018 consentiens
1511 989 1566 1017 aut
1582 986 1688 1017 saltim
1705 996 1799 1026 prae-

147 1049 219 1070 sens
243 1040 372 1069 inventa
397 1039 474 1070 est7.
504 1049 687 1080 quanquam
711 1038 842 1070 eosdem
865 1041 973 1079 patres
996 1038 1067 1069 illas
1095 1038 1191 1070 Greci
1215 1038 1436 1079 promulgasse
1461 1037 1661 1079 perhibeant,
1693 1038 1746 1077 qui
1769 1038 1800 1067 in

147 1094 238 1122 sexta
262 1090 382 1131 synodo
407 1095 480 1121 sunt
502 1091 633 1130 inventi,
663 1090 720 1121 sed
743 1090 803 1121 hoc
826 1090 920 1121 nullis
943 1090 1080 1131 probare
1110 1091 1204 1121 certis
1234 1093 1367 1131 possunt
1396 1089 1528 1120 indiciis.
1576 1089 1611 1119 In
1645 1100 1682 1120 eo
1713 1099 1799 1122 sane.

147 1153 209 1184 quo
242 1142 427 1183 frequenter
459 1142 673 1173 universalem
705 1142 736 1172 in
773 1141 846 1172 hac¹
875 1141 995 1182 synodo
1026 1141 1121 1172 Greci
1155 1141 1371 1182 patriarcham
1409 1152 1501 1172 suum
1540 1140 1802 1171 inconvenienter

146 1193 341 1235 appellantss,
359 1193 556 1234 apostolatus
573 1196 679 1224 vester
700 1193 901 1224 adulationim
917 1194 1043 1224 veniam
1065 1193 1119 1224 det
1138 1203 1236 1234 saepe
1252 1193 1406 1234 praelatis
1429 1194 1493 1223 suis
1516 1203 1578 1224 non
1602 1193 1668 1223 sine
1691 1202 1801 1233 repre-

147 1245 300 1277 hensione
333 1245 461 1286 placere
493 1244 705 1276 studentumn.
743 1244 864 1276 Verum
894 1255 964 1275 cum
996 1244 1081 1285 apud
1109 1244 1419 1286 Constantinopolim
1450 1245 1592 1285 positus9
1617 1244 1802 1285 frequenter

147 1296 269 1328 Grecos
303 1307 398 1338 super
432 1296 493 1327 hoc
525 1296 681 1327 vocabulo
712 1296 982 1337 reprehenderem
1015 1299 1047 1327 et
1075 1296 1174 1327 fastus
1205 1297 1275 1327 vel⁰
1305 1297 1528 1337 arrogantiaev
1559 1296 1799 1337 redarguerem,

147 1348 344 1383 asserebant,
369 1347 455 1389 quod
475 1358 538 1379 non
561 1347 634 1379 ideo
660 1349 896 1387 oecomenicon,
914 1358 1008 1388 quem
1033 1348 1123 1379 multi
1146 1348 1361 1379 universalem
1383 1348 1586 1388 interpretati
1609 1351 1691 1387 sunt,
1714 1347 1800 1378 dice-

147 1403 219 1431 rent
242 1400 468 1440 patriarcham,
486 1399 571 1441 quod
595 1400 734 1430 universi
757 1399 842 1430 orbis
866 1402 975 1430 teneat
998 1399 1225 1440 praesulatum,
1242 1399 1299 1430 scd
1324 1399 1410 1441 quod
1434 1399 1561 1430 cuidam
1580 1400 1663 1440 parti
1679 1399 1800 1440 praesit

148 1451 241 1487 orbis,
273 1461 355 1492 quae
386 1462 405 1481 a
434 1451 612 1482 christianis
642 1451 847 1482 inhabitatur.
893 1450 976 1481 Nam
1001 1451 1086 1492 quod
1110 1450 1214 1482 Grece
1240 1451 1407 1481 oecumeni
1431 1453 1571 1491 vocatur,
1599 1451 1711 1482 Latine
1735 1461 1798 1481 non

148 1503 250 1534 solum
275 1502 369 1540 orbis,
394 1513 413 1533 a
437 1503 524 1533 cuius
546 1502 753 1533 universitate
777 1502 965 1533 universalis
989 1501 1180 1542 appellatur,
1204 1512 1315 1532 verum
1339 1502 1439 1533 etiam
1462 1501 1619 1533 habitatio
1637 1502 1687 1533 vel
1711 1502 1799 1533 locus

148 1554 332 1586 habitabilis
358 1556 567 1595 nuncupatur.
618 1553 682 1584 Sed
712 1556 744 1584 et
773 1553 852 1584 illud
882 1552 1067 1592 notandum,
1098 1553 1249 1594 quoniam
1278 1554 1472 1594 ubicumque
1502 1554 1534 1584 in
1563 1554 1656 1584 huius
1687 1553 1800 1594 synodi

147 1609 239 1637 textu
263 1605 498 1636 subsistentiam
519 1604 622 1646 posui,
638 1615 809 1645 personam
831 1603 967 1645 intelligi
982 1604 1078 1635 volui.
1110 1604 1204 1640 Quod
1227 1605 1311 1635 enim
1328 1603 1432 1635 Grece
1456 1605 1657 1646 hypostasisq
1675 1604 1799 1642 dicitur,

146 1657 207 1688 hoc
230 1657 372 1688 nonnulli
395 1661 591 1698 personamr,
613 1656 771 1686 nonnullir
792 1666 869 1687 vero
893 1656 1130 1687 subsistentiam
1154 1656 1357 1697 interpretati
1380 1659 1460 1689 sunt.
1500 1656 1601 1687 Porro
1626 1656 1800 1687 subsisten-

147 1709 224 1740 tiam
247 1709 339 1740 multi
361 1718 542 1750 personam,
564 1708 655 1739 multi
678 1718 752 1739 vero
777 1707 987 1738 substantiam
1013 1712 1098 1738 esse³
1117 1707 1354 1738 intellexerunt.
1394 1709 1438 1739 At
1462 1718 1522 1749 ego
1552 1707 1639 1739 illost
1662 1711 1800 1746 secutus,

147 1761 201 1802 qui
228 1759 464 1791 subsistentiam
494 1770 558 1790 non
587 1759 807 1799 substantiam,
832 1759 889 1790 sed
918 1769 1090 1800 personam
1119 1759 1262 1800 intellegi
1287 1760 1456 1790 voluerunt
1478 1777 1520 1780 —
1543 1760 1652 1801 magni
1682 1759 1800 1800 quippe

147 1816 220 1844 sunt
236 1831 286 1853 —,
309 1812 501 1853 ubicumque
525 1811 629 1842 Grece
653 1811 684 1842 in
707 1811 768 1846 hoc
792 1810 902 1842 codice
925 1811 1134 1852 hypostasin¹¹
1156 1811 1294 1852 repperi,
1312 1812 1343 1841 in
1368 1811 1624 1842 subsistentiamv
1642 1810 1799 1842 transtuli.

147 1863 229 1895 hanc
254 1874 433 1904 personam,
466 1863 546 1894 sicut
574 1866 605 1893 ct
634 1863 689 1894 alii
718 1873 815 1903 quam
845 1862 982 1903 plurimi,
1007 1862 1118 1893 volens
1140 1863 1287 1903 intelligi.
1336 1862 1439 1893 Tanta
1463 1863 1560 1903 igitur
1583 1863 1801 1893 ametor-itateW

251 2026 274 2058 ²)
293 2028 369 2052 facile
390 2027 416 2058 (l,
431 2027 465 2056 D,
479 2026 535 2051 Dz.
626 2026 649 2058 b)
669 2027 830 2059 deprecassor
852 2025 878 2050 G.
971 2026 993 2057 e)
1013 2034 1061 2050 om.
1076 2025 1103 2056 0,
1113 2025 1148 2057 D,
1160 2026 1187 2049 D
1200 2029 1216 2050 1.
1301 2025 1326 2059 d)
1344 2027 1403 2059 plus
1422 2026 1485 2051 add.
1499 2024 1529 2050 D
1547 2026 1574 2050 in
1593 2034 1684 2058 mary„
1704 2025 1755 2050 D1
1774 2026 1803 2050 in

146 2075 221 2095 textu.
305 2069 326 2101 θ)
346 2071 393 2094 ΠΓο
413 2069 440 2094 C.
522 2068 540 2101 s)
560 2078 649 2095 carum
670 2069 696 2094 C.
785 2068 809 2100 Β)
829 2077 897 2093 corr.
910 2077 940 2093 eac
958 2069 1094 2093 turbarum
1115 2069 1141 2094 Ο.
1226 2068 1251 2100 ¹¹)
1271 2070 1316 2101 qui
1335 2077 1384 2094 nec
1401 2070 1524 2094 tubarum
1546 2069 1572 2094 Ο.
1650 2067 1669 2099 i)
1691 2077 1758 2093 corr.
1772 2077 1803 2093 ea:

147 2113 246 2146 probris
267 2111 294 2138 Ο.
381 2111 408 2144 k)
426 2121 514 2138 eorum
536 2113 561 2143 Ο,
575 2113 609 2143 D,
622 2112 682 2137 01.
770 2111 788 2143 1)
807 2120 873 2137 corr.
886 2116 914 2136 ut
931 2111 981 2137 vid.
995 2120 1025 2137 ea·
1044 2112 1092 2136 hoc
1112 2111 1138 2135 D
1149 2115 1168 2137 1.
1266 2113 1298 2144 ¹¹1)
1318 2113 1465 2137 adulacioni
1487 2112 1512 2143 (J,
1530 2112 1565 2142 D,
1576 2112 1634 2141 DJ,
1653 2121 1693 2136 -u-
1711 2116 1739 2136 ut
1751 2113 1803 2137 vid.

149 2165 216 2182 corr.
234 2156 260 2181 C.
340 2155 364 2186 ¹¹)
382 2156 541 2181 studentium
556 2154 584 2186 C,
598 2155 632 2187 D,
646 2155 702 2180 D1.
782 2154 805 2187 ⁰)
819 2163 867 2180 om.
881 2154 906 2180 O.
986 2154 1011 2186 Ρ)
1030 2155 1208 2187 arrogancium
1223 2155 1255 2185 Cf
1273 2156 1448 2188 arrogantiam
1462 2155 1495 2187 D,
1506 2155 1533 2180 D
1543 2158 1564 2180 1.
1643 2154 1668 2187 q)
1687 2156 1803 2188 ypotasis

150 2201 177 2231 (J,
191 2199 294 2231 D,D1.
370 2199 393 2227 r)
411 2207 459 2225 om.
475 2199 500 2224 Ο.
580 2198 601 2230 ⁵)
621 2199 699 2224 etiam
718 2199 751 2230 D,
766 2198 821 2224 D1.
900 2197 919 2230 t)
939 2199 996 2224 illos
1015 2207 1063 2230 ego
1083 2198 1111 2230 O,
1123 2198 1158 2230 D,
1171 2198 1228 2223 D1.
1316 2200 1342 2230 ¹¹)
1361 2199 1481 2232 ypotasin
1501 2199 1533 2228 C',·
1551 2199 1677 2231 ypotasim
1697 2198 1731 2228 D,
1744 2198 1804 2224 DJ.

148 2242 172 2273 v)
191 2243 362 2268 substantiam
375 2242 401 2267 B
412 2247 435 2267 et
455 2242 488 2271 G,·
509 2242 554 2267 secl
571 2242 606 2274 cf.
619 2242 727 2274 exempli
741 2242 831 2274 ,qratia
848 2242 918 2274 epist.
931 2241 1034 2266 Tarasii
1051 2242 1077 2266 in
1098 2241 1155 2267 III.
1175 2242 1273 2267 actione
1291 2243 1425 2267 relectam:
1444 2240 1471 2266 ἒν
1485 2240 1566 2274 τρισὶν
1579 2240 1758 2271 ὗποστάσεσιν,
1776 2241 1804 2266 id

147 2286 216 2317 quod
228 2285 384 2310 Anastasius
402 2285 486 2310 vertit:
508 2285 534 2309 in
553 2285 633 2310 tribus
651 2285 831 2315 subsistentiis,
851 2285 885 2318 cf.
896 2284 985 2310 Manet*
1003 2284 1078 2310 Cone.
1090 2285 1147 2310 coll.
1160 2284 1227 2316 XII,
1243 2284 1328 2317 112112
1338 2285 1373 2310 D.
1438 2284 1467 2316 w)
1481 2285 1516 2309 al.
1526 2294 1560 2310 m.
1572 2285 1633 2309 add.
1642 2285 1671 2309 v1⁸77.
1682 2293 1764 2316 marg.
1775 2284 1802 2309 C.

253 2370 277 2402 1)
311 2369 352 2404 Cf.
372 2369 526 2404 Dionysius
555 2369 696 2402 Exiguus,
735 2369 821 2396 Codex
852 2377 985 2395 canonum
1013 2370 1261 2403 ecelesiasticorum,
1287 2370 1438 2403 praefatio,
1467 2369 1506 2395 ecl.
1534 2369 1629 2402 Miyne
1658 2369 1732 2395 Patr.
1756 2369 1803 2395 lat.

152 2413 348 2444 LXV11,142.
471 2413 498 2445 2)
517 2412 669 2446 Stephanus
695 2421 770 2446 papa
800 2412 860 2439 III.
884 2413 915 2438 in
945 2412 1058 2439 concilio
1083 2422 1108 2440 α.
1130 2417 1174 2440 769
1198 2413 1331 2439 Laterani
1365 2412 1465 2445 habito,
1497 2412 1569 2438 actio
1595 2411 1655 2443 IV„
1680 2411 1803 2437 ed.MG.

149 2455 250 2483 Concil.
261 2455 305 2488 II,
320 2458 364 2482 88.
469 2455 495 2489 3)
514 2455 556 2482 De
573 2455 621 2482 hoc
639 2455 771 2482 Iohannis
786 2455 866 2482 VIII.
885 2455 986 2482 decreto
1007 2455 1079 2482 nihil
1095 2456 1173 2482 nobis
1192 2456 1247 2482 nisi
1264 2463 1297 2482 ea:
1316 2456 1358 2482 his
1376 2455 1522 2482 Anastasii
1540 2455 1624 2481 verbis
1642 2457 1736 2481 notum
1757 2457 1803 2481 est.

147 2500 174 2531 4)
195 2499 236 2533 Cf.
258 2503 279 2525 1.
300 2506 361 2524 can.
383 2497 445 2524 Vll.
463 2497 562 2532 synodi
585 2498 698 2531 interpr.
718 2498 826 2531 Anast.,
856 2498 895 2525 ed.
909 2499 1003 2533 Miyne
1022 2499 1097 2526 Patr.
1111 2498 1158 2526 lat.
1178 2498 1391 2531 GXXIX,·180.
1505 2498 1532 2531 5)
1556 2497 1617 2524 Scil.
1637 2498 1668 2523 in
1693 2497 1804 2531 septima

147 2541 258 2575 synodo,
278 2541 358 2567 cuias
375 2541 407 2567 in
425 2541 492 2567 actis
504 2541 566 2567 illae
581 2541 687 2575 regulae
703 2541 915 2568 continebantur.
942 2541 1032 2568 Errat
1052 2541 1143 2574 Hefele
1153 2540 1460 2576 ‘Concilienyesehwhte'
1473 2544 1482 2558 ²
1496 2541 1554 2573 III,
1566 2544 1617 2568 347
1633 2549 1698 2567 ann.
1713 2546 1736 2574 1,
1756 2541 1804 2574 qui

147 2584 188 2611 his
211 2584 295 2611 verbis
319 2584 396 2610 nisus
418 2584 528 2617 putavit
546 2584 692 2611 Iohannem
705 2584 789 2611 VIII.
808 2585 856 2611 hoc
880 2584 1012 2611 decretum
1035 2585 1066 2611 in
1089 2585 1206 2618 quadam
1232 2584 1335 2619 synodo
1356 2584 1576 2618 promulgavisse.
1682 2584 1708 2616 6)
1727 2583 1805 2609 Haec

151 2635 199 2653 νοω
225 2634 258 2653 esc
283 2627 344 2653 iure
368 2626 494 2653 Romano
519 2630 626 2660 sumpta
649 2630 694 2660 est,
720 2630 755 2662 cf.
778 2627 1037 2654 Heumann-seem
1053 2627 1288 2654 ‘Handlexiluoffl
1304 2636 1332 2661 p.
1347 2631 1404 2654 353.
1518 2628 1544 2657 7)
1566 2626 1621 2653 Hic
1640 2626 1804 2652 Anastasius

149 2671 230 2701 errat,
249 2672 285 2704 cf.
298 2669 390 2704 Hefele
408 2670 426 2696 l.
440 2670 456 2696 l.
468 2669 530 2702 ΙΙΙ,
542 2673 593 2697 347
609 2678 674 2697 ann.
688 2674 711 2697 2.
821 2671 847 2704 8)
869 2670 911 2705 Of.
925 2671 999 2704 epist.
1013 2670 1124 2697 Nicolai
1141 2671 1166 2698 I.
1187 2671 1252 2704 Req.
1266 2671 1339 2703 Jaffe'
1357 2674 1431 2703 2879,
1450 2669 1490 2697 ed.
1504 2669 1574 2696 MG.
1588 2669 1676 2703 Epist.
1692 2668 1739 2701 VI,
1754 2672 1804 2696 604

149 2713 233 2746 ᾖδες.
253 2715 279 2739 et
296 2712 385 2739 Perels
402 2713 418 2740 I.
431 2712 448 2739 I.
458 2721 488 2746 p.
503 2716 548 2740 255
555 2721 591 2746 sq.
626 2714 686 2740 Iam
703 2713 868 2740 Hadrianus
882 2714 905 2740 Ι.
923 2722 999 2747 papa
1020 2714 1163 2740 Tarasium
1181 2714 1370 2747 patriarcham
1387 2712 1581 2739 ‘universalem’
1607 2712 1738 2745 appellari
1756 2712 1804 2738 mi-

150 2755 220 2782 nime
246 2763 346 2789 passus
380 2758 450 2788 erat;
479 2756 513 2789 cf.
535 2756 597 2790 Rea.
616 2756 689 2789 Jaffe
713 2760 789 2789 2448,
817 2756 855 2783 ed.
875 2757 971 2783 Mansi
1000 2756 1076 2784 Cone.
1098 2757 1155 2784 coll.
1176 2757 1245 2790 XLI,
1265 2760 1329 2783 1074
1348 2756 1383 2783 Β.
1506 2756 1533 2788 9)
1555 2755 1596 2787 Cf.
1609 2763 1694 2789 supra
1714 2763 1743 2788 p.
1756 2759 1805 2781 410

151 2796 166 2824 ἶ.
185 2802 210 2824 15
220 2806 257 2832 sq.

255 2850 405 2877 Brisa-omn
418 2851 478 2884 VH,
487 2852 511 2878 2.
1565 2850 1597 2875 5:3-
