2189 3042
201 746 225 764 10

201 1003 224 1021 15

202 1261 227 1280 20

201 1890 226 1909 30

201 2176 225 2196 35

202 2494 228 2512 40

204 2743 228 2761 45

582 166 811 193 FRAGMENTA
832 166 998 193 REGISTRI
1022 166 1198 193 IOHANNIS
1217 166 1292 192 VIII.
1313 166 1430 192 PAPAE
1452 167 1494 193 43.
1512 167 1553 193 44.
1828 171 1890 201 299

910 269 1071 303 [BOSO]N12
1090 271 1235 296 COMlT11.

353 324 555 366 Audgariusb
571 324 763 356 venerabilis
780 325 969 365 episcopus2
987 325 1061 356 olim
1078 325 1163 366 apud
1181 325 1291 356 sedern
1308 325 1517 366 apostolicam
1534 329 1707 369 utcumque
1725 332 1892 359 accusatus

243 380 387 408 nostram
410 377 604 418 presentiam
628 376 757 406 adiens0
780 375 820 407 de
843 375 902 415 his,
927 387 988 417 que
1013 376 1053 407 ab
1078 376 1318 407 accusatoribus
1342 377 1405 407 suis
1430 377 1489 408 sibi
1513 377 1594 409 obici
1616 378 1812 419 dicebantur,
1837 380 1891 411 sed

244 428 385 459 reddidit
407 428 620 467 innocentem,
645 427 792 458 videlicet
816 428 890 468 quia
914 437 972 458 nec
995 431 1197 458 accusatores
1220 427 1304 458 illius
1327 428 1417 458 iuxta
1441 439 1547 459 sacros
1564 440 1701 461 canones
1721 431 1891 470 affuerunt,

244 490 313 517 nec,
338 480 363 509 si
388 478 552 518 adessent,
581 478 621 509 ab
645 478 707 509 illis
730 480 875 509 accusari
898 482 1019 520 posset,
1050 479 1135 520 quod
1159 482 1190 510 et
1215 479 1337 510 servilis
1369 479 1562 510 condicionis
1593 481 1738 512 dicuntur
1761 482 1891 513 obnoxii

245 534 277 562 et
300 530 430 570 infamie
452 530 556 561 notari
573 532 704 570 possunt
720 533 810 560 reatu
819 530 840 560 ³.
872 530 939 561 Nos
957 531 1039 561 enim
1057 531 1140 561 hunc
1157 533 1229 561 ante
1246 530 1443 561 audientiam
1462 531 1628 572 dampnari
1645 538 1725 563 none
1742 535 1890 574 patimur,

245 581 334 623 quiaf
356 591 451 612 unam
475 583 599 622 partem
623 581 690 612 sine
714 581 816 612 altera
839 581 980 612 iudicare
1004 592 1066 612 non
1084 592 1251 622 possumus
1267 592 1325 612 nec
1343 582 1508 623 debemus,
1533 583 1589 614 sed
1612 584 1739 614 interim
1756 585 1890 617 moleste

244 633 418 673 accipimus
445 632 613 663 audientes
641 635 705 663 tam
738 633 769 663 in
800 643 872 664 eum
904 644 998 674 quam
1028 634 1059 664 in
1090 644 1140 664 res
1170 633 1230 663 sibi
1259 634 1428 664 commisse
1459 634 1614 674 aecclesie
1643 636 1743 666 multa
1772 636 1890 676 inferri,

243 685 395 725 precipue
421 694 491 714 cum
515 684 725 724 ignominiose
749 687 902 715 tractetur
926 689 958 716 et
981 696 1000 715 a
1023 685 1082 715 sibi
1112 684 1262 715 subiectis
1293 684 1418 715 diverso
1448 685 1544 716 modo
1574 686 1732 717 laceratus
1764 688 1891 729 existat,

244 735 326 766 adeo
355 738 389 766 ut
418 745 436 765 a
466 735 582 765 vilibus
612 735 812 766 hominibusg
843 746 906 766 non
936 736 1037 766 solum
1069 745 1203 776 persone
1232 746 1288 766 sue
1319 739 1471 776 parentur
1497 737 1625 777 insidie,
1656 748 1765 769 verum
1794 740 1891 770 etiam

245 787 347 817 omnis
372 786 583 827 episcopalish
607 786 744 827 dignitas
768 787 982 818 subtrahatur.
1029 786 1103 822 Quii
1127 786 1187 817 etsi
1209 786 1290 817 iuste
1321 786 1453 817 forsitan
1483 789 1679 829 criminatur,
1708 800 1770 820 non
1795 791 1892 821 debet

245 841 320 869 ante
346 837 568 868 audienciamk
591 848 650 869 nec
674 838 847 869 honoribus
870 849 929 869 nec
952 838 1047 869 rebus
1071 839 1134 868 suis
1158 837 1284 876 nudari,
1314 837 1416 869 donec
1440 841 1505 868 tam
1530 840 1598 879 ipso
1622 843 1771 871 accusato
1796 852 1891 882 quam

246 890 314 920 eius
337 889 576 920 accusatoribus
600 890 694 920 simul
718 900 825 921 coram
849 890 940 921 nobis
964 892 1028 929 aut,
1053 890 1128 930 quia
1151 889 1261 920 sedem
1285 892 1426 919 nostram
1449 890 1633 931 appellavit,
1658 901 1765 922 coram
1788 894 1891 924 missis

245 942 361 972 nostris
396 941 546 972 exhibitis
575 940 767 982 legitimuml
802 952 898 972 causa
927 941 1022 972 finem
1053 941 1199 981 accipiat.
1250 940 1381 971 Interim
1410 944 1518 971 autem
1547 941 1708 983 iubemus,
1743 947 1778 974 ut
1807 946 1892 975 omni

245 992 366 1023 honore
402 996 434 1023 et
468 1003 597 1023 suorum
627 993 862 1034 dispositionem
890 994 957 1023 sine
987 992 1218 1033 impedimento
1252 994 1373 1031 utatur,
1408 995 1442 1022 ut
1477 992 1726 1024 ecclesiasticam
1754 996 1892 1026 retinens

246 1046 442 1084 potestatem
465 1043 552 1074 nulla
579 1044 611 1074 in
635 1045 764 1085 aliquon
788 1044 943 1075 sustineat
967 1044 1175 1083 detrimenta,
1207 1043 1295 1083 quia,
1329 1053 1400 1073 cum
1429 1053 1486 1073 nos
1509 1054 1568 1074 nec
1593 1054 1664 1075 eum
1693 1045 1733 1076 de
1761 1046 1892 1077 crimine

247 1105 412 1135 excusare,
443 1105 502 1126 nec
526 1095 565 1126 de
589 1096 771 1126 innocentia
795 1095 1030 1136 condempnare
1055 1094 1205 1134 velimus,
1234 1094 1260 1123 si
1284 1096 1358 1124 ante
1382 1094 1578 1125 audientiam
1602 1096 1687 1126 male
1711 1099 1892 1138 tractetur‘),

246 1149 381 1184 tantum,
404 1156 444 1177 ne
462 1146 614 1188 deinceps
635 1147 720 1186 fiatp,
744 1146 972 1186 interdicimus,
990 1148 1142 1187 quantum
1160 1145 1335 1175 libraminis
1358 1145 1449 1176 lance
1475 1150 1587 1177 cuncta
1607 1147 1787 1187 ponderare
1803 1148 1892 1180 iube-

246 1207 326 1237 mur,
350 1208 413 1228 non
430 1198 627 1229 declinantes
651 1198 693 1229 ad
710 1198 877 1229 dexteram
900 1208 959 1228 nec
983 1197 1023 1228 ad
1044 1198 1213 1228 sinistram.
1249 1196 1419 1227 Postremo
1437 1196 1550 1228 diceris
1574 1198 1656 1228 inter
1672 1198 1744 1239 alia,
1774 1202 1808 1229 ut
1830 1211 1893 1231 non

247 1248 349 1279 solum
384 1249 444 1289 ipsi
477 1249 649 1290 episcopoq
678 1250 719 1280 ad
752 1260 842 1280 suum
874 1250 1085 1280 ministerium
1114 1247 1334 1289 peragendum
1362 1248 1534 1288 impedias,
1567 1249 1624 1280 sed
1660 1250 1783 1291 etiamr,
1815 1262 1893 1292 quas

245 1310 300 1331 sue
332 1300 488 1341 aecclesie
517 1301 684 1332 Aribertus
715 1311 823 1332 comes
852 1300 1041 1339 donaverat,
1073 1302 1245 1340 occupatas
1276 1299 1429 1335 retineam
1462 1310 1540 1340 quas
1570 1301 1717 1332 iubemus
1747 1303 1894 1333 continuo

246 1351 306 1391 ipsi
336 1352 492 1383 aecclesie
522 1352 673 1393 reddere,
703 1358 763 1383 neS
791 1352 930 1383 videaris
961 1352 1090 1393 quidem
1120 1362 1183 1382 non
1210 1351 1279 1382 zelo
1308 1351 1432 1382 iusticie
1461 1351 1518 1382 sed
1549 1352 1666 1383 invidie
1697 1356 1729 1384 et
1757 1354 1893 1385 avaricie

246 1402 369 1433 facibus
392 1413 545 1435 accensus
570 1404 712 1445 episcopi
735 1404 817 1435 velle
841 1403 1055 1434 innocentiam
1080 1402 1253 1433 maculare.

1044 1538 1094 1566 44.

353 1594 512 1626 Iohannes
529 1594 624 1626 VIII.
636 1606 725 1636 papa
741 1596 864 1627 Illalzcn
880 1595 1112 1635 archiepiscopo
1129 1594 1289 1635 (Doleuse')
1306 1596 1437 1626 nuntiat
1459 1607 1490 1627 sc
1511 1596 1739 1628 ordinationem
1754 1608 1892 1637 quorun-

215 1658 226 1677 5
246 1646 319 1677 dam
337 1646 558 1678 monachorum
574 1647 840 1679 Britannicorum
856 1648 916 1678 rite
931 1650 1034 1678 actccm
1050 1647 1217 1684 indicasse,
1242 1646 1312 1678 licet
1327 1647 1366 1678 ab
1383 1647 1553 1679 Heclocaro
1569 1648 1678 1679 abbate
1694 1652 1892 1689 usurpatam.

1571 1700 1723 1730 874—75
1749 1701 1790 1731 in.

349 1748 425 1775 Coa:
453 1750 478 1775 A
496 1751 578 1783 f.13*2
595 1758 621 1776 n.
632 1754 671 1777 41.
690 1764 722 1768 —
742 1749 821 1782 [Coa.
841 1750 940 1776 Tuo-on.
953 1749 1071 1783 deperd.;
1089 1751 1124 1783 cf.
1142 1749 1204 1776 NA.
1226 1749 1373 1782 XXXVI,
1394 1753 1440 1775 106
1459 1701 1588 1783 annot.(1,
1611 1750 1771 1783 XXXVII,
1788 1701 1893 1786 30³1qu

347 1800 431 1826 EM:
458 1801 580 1827 Martene
603 1801 725 1827 Veterum
743 1801 833 1834 script.
852 1803 874 1827 et
892 1803 1055 1827 monument.
1074 1809 1143 1826 nora
1161 1800 1279 1826 collectio
1299 1800 1454 1834 (Rotomagi
1474 1801 1547 1834 1700)
1563 1810 1591 1834 p.
1605 1805 1634 1827 51
1647 1801 1710 1835 [M]
1728 1802 1798 1828 inter
1815 1802 1894 1828 ‘Acta

244 1843 319 1869 vccria
339 1843 368 1868 in
387 1851 471 1869 causa
483 1844 607 1870 Dolensis
625 1844 792 1877 episcopatus
809 1851 841 1879 ea:
856 1843 969 1870 archivis
985 1843 1146 1869 Turonensis
1164 1843 1302 1875 ecclesiae‘,
1321 1843 1446 1869 Mai-tene
1464 1846 1488 1869 ct
1500 1843 1620 1869 Dav-muz
1642 1844 1794 1871 Thesaurus
1811 1853 1895 1870 novus

245 1885 431 1912 anecdotorum
450 1887 503 1912 ΙΙΙ
516 1887 608 1919 (Paris
627 1888 699 1919 1717)
719 1895 748 1920 p.
759 1890 808 1913 867
826 1886 877 1919 [M
882 1887 904 1920 ¹]
925 1898 956 1908 =
976 1886 1108 1912 Mabillon
1132 1886 1205 1912 Ann.
1225 1886 1282 1912 orcl.
1302 1894 1322 1913 s.
1341 1886 1476 1912 Benedicti
1499 1886 1563 1918 III,
1584 1889 1632 1912 683
1656 1895 1682 1912 n.
1696 1890 1730 1913 26
1750 1899 1781 1909 =
1802 1888 1895 1921 Mtyne

244 1928 320 1955 Patr.
335 1929 379 1956 lat.
397 1929 531 1962 CXXVI,
554 1933 601 1956 941
622 1937 648 1956 n.
663 1933 721 1956 342.
742 1944 772 1949 —-
793 1929 870 1963 Rea:
890 1929 989 1955 Ewald
1008 1929 1072 1955 NA.
1097 1929 1125 1961 V,
1140 1932 1185 1955 311
1203 1938 1229 1954 n.
1244 1933 1274 1954 41
1293 1936 1325 1955 ex
1343 1930 1375 1955 A.
1413 1929 1486 1960 Jaffe'
1505 1929 1567 1961 Rey.
1582 1932 1649 1955 3003
1668 1930 1764 1962 (2589).

839 2012 962 2036 MAGNO
981 2010 1301 2036 ARCHIEPISCOPOW.

352 2062 472 2093 Notum
503 2064 543 2093 sit
570 2063 673 2103 vobis,
705 2062 865 2104 quomodo
893 2062 1079 2103 Resgaulon
1114 2066 1146 2093 et
1178 2062 1323 2093 Gorbilib
1351 2072 1422 2093 cum
1457 2062 1527 2093 aliis
1562 2063 1726 2094 monachis
1761 2074 1895 2104 corpora

244 2113 462 2155 apostolorum
485 2114 668 2145 visitaruntc
691 2118 862 2155 nostraque
886 2115 918 2145 in
941 2115 1104 2155 presentia
1128 2117 1292 2145 venerunt.
1338 2113 1458 2144 Postea
1483 2113 1523 2145 de
1547 2114 1674 2145 illorum
1696 2115 1894 2146 ordinatione

245 2165 400 2196 aliorum‘1
413 2165 556 2196 necnond
573 2166 803 2197 monachorum
820 2170 893 2207 pere
908 2165 1121 2206 ignorantiam
1135 2165 1175 2196 ab
1189 2164 1369 2196 Heclocaro
1387 2164 1520 2196 abbates
1536 2169 1671 2206 accepta
1687 2166 1894 2206 iudieamuss,

353 2280 378 2312 v÷⁴J
398 2280 533 2306 Iohannes
548 2280 687 2306 Romanae
706 2280 778 2306 sedis
797 2281 944 2314 episcopus
957 2281 1060 2307 dilecto
1079 2282 1164 2313 atque
1177 2280 1320 2314 praeclaro
1340 2280 1397 2306 filio
1414 2280 1508 2306 Maino
1523 2280 1732 2313 archiepiscopo
1746 2288 1852 2306 necnon
1867 2282 1893 2306 et

402 2323 500 2349 ceteris
513 2323 652 2357 episcopis
665 2331 715 2356 per
728 2323 902 2350 Britanniam
916 2324 1155 2350 commanentibus
1171 2323 1289 2350 salutem
1304 2325 1332 2350 et
1346 2323 1531 2357 apostolicam
1545 2323 1767 2349 benedictionem
1781 2323 1821 2355 M,
1838 2323 1894 2348 Μ’.

348 2400 390 2427 43.
418 2401 441 2432 ²³⁴)
461 2399 477 2433 [.
490 2420 494 2425 .
506 2400 595 2433 .a?]ui
613 2400 650 2431 A,
673 2405 739 2426 recte
758 2402 842 2433 suppl.
861 2401 964 2426 Ewald.
1070 2400 1095 2434 b)
1114 2401 1198 2427 littera
1217 2401 1324 2426 initialis
1343 2402 1404 2427 aelel.
1425 2402 1451 2426 [η
1471 2410 1551 2433 nim-y.
1566 2401 1599 2426 A.
1704 2400 1727 2432 c)
1746 2401 1842 2425 adhens
1861 2400 1892 2424 A.

246 2443 270 2475 tl)
289 2448 328 2469 set
346 2444 378 2469 A.
450 2443 472 2475 θ)
492 2453 516 2469 n.
531 2444 563 2469 A.
634 2443 653 2476 f)
672 2452 692 2476 q·
711 2444 742 2470 A.
819 2444 844 2476 g)
862 2445 981 2470 homibus
1000 2445 1033 2470 A.
1108 2443 1132 2476 h)
1152 2443 1196 2477 epi
1215 2445 1264 2470 del.
1284 2449 1342 2469 ante
1361 2445 1514 2477 episcopalis
1533 2444 1566 2469 A.
1644 2442 1661 2474 i)
1681 2452 1746 2468 corr.
1761 2452 1791 2468 ea:
1809 2436 1843 2474 qd
1862 2443 1895 2468 A.

245 2486 270 2519 k)
290 2496 357 2512 corr.
371 2495 401 2512 cx
419 2488 583 2512 audiencium
602 2487 635 2512 A.
710 2487 728 2519 l)
747 2488 863 2520 legitimu
883 2489 914 2512 A.
990 2489 1022 2519 m)
1042 2488 1186 2520 disposione
1205 2487 1237 2512 A.
1308 2487 1333 2519 n)
1352 2488 1450 2519 inliquo
1470 2487 1504 2518 A,
1521 2495 1589 2512 corr.
1603 2486 1708 2518 Bislzop,
1784 2484 1807 2517 0)
1827 2494 1893 2510 corr.

245 2539 275 2555 ea:
292 2535 415 2555 tractatur
433 2530 466 2555 A.
553 2530 577 2562 P)
597 2531 630 2556 sit
647 2530 685 2562 A,
704 2540 770 2556 corr.
784 2531 956 2564 Loezvenfeld.
1045 2531 1068 2563 q)
1089 2540 1154 2556 corr.
1169 2540 1199 2556 esc
1217 2531 1259 2563 ῆὶ
1279 2530 1311 2555 A.
1404 2531 1425 2561 r)
1445 2530 1538 2555 excidit
1560 2538 1600 2554 res
1620 2533 1664 2553 aut
1682 2528 1762 2553 simile
1781 2528 1841 2559 quid
1861 2528 1893 2552 A.

245 2573 265 2605 Ξ)
285 2573 346 2598 aad.
365 2581 446 2605 supra
465 2573 559 2598 lincam
580 2574 613 2599 A.

348 2615 390 2642 44.
419 2617 442 2648 a)
461 2617 555 2649 arches]
573 2617 606 2642 A.
700 2616 724 2647 b)
744 2618 883 2650 Resgallon
902 2621 926 2642 et
946 2618 1042 2642 Coi-vili
1060 2617 1102 2649 JI,
1120 2617 1175 2642 M1.
1272 2616 1293 2647 ο)
1312 2616 1416 2641 visitare
1437 2615 1468 2640 A.
1566 2613 1590 2641 (1)
1610 2618 1634 2639 et
1652 2614 1760 2638 alioruin
1780 2612 1817 2643 4ἸῘ,
1837 2612 1892 2636 1111.

246 2658 268 2691 0)
287 2664 312 2685 et
330 2659 363 2684 A.
451 2658 470 2690 5)
489 2660 573 2685 cibate
591 2660 624 2685 A.
712 2661 737 2692 8)
756 2661 927 2686 iudicavimus
948 2661 985 2692 M,
1005 2660 1060 2684 JI‘.

352 2735 377 2767 1)
402 2735 551 2768 Viennensi,
568 2738 602 2769 cf.
621 2743 705 2769 supra
723 2743 750 2761 n.
764 2740 785 2768 1,
801 2744 829 2768 p.
844 2740 857 2761 1
875 2738 968 2762 annot.
984 2740 1004 2761 1.
1092 2736 1118 2767 ⁶2)
1140 2735 1179 2766 Cf.
1194 2742 1221 2759 n.
1235 2737 1269 2760 4⁸2
1287 2734 1400 2759 ciusdem,
1419 2733 1448 2758 rin
1464 2732 1587 2765 pluribus
1606 2731 1712 2757 tenoris
1801 2729 1827 2760 3)
1849 2729 1892 2760 Cf.

247 2778 377 2812 Dionysii
399 2779 459 2805 Con.
473 2778 571 2813 Synod.
590 2787 634 2812 ap.
650 2778 833 2812 Cartlzayz‘nem
852 2782 933 2805 e.1:29
952 2778 1001 2812 (ed.
1019 2779 1113 2812 Mique
1130 2778 1256 2809 LXVII,
1277 2778 1343 2807 222).

1638 2824 1686 2849 35⁵<

1914 1196 1942 1214 01.
1957 1194 2021 1214 Num.

1907 1223 1939 1245 20,
1952 1223 1974 1241 Π
1987 1223 2029 1240 etc.
