2189 3042
130 720 151 738 lu

126 977 150 994 15

123 1239 148 1258 20

125 1498 148 1516 25

123 1756 148 1775 80

123 2273 147 2290 40

485 158 663 186 IOHANNIS
675 159 751 187 VHI.
771 160 890 187 PAPAE
910 161 1108 188 EPISTOLAE
1128 162 1256 189 PASSIM
1275 163 1488 190 COLLEOTAE
1508 166 1532 191 8.
1775 169 1835 198 325

182 255 287 276 rerum
313 246 472 287 principes
496 247 594 277 totius
617 247 727 278 mundi
751 247 887 279 latitudo
911 248 1108 290 gubernatur
1133 253 1165 280 et
1188 250 1317 291 regitur,
1347 251 1431 282 hunc
1459 252 1595 293 flagellis
1623 253 1742 284 erudiri
1772 255 1835 285 fre-

182 297 353 338 quentibus
380 298 489 332 voluit,
515 298 653 339 deprimi
676 299 813 340 penitus.
839 300 919 330 sicut
943 311 961 331 a
978 300 1068 331 vobis
1092 301 1203 332 crebro
1221 301 1391 342 probatum
1414 306 1471 343 est,
1496 313 1658 345 nunquam
1683 306 1837 345 permisit.

182 352 217 379 ut
240 349 361 379 scilicet
384 348 509 380 futurus
537 351 714 391 imperator
743 351 775 381 in
804 351 895 391 regni
925 354 1086 392 potestate
1111 351 1260 393 disceret,
1284 357 1437 395 quantum
1466 356 1578 386 timere
1602 355 1776 388 Dominum
1806 358 1837 388 in

182 400 354 441 prosperis,
380 404 532 442 quantum
558 402 589 431 in
613 401 756 432 adversis
771 402 842 433 Deo
860 403 1020 434 confidere
1045 403 1219 435 debuisset.
1254 404 1295 435 Et
1312 405 1441 446 quidem
1466 407 1725 447 reprehensibilis
1743 412 1836 447 esset,

182 452 207 481 si
232 455 334 482 metas
358 453 405 482 sui
430 453 519 493 regni
544 453 727 494 ingrediens
750 453 829 484 fines
853 454 982 485 alterius
1013 459 1207 496 usurpasset,
1239 456 1263 486 si
1290 456 1403 488 fideles
1433 457 1564 489 alterius
1595 459 1768 490 sollicitans
1797 460 1837 491 ad

182 503 366 544 periurium,
393 504 475 534 sicut
491 514 547 535 vos
570 504 683 535 fecisse
701 504 891 545 probamini,
909 506 1125 547 compulisset,
1143 508 1168 538 si
1185 518 1301 548 pacem
1316 509 1417 549 regni,
1435 510 1515 540 sicut
1533 520 1587 541 vos
1604 510 1717 551 facitis,
1734 515 1836 544 teme-

181 558 291 585 rasset.
337 554 429 585 Nunc
454 565 529 586 vero
555 565 626 586 011111
652 555 802 586 divinitus
821 557 997 597 praescitus
1022 562 1053 589 et
1076 559 1333 599 praedestinatus
1357 571 1418 590 non
1443 572 1461 591 a
1484 565 1586 593 semet
1610 563 1688 604 ipso,
1713 563 1769 594 sed
1795 564 1835 594 ab

182 606 339 637 ecclesiae
362 605 425 637 Dei
449 606 523 637 filiis
546 606 697 637 invitatus
719 606 894 648 advenerit,
920 608 988 639 sine
1012 610 1166 650 sanguine
1191 610 1259 641 sola
1283 622 1340 642 sua
1364 611 1588 644 benevolentia
1612 614 1705 645 huius
1722 615 1836 646 ltaliae

181 658 369 689 fortissimos
400 657 459 688 sibi
490 657 586 688 duces
617 657 829 699 devinxerit¹,
859 660 1005 700 angelico
1035 671 1167 692 munere
1199 662 1265 693 vias
1296 673 1367 693 suas
1398 674 1456 704 per
1485 665 1570 695 invia
1600 665 1671 696 loca
1702 666 1840 698 directas

181 709 372 750 inspexerit,
410 709 568 740 frustratis
602 709 724 740 insidiis
759 711 787 741 ei
829 712 1014 751 compositis
1051 711 1201 743 divinitus
1239 713 1411 745 liberatum
1447 726 1480 746 se
1516 717 1665 757 senserit,
1700 718 1836 758 paludes

178 762 279 791 invias
303 760 362 791 sibi
385 761 511 801 pervias
540 760 639 791 factas
663 761 833 801 invenerit,
858 763 941 793 vada
965 763 1197 804 profundorum
1220 765 1385 796 fluminum
1410 766 1497 797 velut
1525 767 1607 799 alter
1637 769 1702 800 dux
1730 770 1834 801 Israe-
1851 776 2043 803 cf.Exod.14,22.

178 813 282 844 liticus
317 812 514 843 exercitibus
547 812 611 843 suis
644 823 726 854 pene
759 814 844 844 sicca
876 815 1043 855 repererit,
1078 816 1230 846 miramur
1263 820 1295 847 et
1327 816 1592 858 obstupescimus,
1628 830 1683 850 cur
1713 831 1786 852 eum
1818 833 1837 853 a

177 863 317 895 Domino
340 864 519 905 praelatum
545 875 607 895 11011
631 864 808 905 intelligitis
832 875 901 903 vos,
927 867 980 907 qui
1011 865 1177 897 sensibiles
1209 868 1294 907 estis,
1326 878 1423 909 quem
1451 869 1612 901 elementa
1641 873 1837 904 insensibilia

178 916 314 947 sensisse
346 915 501 946 videntur.
548 915 703 946 Miramur
735 918 767 947 et
797 916 1063 958 obstupescimus,
1095 928 1151 949 cur
1178 919 1381 959 parricidalia
1411 924 1521 952 contra
1550 932 1622 952 eum
1651 934 1740 954 arma
1768 936 1835 955 sus—

179 967 298 1007 tollitis,
323 977 418 1008 quem
449 966 489 998 ab
521 968 590 1008 ipsa
619 978 674 998 sua
704 968 839 1000 infantia
867 968 976 1000 multis
1007 969 1257 1001 adversitatibus
1287 970 1457 1012 fatigatum
1486 972 1619 1013 vidistis,
1650 979 1835 1016 superatum

177 1029 253 1051 vero
276 1022 468 1060 protegente
497 1018 636 1050 Domino
667 1019 797 1050 minime
829 1021 1033 1061 cognovistis.
1081 1021 1240 1060 Miramur,
1265 1022 1406 1063 inquam,
1431 1026 1462 1054 et
1486 1023 1752 1066 obstupescimus,
1783 1037 1838 1058 cur

178 1082 261 1111 011111,
279 1081 375 1112 quem
393 1070 598 1102 obedientiae
615 1081 692 1102 suae
710 1072 825 1102 merito
842 1071 932 1103 vobis
951 1072 1099 1104 divinitus
1116 1073 1297 1115 praelatum
1315 1076 1516 1117 cognoscitiS,
1540 1086 1603 1107 non
1620 1077 1701 1108 sicut
1723 1088 1836 1110 revera

176 1122 367 1155 imitabilem
391 1123 571 1164 sequimini,
603 1122 660 1154 sed
688 1124 770 1155 sicut
793 1123 1029 1165 detestabilem,
1055 1129 1209 1166 quantum
1233 1127 1263 1156 in
1287 1126 1376 1157 vobis
1401 1129 1458 1167 est,
1490 1129 1641 1170 persequi
1671 1129 1834 1171 laboratis,

177 1186 249 1206 cum
279 1175 305 1206 si
336 1175 485 1216 exemplo
510 1174 594 1205 illius
619 1174 822 1206 obedientiae
847 1186 903 1206 vos
927 1180 1037 1207 sancta
1060 1176 1154 1207 sedes
1177 1177 1355 1218 apostolica
1378 1178 1437 1209 sibi
1460 1179 1630 1220 aliquoties
1654 1181 1836 1214 devotiores

177 1229 395 1269 cognosceret,
420 1226 652 1258 benedictionis
676 1237 754 1258 suae
778 1238 835 1258 vos
859 1230 892 1258 et
914 1228 945 1258 in
969 1227 1030 1259 hoe
1054 1228 1182 1259 saeculo
1213 1229 1316 1270 gratia
1341 1229 1504 1279 debriaret
1534 1234 1566 1262 ct
1595 1232 1627 1262 in
1656 1232 1762 1264 futuro
1793 1234 1834 1265 ad

176 1279 391 1311 hereditatem
425 1279 515 1320 regni
547 1278 695 1309 caelestis
730 1277 857 1310 admitti
890 1280 954 1310 suis
987 1281 1143 1311 continuis
1175 1280 1324 1321 precibus
1357 1282 1554 1323 impetraret.
1608 1282 1672 1314 Sed
1706 1285 1833 1325 quando

176 1335 305 1363 sanctae
329 1331 398 1362 sedi
425 1330 622 1372 apostolicae
653 1330 798 1362 debitam
821 1341 877 1362 vos
909 1330 1128 1362 obedientiam
1159 1336 1341 1363 servaturos
1370 1332 1582 1374 putabimus2,
1614 1345 1694 1376 quos
1723 1340 1834 1368 contra

176 1384 238 1415 Dei
262 1382 490 1424 omnipotentis
514 1381 749 1413 ordinationem
774 1385 839 1413 tam
863 1381 1040 1413 manifestis
1071 1383 1195 1414 indiciis
1219 1383 1378 1416 rebellare
1403 1384 1568 1416 videmus?
1602 1386 1717 1428 Neque
1748 1389 1833 1420 enim

176 1438 286 1467 contra
314 1434 470 1465 Karolum
499 1436 548 1465 est
577 1444 719 1464 murmur
742 1437 893 1474 vestrum,
925 1434 982 1465 sed
1012 1438 1121 1466 contra
1144 1434 1328 1476 Dominum,
1359 1436 1448 1467 cuius
1479 1440 1527 1468 est
1558 1449 1692 1479 regnum
1723 1443 1755 1470 et
1783 1436 2009 1485 enies-Efflhfstss

176 1487 314 1518 voluerit
336 1487 405 1527 ipse
430 1484 485 1516 dat
508 1484 596 1524 illud,
621 1485 675 1526 qui
706 1486 803 1516 etiam
832 1496 890 1526 per
913 1485 1119 1517 Salomonem
1145 1486 1234 1517 dicit:
1260 1486 1336 1518 ‘Per
1364 1498 1416 1519 me
1446 1498 1539 1529 reges
1571 1494 1726 1531 regnant’,
1754 1492 1832 1523 item
1846 1501 1982 1527 Prov.a,15.

176 1548 234 1580 per
258 1537 422 1569 doctorem
452 1537 596 1578 gentium
626 1540 762 1568 testatur
785 1536 909 1568 dicens:
935 1537 1018 1568 ‘Non
1043 1541 1092 1569 est
1116 1541 1257 1579 potestas
1286 1538 1345 1570 nisi
1369 1550 1388 1570 a
1411 1539 1503 1579 Deo',
1536 1544 1567 1571 et
1595 1542 1726 1573 iterum:
1758 1544 1980 1594 ‘Quifffflg-ffh

176 1589 327 1631 potestati
350 1589 478 1629 resistit,
502 1588 563 1620 Dei
588 1588 780 1620 ordinationi
803 1589 942 1620 resistit?
975 1588 1103 1621 ‘Redite
1127 1590 1224 1631 igitur
1245 1592 1522 1632 praevaricatores
1547 1592 1588 1624 ad
1605 1596 1679 1634 cor‘,
1704 1597 1736 1626 et
1760 1596 1835 1637 quia
1848 1609 1949 1634 imme.

176 1652 262 1673 mors
285 1652 348 1673 non
372 1640 489 1680 tardat,
514 1640 613 1671 nolite
631 1640 760 1672 differre
785 1639 825 1672 de
851 1640 903 1672 die
927 1641 958 1671 in
975 1640 1071 1673 diem.
1107 1641 1216 1673 Nolite
1240 1641 1371 1674 socialia
1387 1643 1474 1675 bella
1498 1645 1710 1687 committere,
1734 1647 1834 1680 nolite
1851 1648 1988 1696 gfff-02¹2·

175 1693 384 1736 parricidales
405 1692 531 1733 gladios
559 1692 590 1723 iu
615 1692 791 1733 perniciem
815 1693 913 1723 vestri
936 1693 1114 1724 sustollere.
1151 1693 1260 1725 Nolite
1285 1694 1498 1727 Fontanicum
1523 1696 1714 1729 detestabile
1740 1710 1833 1740 prae·
1877 1690 1882 1700 '
1953 1690 1958 1699 ’

175 1746 253 1777 1111111
268 1753 420 1776 revocare
428 1744 451 1783 ²,
470 1744 544 1785 quia
561 1744 643 1775 sicut
655 1744 709 1785 qui
722 1754 780 1785 pro
794 1744 950 1775 ecclesiae
964 1744 1027 1775 Dei
1039 1744 1227 1776 defensione
1245 1746 1389 1786 moritur,
1406 1758 1463 1778 suo
1481 1749 1636 1789 sanguine
1654 1754 1832 1791 coronatur,

174 1797 219 1828 ita
243 1797 296 1838 qui
320 1798 430 1827 contra
453 1795 515 1826 Dei
539 1795 709 1826 ecclesiam
739 1806 885 1837 pugnans
914 1799 949 1827 ut
978 1795 1092 1838 refuga
1121 1796 1360 1828 christianitatis
1388 1799 1565 1840 perimitur,
1595 1801 1706 1841 procul
1737 1802 1833 1835 dubio

175 1848 415 1880 condemnatur.
462 1846 582 1887 Nolite,
607 1847 770 1887 carissimi,
802 1858 860 1888 pro
885 1847 1036 1879 brevibus
1060 1849 1145 1880 vitae
1177 1849 1355 1880 commodis
1384 1854 1537 1882 aeternae
1568 1855 1835 1886 remunerationis

175 1900 265 1932 vobis
294 1901 423 1931 ianuam
455 1899 616 1931 claudere.
663 1898 771 1930 Nolite
805 1910 862 1940 pro
894 1899 991 1931 rebus
1019 1900 1210 1931 transitoriis
1237 1904 1443 1933 aeternorum
1475 1902 1631 1934 bonorum
1665 1906 1835 1937 commoda

176 1952 362 1994 praeterire,
394 1951 468 1992 quia
498 1951 588 1982 iuxta
611 1950 697 1982 beati
722 1950 821 1982 Marci
851 1952 1042 1983 sententiam
1074 1951 1151 1982 nihil
1182 1953 1314 1993 prodest
1343 1953 1474 1994 homini,
1505 1956 1529 1986 si
1560 1955 1700 1987 lucretur
1729 1960 1831 1989 totum
1846 1972 2019 1999 of.Marc.s,3e.

142 2022 146 2031 .
176 2003 340 2043 mundum,
358 2003 484 2034 animae
501 2012 576 2033 vero
594 2012 670 2033 suae
688 2002 915 2033 detrimentum
932 2003 1082 2044 patiatur.
1114 2002 1219 2034 Huius
1235 2005 1282 2035 rei
1298 2006 1402 2045 gratia
1419 2006 1665 2046 generalitatem
1683 2012 1832 2048 vestram,

175 2065 272 2096 quam
295 2057 429 2095 paterno
454 2053 573 2084 affectu
596 2053 767 2094 complecti
790 2053 947 2094 volumus,
974 2054 1023 2085 his
1053 2054 1250 2096 apostolicae
1280 2056 1479 2087 auctoritatis
1509 2057 1624 2089 litteris
1654 2059 1831 2091 identidem

174 2107 341 2137 hortamur
363 2115 400 2136 ac
422 2105 630 2145 obtestamur,
652 2108 687 2136 ut
710 2105 841 2136 tandem
863 2105 1035 2147 aliquando
1059 2106 1223 2138 nobiscum
1246 2108 1367 2148 pariter
1390 2109 1564 2140 sentientes
1588 2112 1653 2141 tam
1679 2110 1830 2143 dilectum

174 2158 274 2189 filium
304 2160 444 2188 nostrum
469 2156 717 2196 Hludovicum2,
747 2156 920 2198 gloriosum
947 2167 1058 2199 regem
1089 2161 1239 2199 vestrum,
1272 2160 1297 2190 si
1331 2163 1439 2191 tamen
1471 2160 1552 2191 filius
1585 2162 1647 2193 dici
1679 2166 1829 2204 meretur,

176 2211 229 2251 qui
252 2209 449 2250 apostolicae
473 2208 557 2239 sedis
580 2209 709 2239 monitis
739 2219 867 2250 semper
894 2208 1208 2241 inobedientissimus
1239 2212 1354 2252 extitit,
1386 2213 1411 2242 si
1441 2213 1601 2253 gloriosus
1630 2214 1693 2246 dici
1722 2215 1829 2251 debet,

175 2262 228 2304 qui
253 2260 356 2292 adhuc
386 2260 418 2291 in
446 2262 611 2291 senectute
635 2259 802 2301 decrepita
825 2260 988 2292 christiani
1015 2262 1177 2303 sanguinis
1208 2262 1397 2295 effusionem
1423 2264 1595 2305 desiderat,
1626 2267 1651 2296 si
1682 2277 1739 2298 rex
1768 2267 1829 2298 dici

176 2312 283 2352 debet,
308 2313 362 2354 qui
386 2321 489 2353 neque
513 2322 569 2342 vos
593 2321 698 2353 neque
722 2315 825 2343 semet
848 2313 952 2353 ipsum
976 2323 1090 2354 regere
1114 2313 1223 2355 valuit,
1247 2315 1416 2356 quominus
1444 2315 1585 2348 absentis
1609 2317 1715 2349 fratris
1739 2320 1829 2360 regni

175 2375 289 2406 pacem
319 2367 547 2404 corrumperet,
578 2363 695 2404 quam4
719 2366 848 2395 cunctos
877 2365 974 2395 vestri
1005 2365 1096 2406 regni
1126 2365 1273 2397 homines
1296 2377 1375 2398 voce
1405 2367 1508 2399 libera
1539 2370 1696 2400 moneatis
1727 2374 1759 2402 et
1787 2370 1827 2401 ab

175 2416 339 2447 invasione
372 2415 437 2446 sive
471 2415 678 2456 oppressione
711 2415 837 2456 imperii
869 2415 977 2447 dilecti
1009 2415 1065 2447 filii
1097 2417 1195 2447 nostri
1223 2417 1334 2449 Karoli
1369 2429 1498 2460 semper
1529 2422 1655 2462 augusti
1687 2422 1828 2453 funditus

175 2467 345 2498 retrahatis
369 2476 595 2507 nunquamque
617 2466 656 2497 de
681 2465 805 2507 reliquo
829 2467 895 2497 sive
920 2467 1147 2499 blandimentis
1171 2469 1237 2500 sive
1262 2469 1437 2501 terroribus
1461 2481 1625 2503 assensum
1651 2473 1827 2513 quemlibet

277 2596 301 2623 8.
327 2599 350 2628 a)
369 2597 516 2630 putauimus
536 2596 614 2621 Sirm.

280 2682 303 2714 1)
324 2681 376 2714 Qui
391 2680 490 2714 parlim
511 2689 543 2707 m.
556 2680 701 2714 Septembri
713 2683 769 2713 875,
784 2682 886 2714 partim
907 2690 937 2707 m.
955 2681 1107 2708 Februario
1124 2686 1172 2709 876
1192 2683 1295 2716 Papiae
1314 2684 1449 2712 Κανοῑιιηι
1472 2694 1553 2720 reyem
1573 2687 1670 2712 Italiae
1688 2686 1823 2712 collauda-

176 2727 273 2750 rerant.
288 2739 320 2742 —-
335 2723 400 2749 Cum
418 2724 462 2756 eis,
482 2731 550 2756 qmte
567 2725 724 2756 sequuntur,
742 2726 777 2758 cf.
790 2732 874 2757 supra
893 2733 919 2751 11.
935 2728 949 2750 7
967 2724 1004 2758 (p.
1016 2727 1066 2751 321
1086 2725 1228 2759 l.2ssqc1.).
1300 2728 1325 2759 2)
1347 2727 1387 2760 Cf.
1400 2737 1427 2756 γι,
1443 2733 1456 2754 7
1471 2738 1498 2762 p.
1511 2732 1557 2755 321
1577 2729 1592 2755 I.
1608 2735 1631 2756 ,1.
1702 2729 1728 2762 3)
1749 2728 1824 2762 Quae

173 2769 330 2799 sequuntur,
355 2768 449 2793 iterum
468 2775 526 2793 cum
544 2767 617 2799 epist.
633 2770 647 2792 7
664 2766 700 2799 (p.
713 2769 761 2793 321
780 2767 795 2793 l.
809 2769 916 2799 5⁸98qu
933 2767 1106 2795 concordant.
1212 2770 1238 2801 4)
1261 2770 1301 2801 Cf.
1314 2778 1341 2796 ν.
1358 2775 1371 2797 7
1386 2780 1412 2804 1³.
1426 2775 1474 2798 323
1492 2772 1508 2798 l.
1521 2777 1593 2798 5-9.
