2189 3042
95 738 118 754 lu

96 1505 120 1524 25

96 1762 122 1781 80

101 2133 124 2153 35

101 2408 126 2425 40

100 2621 125 2639 50

373 175 566 202 ANASTASH
586 174 884 202 BJBLIOTHEOARJI
904 174 1103 201 EPISTOLAE
1122 174 1203 202 SIVE
1222 172 1501 200 PRAEFATIONES
1521 173 1561 200 15.
1732 176 1795 205 437

144 264 282 305 plurima
306 263 401 304 plebe
426 263 616 294 remansisse
641 266 835 300 cerneretur,
860 262 913 303 qui
944 262 1065 293 scilicet
1088 273 1149 293 non
1175 265 1239 292 tam
1270 260 1356 291 urbis
1385 261 1477 291 cives.
1499 271 1595 300 quam
1626 270 1696 291 esse
1726 270 1796 291 car-

145 315 226 346 ceris
249 314 459 352 habitatores,
485 324 556 345 cum
580 324 642 344 non
666 313 822 344 auderent
847 317 938 344 extra
962 323 1033 344 eam
1058 313 1219 354 progredi,
1242 312 1434 343 viderentur.
1473 311 1545 343 Hac
1568 312 1677 354 itaque
1701 322 1798 343 causa

145 367 265 397 sactum
290 368 348 405 est,
379 369 414 396 ut
442 366 512 406 ipsa
542 375 670 406 quoque
701 364 807 405 archa,
838 366 869 395 in
900 374 963 405 qua
992 365 1079 396 beati
1103 364 1279 396 Clementis
1310 363 1466 404 reliquiae
1501 364 1649 395 conditae
1683 363 1799 404 partim

146 418 366 457 servabantur,
391 417 518 458 penitus
541 416 740 456 obrueretur,
770 417 815 447 ita
841 419 876 446 ut
900 426 958 447 nec
990 419 1075 447 esset
1104 417 1167 447 iam
1198 415 1354 447 memoria
1382 425 1458 455 prae
1489 415 1687 456 longitudine
1718 418 1799 446 tem-

145 479 259 510 porum
289 469 417 499 ubinam
448 469 518 509 ipsa
546 468 630 499 foret
661 468 757 499 archa
787 467 974 499 declarans?
1010 467 1103 498 Haec
1133 467 1264 509 quidem
1296 467 1349 497 ille
1382 470 1487 497 tantus
1518 477 1555 497 ac
1586 467 1658 497 talis
1688 477 1801 498 revera

146 520 367 563 philosophus,
415 520 566 551 Ceterum
597 529 667 550 cum
699 518 895 560 apostolicae
926 518 1011 549 sedis
1040 519 1127 549 missi
1157 528 1258 559 nuper
1283 517 1593 559 Constantinopolim
1625 529 1682 559 pro
1714 518 1799 549 cele-

148 571 271 603 branda
296 571 428 603 sinodol
453 573 663 609 morarentur,
688 570 743 601 ubi
767 573 800 601 et
822 580 874 601 me
899 580 1026 611 quoque
1057 570 1120 601 alia
1150 581 1207 610 pro
1237 580 1332 601 causa
1363 570 1524 610 legatione
1556 569 1720 601 functum2
1743 580 1802 611 per

147 623 234 654 idem
261 627 388 664 tempus
413 623 546 664 contigit
568 623 712 661 inveniri,
737 623 839 653 visum
862 622 953 653 nobis
978 625 1026 652 est
1049 623 1078 652 in
1104 632 1272 652 commune
1298 622 1370 653 huic
1395 622 1439 652 rei
1464 622 1505 652 ad
1532 622 1687 663 liquidum
1711 621 1800 652 inda-

147 674 272 715 gandae
298 685 427 706 omnem
452 674 593 705 tribuere
623 674 749 715 penitus
779 683 911 714 operam
936 676 967 704 et
991 684 1009 704 a
1032 672 1254 713 Metrophane,
1279 674 1345 704 viro
1377 673 1545 704 sanctitate
1575 683 1612 703 ac
1644 674 1801 714 sapientia

149 726 235 756 claro
253 725 478 757 Smirneonum
495 725 712 766 metropoleos
732 725 889 766 praesule,
911 735 1038 756 omnem
1056 735 1152 766 super
1168 725 1248 756 haca
1263 725 1406 756 veritatis
1420 725 1642 756 certitudinem
1668 725 1801 763 discere,

147 781 259 818 utpote
286 779 338 818 qui
362 778 496 808 sciretur
519 788 537 808 a
560 777 651 808 nobis
675 787 774 818 penes
791 776 966 808 Cersonem
990 776 1029 807 ab
1044 775 1182 807 Photiob
1205 786 1275 806 cum
1301 776 1370 807 aliis
1395 776 1490 807 exilio
1507 776 1700 817 relegatus&
1741 776 1802 812 Qui

148 829 299 860 videlicet
323 832 441 870 quanto
466 829 535 859 loco
560 829 779 870 propinquior,
804 831 893 859 tanto
917 838 951 859 re
975 831 1067 869 gesta
1092 828 1215 858 doctior
1239 827 1365 858 habitus
1390 838 1427 858 ea
1455 827 1546 857 nobis
1576 827 1648 858 hinc
1679 828 1802 858 curiose

148 880 381 911 sciscitantibus
412 880 581 920 enarravit,
612 889 694 921 quae
725 879 908 920 praedictus
939 879 1113 920 filosophus
1145 878 1270 920 fugiens
1307 879 1509 919 arrogantiae
1540 882 1647 909 notam
1682 879 1801 910 referre

149 942 211 963 non
235 943 346 973 passus
371 932 450 962 est4.
496 931 694 962 Perhibebat
718 931 812 971 enim,
837 931 923 972 quod
946 930 1072 962 idem0⁵
1096 931 1305 972 philosophus
1329 941 1347 961 a
1370 930 1529 961 Michaele
1554 931 1748 972 imperatore
1771 932 1801 961 in

108 1000 119 1010 ο
149 983 306 1014 Gazaram
333 994 389 1024 pro
414 983 520 1014 divino
546 982 764 1023 praedicando
782 981 879 1013 verbo
898 982 1037 1013 directus
1061 992 1132 1013 cum
1151 982 1335 1022 Cersonem,
1356 993 1438 1023 quae
1456 982 1673 1013 Chazarorum
1698 985 1802 1013 terrae

149 1035 250 1065 vicina
267 1037 325 1073 est,
343 1044 481 1075 pergens
502 1044 538 1065 ac
555 1033 684 1065 rediens
701 1034 931 1074 frequentaret,
949 1035 1057 1074 coepit
1074 1033 1245 1075 diligenter
1265 1034 1472 1074 investigare,
1489 1033 1618 1064 ubinam
1636 1034 1802 1074 templum,

148 1085 204 1116 ubi
228 1085 336 1124 archa,
360 1085 414 1116 ubi
439 1088 546 1116 essent
570 1085 625 1116 illa
649 1085 737 1116 beati
754 1084 930 1116 Clementis
953 1085 1099 1126 insignia,
1117 1095 1199 1126 quae
1223 1089 1430 1116 monumenta
1453 1095 1603 1126 supereo
1626 1084 1803 1126 descripta⁰

149 1137 269 1178 liquido
295 1136 521 1167 declarassent.
574 1136 627 1167 Ad
653 1136 739 1177 quod
770 1147 880 1167 omnes
911 1137 1022 1168 acolae
1050 1137 1112 1168 loci
1141 1136 1226 1167 illius
1254 1139 1366 1177 utpote
1390 1147 1453 1167 non
1476 1136 1658 1178 indigenae,
1683 1137 1737 1167 sed
1763 1148 1804 1168 ex

148 1178 282 1219 diversis
307 1187 482 1218 barbaricis
505 1188 654 1228 gentibus
671 1187 828 1227 advenae,
853 1189 949 1219 immo
966 1188 1060 1219 valde
1085 1188 1171 1218 saevi
1194 1188 1363 1219 latrunculi
1387 1189 1511 1219 nescire
1529 1198 1562 1218 se
1581 1199 1663 1229 quae
1682 1188 1804 1219 diceret

116 1253 120 1264 ι
149 1239 360 1270 testabantur.
408 1238 511 1280 Super
535 1249 597 1280 quo
622 1239 821 1279 stupefactus
845 1239 1054 1280 philosophus
1082 1249 1116 1270 se
1144 1240 1174 1269 in
1205 1240 1382 1270 orationem
1407 1240 1507 1270 inulto
1533 1243 1677 1280 tempore
1704 1239 1802 1279 (ledit,

150 1290 254 1321 Deum
279 1291 434 1326 revelare,
459 1293 603 1321 sanctum
628 1301 703 1321 vero
729 1291 865 1321 revelari
889 1301 1003 1332 corpus
1027 1291 1213 1332 deposcens.
1260 1291 1313 1321 Ad
1337 1291 1421 1332 quod
1453 1295 1485 1322 et
1515 1292 1701 1332 episcopum
1732 1302 1804 1322 cum

150 1343 234 1374 clero
260 1342 421 1383 plebeque
445 1341 622 1383 gerendum
647 1341 819 1373 salutiferis
842 1342 1076 1373 hortationibus
1101 1343 1268 1377 excitavit;
1293 1346 1486 1383 ostensoque
1504 1354 1541 1374 ac
1558 1343 1702 1383 recitato,
1728 1343 1804 1384 quid

151 1394 190 1425 de
215 1394 374 1434 passione,
400 1393 515 1434 quidve
541 1393 581 1424 de
605 1393 776 1433 miraculis,
802 1393 878 1434 quid
906 1394 1003 1425 etiam
1028 1393 1067 1424 (le
1098 1394 1223 1435 scriptis
1251 1393 1338 1425 beati
1363 1394 1538 1426 Clementis
1569 1398 1601 1425 et
1630 1395 1804 1436 praecipue

151 1445 227 1486 quid
252 1445 292 1475 de
317 1445 429 1485 templi
453 1445 502 1475 siti
527 1454 627 1485 penes
650 1444 722 1475 illos
751 1447 907 1476 structura
940 1448 972 1476 et
1000 1445 1098 1486 ipsius
1129 1446 1160 1475 in
1191 1446 1259 1486 ipso
1292 1445 1478 1477 condicione
1510 1446 1664 1478 librorum
1694 1457 1803 1478 nume-

149 1497 263 1528 rositas
288 1495 546 1536 commendabat,
571 1505 682 1526 omnes
713 1495 754 1526 ad
784 1496 839 1527 illa
870 1497 963 1527 litora
993 1496 1146 1528 fodienda
1179 1499 1211 1527 et
1240 1500 1306 1527 tam
1334 1498 1493 1538 pretiosas
1524 1498 1675 1540 reliquias
1705 1500 1805 1530 sancti

148 1549 296 1588 martyris
320 1552 352 1578 et
375 1546 564 1588 apostolicid
579 1546 788 1588 inquirendas
805 1546 926 1585 ordine,
951 1557 1047 1588 quem
1071 1548 1140 1588 ipse
1156 1547 1365 1588 philosophus
1389 1549 1420 1578 in
1444 1548 1606 1589 hystorica
1621 1551 1804 1582 narratione

148 1599 326 1640 descripsit,
351 1598 479 1639 penitus
502 1598 663 1630 animavit.
702 1598 776 1629 Huc
804 1608 905 1639 usque
929 1598 1112 1638 praedictus
1136 1598 1375 1640 Metrophanes.
1429 1600 1582 1631 Ceterum
1607 1612 1689 1642 quae
1718 1602 1804 1633 idem

148 1650 302 1682 mirabilis
325 1660 400 1681 vere
424 1649 633 1690 philosophus
656 1650 686 1680 in
711 1649 805 1680 huius
828 1649 1063 1680 honorabilium
1087 1650 1269 1682 inventione
1298 1650 1503 1692 reliquiarum
1534 1652 1733 1685 sollemniter
1762 1653 1804 1684 ad

148 1702 408 1743 hymnologiame
431 1701 493 1733 Dei
517 1702 746 1742 omnipotentis
772 1701 882 1742 edidit,
914 1701 1111 1733 Graecorum
1141 1705 1293 1733 resonant
1320 1702 1435 1734 scolae.
1484 1703 1548 1735 Sed
1579 1707 1612 1735 et
1642 1704 1705 1735 duo
1737 1705 1804 1736 eius

150 1754 312 1795 opuscula,
343 1752 563 1794 praediotamf
584 1753 706 1784 scilicet
735 1753 865 1784 brevem
896 1753 1071 1795 hystoriam
1105 1756 1138 1785 et
1167 1764 1347 1785 sermonem
1377 1754 1641 1787 declamatorium
1673 1767 1770 1788 unum
1781 1757 1803 1796 7,

149 1811 246 1837 ecceg
269 1816 288 1836 a
312 1805 402 1836 nobis
426 1804 567 1846 agrestih
590 1814 738 1836 sermone
763 1807 795 1836 et
818 1805 913 1846 longe
938 1805 978 1836 ab
1008 1805 1093 1836 illius
1116 1805 1286 1836 facundiae
1315 1805 1461 1837 claritate
1486 1806 1623 1838 distante
1650 1808 1805 1840 translata

149 1856 271 1898 opimoi
305 1859 485 1888 commento
520 1858 799 1887 monumentorum
844 1857 911 1887 eius
946 1857 1081 1898 carptim
1117 1856 1286 1887 addendak
1325 1857 1543 1898 paternitatisl
1579 1858 1666 1889 tuae1
1699 1860 1804 1891 officio

150 1913 304 1949 quequem
338 1908 446 1939 iudicii
483 1909 529 1938 tui
564 1907 718 1938 chilindro
748 1907 900 1948 polienda
929 1908 1069 1938 comitto.
1117 1907 1199 1939 Saue
1231 1907 1368 1939 rotulam
1399 1909 1518 1949 hymni,
1550 1915 1670 1951 quemu
1700 1914 1731 1942 et
1761 1911 1803 1942 ad

149 1959 279 1991 laudem
296 1958 358 1989 Dei
382 1962 414 1990 et
437 1959 524 1990 beati
541 1958 717 1990 Clementis
740 1958 826 1989 idem
851 1959 1058 2000 philosophus
1083 1959 1193 1998 edidit,
1218 1960 1331 1991 iccirco
1355 1970 1417 1990 non
1442 1962 1596 1999 transtuli,
1622 1962 1705 2002 quia,
1731 1973 1801 1993 cum

256 2122 280 2154 ὖ)
300 2123 334 2147 3ιέ
347 2123 417 2151 cod.,·
434 2123 502 2154 sorte
520 2123 576 2147 hoc.
648 2121 672 2154 b)
686 2123 804 2155 apthocio
823 2123 877 2147 cod.
941 2122 962 2155 0)
982 2123 1094 2155 sequitur
1116 2132 1178 2154 ras.⁷
1198 2124 1226 2148 [72
1244 2132 1295 2156 qua
1315 2123 1347 2148 al.
1361 2133 1392 2149 m.
1406 2133 1455 2149 scr.
1469 2127 1573 2157 auctun,
1593 2126 1662 2157 cod.;
1680 2128 1805 2152 Constan-

152 2167 221 2191 tinus
240 2165 385 2190 Friedrich.
463 2165 487 2197 d)
506 2165 590 2199 apiice
608 2167 663 2192 cod.
743 2166 765 2198 Β)
785 2167 960 2200 immolagiam
979 2167 1049 2196 cod.;
1074 2168 1270 2200 hymnologicon
1289 2168 1435 2193 Friedrich.
1519 2167 1539 2201 f)
1558 2170 1729 2201 praedicatam
1749 2171 1803 2195 cod.

153 2208 178 2240 Β)
197 2210 269 2234 heete
289 2209 359 2238 cod-3
377 2218 424 2234 om.
439 2208 585 2234 Friedrich.
659 2208 684 2241 ¹¹)
704 2211 797 2242 egi-esti
816 2210 884 2239 cod.;
902 2218 947 2236 em.
966 2210 1112 2236 Friedrich.
1184 2210 1202 2243 i)
1222 2212 1306 2244 opinio
1325 2211 1380 2236 cod.
1401 2210 1457 2243 (sed
1475 2212 1509 2244 cf.
1520 2221 1549 2244 p.
1564 2214 1616 2237 4-20
1629 2213 1646 2238 l.
1660 2214 1701 2243 23,
1714 2222 1741 2245 p.
1756 2214 1804 2238 434

154 2253 170 2276 l.
186 2251 246 2283 26);
275 2252 420 2284 opinionem
450 2252 595 2277 Friedrich.
701 2251 726 2283 k)
753 2253 789 2278 sic
810 2253 879 2283 cod.‚·
910 2254 1025 2278 addendo
1051 2262 1189 2286 perperam
1219 2254 1364 2279 Friedrich.
1459 2254 1477 2284 l)
1506 2256 1651 2287 paternitati
1671 2261 1714 2281 tuo
1735 2257 1804 2285 cosi:

153 2303 198 2320 em.
213 2294 358 2320 Friedrich,
447 2297 478 2326 m)
497 2296 532 2320 sic
551 2295 620 2325 cocl.;
640 2296 731 2328 pioque
750 2297 814 2321 coni.
830 2296 971 2329 Olznsoryae
1001 2305 1103 2329 quoque
1116 2296 1262 2322 Friedrich.
1335 2296 1359 2329 ¹³)
1379 2306 1428 2329 que
1448 2298 1504 2322 cod.

258 2398 283 2429 1)
300 2396 381 2423 VIII.
400 2397 560 2423 universalis
573 2406 597 2424 α.
611 2400 745 2424 869-870
757 2398 895 2431 celebrata,
909 2398 945 2431 ef.
955 2406 1039 2431 supra
1057 2407 1084 2425 u.
1097 2403 1119 2425 5.
1208 2400 1234 2432 2)
1256 2398 1296 2434 Cf.
1310 2406 1394 2432 supra
1408 2408 1438 2432 p.
1452 2402 1501 2425 410
1513 2399 1529 2425 l.
1541 2403 1568 2425 15
1577 2407 1628 2432 sq.;
1651 2400 1739 2426 Perels
1757 2400 1773 2426 Ζ.
1788 2401 1804 2428 l.

150 2449 179 2474 p.
193 2443 241 2466 237
260 2448 325 2466 ιιηη.
339 2444 359 2466 1.
447 2469 450 2473 ,
465 2439 491 2472 3)
506 2439 547 2473 Cf.
556 2439 653 2466 ‘Neues
671 2440 780 2467 Archiv’
801 2441 927 2472 XLVII,
953 2445 1000 2468 454
1019 2449 1086 2467 ann.
1106 2445 1128 2467 2.
1234 2442 1260 2474 4)
1287 2441 1328 2475 Of.
1341 2449 1380 2474 ea,
1405 2450 1474 2475 quae
1500 2441 1531 2468 de
1548 2442 1599 2468 hae
1617 2442 1804 2476 Metrophanis

154 2483 313 2509 narratione
337 2482 495 2509 omnimodis
517 2482 639 2516 indi-qna,
663 2483 706 2509 cui
722 2483 786 2516 fides
811 2483 947 2515 habeatur,
973 2484 1026 2518 eqit
1050 2483 1076 2510 J.
1094 2484 1207 2510 Franko
1228 2483 1546 2518 ‘QoiZIo-Methodicma’
1573 2485 1603 2510 in
1621 2485 1733 2511 ‘Archiv
1758 2487 1806 2519 fiir

153 2526 217 2552 slav.
239 2524 396 2559 Philologsie'
423 2525 567 2552 XXVIII
591 2527 691 2559 (1906),
715 2529 831 2559 231394η
859 2527 907 2560 qui
933 2526 1121 2553 demonstravit
1148 2535 1168 2554 s.
1197 2527 1336 2554 Clementis
1362 2527 1491 2560 reliquias
1518 2527 1573 2553 iam
1606 2528 1750 2561 Nicephori
1780 2529 1804 2555 I.

155 2569 321 2602 imperatm‘is
346 2568 505 2601 temporibus
530 2569 685 2603 (802—811)
710 2569 832 2596 inventas
857 2577 917 2596 esse.
1023 2570 1049 2603 5)
1070 2569 1136 2596 Cum
1160 2570 1210 2602 his,
1235 2578 1302 2603 quae
1326 2573 1483 2603 sequuntur,
1508 2574 1542 2602 cf.
1557 2571 1624 2597 Acta
1643 2570 1804 2598 Sanctorum

153 2612 169 2638 l.
183 2612 199 2638 I.
216 2620 244 2645 p.
258 2613 311 2638 *320
326 2611 360 2638 F.
472 2613 499 2645 6)
536 2611 576 2644 Of.
607 2611 732 2645 Epitome
765 2612 985 2639 clementinorum
1013 2613 1092 2646 prior
1115 2621 1174 2646 cap.
1201 2614 1280 2647 172l3,
1322 2613 1446 2646 Epitome
1477 2614 1561 2639 altera
1592 2622 1650 2647 cap.
1678 2617 1734 2645 184,
1765 2614 1803 2641 ed.

154 2655 262 2681 Dressel
285 2655 301 2681 2.
314 2655 330 2682 I.
436 2656 462 2688 7)
484 2654 558 2688 Quae
577 2655 668 2681 omnia
687 2662 766 2688 opera
784 2663 831 2682 nec
851 2655 970 2682 Graecus
996 2663 1044 2682 ‘nec
1065 2656 1187 2682 Latinus
1204 2656 1280 2682 nobis
1297 2656 1409 2682 servavit
1430 2655 1524 2687 codam
1541 2663 1626 2689 neque
1643 2665 1673 2682 ea
1695 2665 1712 2682 a
1735 2656 1804 2682 Con-

153 2698 274 2723 stantIno
288 2697 451 2731 philosopho,
475 2697 520 2724 sed
545 2698 648 2731 aliquot
672 2698 755 2724 annis
780 2700 850 2730 ante,
876 2698 923 2724 illo
941 2699 1070 2725 nimirum
1111 2702 1231 2733 tempore,
1259 2707 1311 2732 quo
1335 2698 1463 2731 reliquiae
1480 2706 1500 2725 s.
1520 2698 1660 2725 Clementis
1682 2699 1804 2726 inventae

153 2743 218 2766 szmt
243 2741 417 2775 (802—811),
442 2741 585 2774 composita
603 2748 656 2767 esse
675 2740 765 2767 {locuit
783 2742 813 2768 J.
823 2741 935 2768 Franko
958 2742 975 2768 l.
989 2741 1005 2768 l.
1017 2750 1044 2775 p.
1058 2744 1159 2774 236sq.‚
1184 2742 1231 2775 qui
1255 2749 1287 2767 ea
1306 2741 1411 2767 slav-ico
1435 2741 1536 2768 tradita
1554 2742 1669 2768 sermoni
1686 2743 1753 2768 ενηίι
1772 2743 1802 2768 in

151 2784 243 2810 ‘stom
263 2792 300 2809 na
317 2784 470 2817 prenesenie
487 2783 656 2810 moschtschei
671 2784 851 2817 preslarnayo
870 2785 1016 2812 Klimenti!
