2189 3042
298 131 359 160 360
809 121 992 148 STEPHANI
1007 122 1039 148 V.
1060 121 1178 148 PAPAE
1198 122 1397 148 EPISTOLAE
1416 123 1440 148 3.

297 215 448 245 resecata.
482 210 573 241 Unde
591 209 702 240 audire
720 208 869 249 dignetur
892 208 1091 239 sanctissima
1114 208 1269 239 industria
1290 211 1396 239 vestra
1419 209 1551 240 rationis
1575 210 1777 251 sententiam,
1795 211 1834 242 de
1860 212 1948 243 cuius

297 263 512 296 controversia
543 261 682 302 quatitur
715 260 959 300 pusillanimitas
988 260 1128 291 nosti-22¹.
1180 260 1332 291 Primitus
1364 260 1403 291 de
1435 260 1577 301 decimis,
1608 261 1721 302 quibus
1750 261 1949 294 subditorum

297 319 458 346 catervam
483 322 615 354 pascere
640 311 805 351 debemus,
830 314 939 342 contra
963 312 1011 342 ius
1036 312 1223 342 canonicum
1248 315 1280 342 et
1303 311 1351 342 fas
1375 312 1627 343 ecclesiasticum
1654 313 1770 344 iniusto
1796 313 1907 344 ordine
1931 325 1950 345 a

296 367 387 398 nobis
413 376 469 406 per
493 365 555 395 vim
580 363 705 403 ablatis,
730 374 787 403 pro
812 373 875 404 qua
897 373 973 393 vero
997 373 1031 394 re
1056 364 1118 393 sint
1141 363 1269 394 ablatae
1295 366 1327 394 et
1349 363 1434 395 unde
1459 365 1652 405 processerit
1675 365 1775 405 origo,
1804 367 1840 395 ut
1864 365 1950 396 deci-

297 428 432 454 marum,
457 416 569 458 quibus
594 415 815 446 tantummodo
841 415 1045 456 episcopatus
1068 414 1099 445 in
1124 414 1266 446 Saxonia
1285 419 1358 446 sunt
1381 416 1553 456 constituti,
1578 426 1640 446 non
1664 416 1723 446 nisi
1741 419 1854 456 quarta
1876 427 1950 457 pars

299 470 340 502 ad
364 469 645 509 Osnaburgensem
671 467 841 498 ecclesiam
864 467 896 497 in
920 466 1041 497 honore
1066 467 1167 498 sancti
1191 467 1280 498 Petri
1305 467 1455 508 principis
1479 467 1699 508 apostolorum
1731 471 1951 499 consecratam

296 522 457 559 inserviat,
482 520 570 550 cuius
595 519 692 549 etiam
716 528 773 549 nos
797 518 968 549 servitores
991 528 1108 558 sumus,
1133 529 1205 549 cum
1229 521 1356 549 ceterae
1381 519 1509 560 partesb
1532 520 1671 550 maiores
1702 530 1743 550 ex
1772 520 1951 561 quantitate

296 577 328 604 et
356 582 489 603 numero
522 570 563 601 ad
593 569 730 601 eandem
760 569 871 601 sedem
902 580 943 600 ex
973 569 1082 600 debito
1113 571 1311 611 pertinentes
1341 570 1423 601 inter
1451 571 1626 602 monachos
1649 571 1867 612 Huxilienses,
1897 571 1952 602 ubi

294 635 377 656 nova
402 622 540 654 Oorbeia
564 621 604 653 ab
629 622 675 652 eis
698 621 865 661 vocitatur,
895 623 927 652 et
955 621 1079 662 puellas
1103 621 1365 653 He1·v0rdenses0
1389 622 1509 653 divisae
1540 623 1601 653 sint
1611 623 1633 662 ²,
1664 625 1795 664 praeter
1817 623 1952 664 praedia

294 675 456 713 nonnulla,
481 684 563 715 quae
588 673 633 704 eis
659 683 699 703 ex
722 673 791 713 ipso
817 672 1004 713 episcopatu
1027 674 1220 714 pertinentia
1244 674 1389 705 subiecta
1412 677 1484 704 sunt
1508 677 1540 705 et
1564 675 1715 706 ecclesias
1740 675 1949 716 baptismales

297 727 362 767 ΝΡ,
388 737 470 768 quae
500 726 586 767 prius
616 725 816 766 episcopatui
847 734 1012 755 connexae
1037 725 1227 766 subiugatae
1251 729 1351 766 erant,
1376 736 1459 767 quae
1489 726 1554 757 iam
1580 737 1643 757 non
1667 727 1868 768 requirimus,
1893 726 1951 758 sed

297 780 403 811 saltim
428 778 571 809 decimas
595 779 719 808 tantum
735 775 843 807 debite
867 776 1065 817 pertinentes
1089 776 1130 807 ad
1153 787 1210 807 nos
1234 777 1335 817 reddi,
1354 787 1436 819 quae
1461 777 1590 809 ablatae
1606 781 1688 818 sunt,
1711 778 1893 819 flagitamus
1910 797 1952 801 —

296 832 377 862 haec
399 830 541 861 veridica
563 829 645 860 ratio
670 830 730 859 est:
757 827 837 859 Cum
862 827 992 869 dudum,
1016 829 1157 869 inquam,
1182 839 1319 870 magnus
1344 832 1376 860 et
1403 829 1613 861 ammirabilis
1636 830 1785 871 princeps
1802 829 1949 870 Karolus,

295 884 350 925 qui
382 885 510 924 gentem
536 880 727 912 Saxonicam
757 890 816 921 per
847 883 977 911 strenua
1007 880 1165 911 bellorum
1196 882 1371 911 certamina
1400 881 1471 912 Deo
1502 881 1751 913 adminiculante
1781 881 1823 912 ad
1855 881 1950 912 fidem

295 933 535 966 christianitatis
559 931 746 971 convertit2,
770 931 933 973 synodalis
956 935 1052 973 atque
1077 933 1221 963 canonici
1249 933 1326 964 iuris
1349 933 1500 964 consultis
1528 934 1670 975 singulos
1700 933 1847 964 eiusdem
1876 943 1950 974 pro-

296 987 419 1018 vinciae
445 986 650 1027 episcopatus
667 994 708 1015 ex
725 984 922 1015 decimarum
946 984 1113 1024 stipendiis
1137 985 1361 1025 constituisset,
1387 985 1462 1026 quia
1485 985 1555 1016 aliis
1578 985 1621 1015 ibi
1645 987 1809 1026 pastores*³
1826 988 1858 1016 et
1882 985 1950 1026 epi-

296 1039 384 1079 scopi
401 1037 540 1068 donariis
561 1036 743 1076 carebant2,
766 1036 851 1067 unde
876 1036 1031 1077 paulatim
1054 1036 1199 1066 roborari
1223 1036 1436 1067 christianitas
1459 1037 1625 1077 potuisset,
1650 1040 1682 1068 et
1705 1039 1778 1077 post
1801 1037 1869 1068 eius
1893 1047 1950 1068 ex-

296 1100 420 1121 cessum
444 1088 526 1119 filius
543 1089 610 1119 eius
627 1087 730 1118 bonae
747 1089 922 1119 memoriae
938 1087 1166 1118 Hludowicusf
1181 1087 1234 1118 diu
1250 1092 1381 1119 sanetae
1399 1089 1556 1119 ecclesiae
1573 1092 1769 1130 propagator
1786 1089 1950 1130 viguisset,

296 1141 421 1181 accidit,
445 1143 480 1171 ut
503 1143 568 1170 tres
591 1139 647 1170 filii
671 1140 739 1170 eius
759 1140 901 1181 maligno
925 1141 973 1170 usi
998 1139 1129 1170 consilio
1154 1150 1226 1170 eum
1250 1140 1282 1170 in
1304 1140 1503 1171 custodiamg
1525 1141 1698 1171 mitterent.
1735 1140 1795 1172 Oui
1819 1140 1950 1172 consilio

294 1204 357 1224 una
381 1192 617 1233 conspiratione
649 1201 837 1221 consensum
867 1193 900 1222 et
922 1190 1118 1222 adiutorium
1145 1191 1332 1231 praedictae
1363 1191 1448 1222 sedis
1477 1195 1606 1223 nostrae
1635 1193 1666 1222 in
1698 1191 1818 1223 honore
1849 1192 1951 1223 saneti

294 1246 383 1277 Petri
412 1243 550 1285 apostoli
574 1242 742 1273 dedicatae
768 1243 937 1284 episcopus
967 1243 1096 1274 nomine
1121 1242 1281 1274 Gefwini³
1305 1243 1464 1284 praebuit,
1494 1244 1539 1274 ita
1569 1246 1603 1274 ut
1634 1254 1818 1274 mucronem
1846 1243 1886 1274 ab
1912 1254 1950 1274 eo

293 1297 450 1328 violenter
472 1295 541 1336 ipse
566 1295 790 1335 discingeret&
826 1294 906 1325 Cum
930 1297 1039 1325 autem
1063 1305 1170 1325 rursus
1195 1305 1236 1325 ex
1260 1295 1375 1326 eadem
1399 1295 1545 1326 custodia
1562 1295 1632 1326 Deo
1656 1295 1785 1326 volente
1809 1305 1867 1337 per
1891 1295 1950 1326 ad-

294 1348 444 1379 iutorium
467 1347 523 1377 filii
547 1347 614 1377 eius
638 1346 844 1387 homonymi¹¹
867 1345 1050 1377 Hludowici
1073 1357 1145 1377 cum
1169 1347 1291 1378 honore
1320 1347 1362 1378 ad
1385 1358 1519 1388 regnum
1549 1351 1734 1388 remeasset,
1765 1347 1950 1389 praedictus

297 1400 466 1441 episcopus
490 1409 567 1429 suae
592 1397 746 1439 perfidiae
772 1400 804 1428 et
826 1397 1025 1428 infidelitatis
1049 1398 1193 1429 conscius
1217 1398 1258 1429 ad
1282 1399 1474 1429 coenobium
1488 1399 1653 1430 Vuldense
1678 1399 1865 1440 confugiens
1881 1409 1950 1429 mo-

295 1451 452 1482 nasticum
476 1449 620 1480 habitum
644 1450 816 1490 assumpsit
839 1452 871 1479 et
894 1450 995 1480 semel
1018 1449 1050 1480 in
1074 1460 1155 1480 anno
1180 1449 1318 1481 latenter
1332 1451 1432 1491 ipsius
1458 1451 1661 1491 episcopatus
1681 1451 1787 1481 locum
1810 1451 1949 1481 invisere

296 1502 436 1540 solebat,
469 1502 577 1542 sicque
611 1500 802 1541 episcopalis
837 1511 913 1531 cura
947 1500 1013 1531 sine
1048 1501 1196 1541 praesule
1231 1504 1264 1533 et
1295 1505 1420 1533 rectore
1452 1512 1491 1533 ea
1522 1505 1717 1542 tempestate
1749 1502 1947 1533 remanebat.

294 1553 427 1585 Interim
456 1563 475 1583 a
504 1552 610 1583 multis
640 1551 809 1592 invaditur,
841 1552 962 1592 rapitur
993 1555 1025 1583 et
1056 1552 1250 1593 dispergitur
1281 1556 1313 1584 et
1344 1553 1524 1594 dissipatur,
1556 1553 1658 1584 donec
1687 1556 1760 1594 post
1789 1553 1949 1584 mitissimi

294 1605 431 1647 praefati
456 1603 638 1634 Hludowici
662 1603 812 1644 principis
837 1613 1014 1643 excessum,
1042 1614 1113 1634 cum
1138 1604 1245 1634 valida
1269 1607 1301 1635 et
1323 1604 1503 1645 periculosa
1534 1605 1625 1646 regni
1650 1605 1841 1645 disceptatio
1864 1605 1948 1634 inter

294 1660 359 1688 tres
388 1656 470 1687 filios
498 1655 681 1686 immineret
711 1657 742 1685 et
771 1655 823 1685 uni
857 1665 897 1685 ex
933 1654 994 1685 hiis
1024 1655 1145 1686 scilicet
1175 1656 1243 1686 eius
1276 1655 1468 1696 aequivocoi
1496 1655 1589 1686 huius
1619 1655 1731 1686 divisio
1763 1656 1795 1686 in
1827 1658 1947 1686 sortem

294 1708 434 1748 cederet,
468 1707 599 1748 quidam
631 1707 698 1737 eius
730 1705 833 1737 fidelis
866 1716 974 1736 comes
1004 1705 1177 1737 ditissimus
1211 1705 1346 1738 Oobb0⁵
1375 1711 1574 1747 nuncupatus
1607 1707 1646 1738 de
1680 1706 1844 1748 praedicto
1878 1707 1946 1748 epi-

293 1762 426 1800 scopatu
461 1757 611 1799 quicquid
643 1758 742 1788 voluit
776 1767 875 1799 agere
910 1757 1048 1799 adeptus
1082 1768 1235 1799 germano
1274 1759 1342 1789 eius
1376 1759 1505 1790 nomine
1537 1758 1650 1789 Werin
1683 1760 1715 1789 in
1750 1759 1945 1789 monasterio

294 1811 478 1842 Huxiliensi
501 1813 574 1840 tunc
595 1810 749 1850 temporis
773 1809 912 1840 abbate⁰
930 1812 961 1839 et
985 1819 1094 1840 sorore
1119 1810 1187 1840 eius
1210 1810 1242 1840 in
1265 1810 1445 1850 puellarum
1470 1811 1625 1841 coenobio
1646 1810 1867 1841 Hervordensi
1890 1810 1946 1840 ab-

294 1862 434 1894 batissa7
458 1861 649 1902 degentibus
673 1863 826 1902 quantum
850 1861 951 1891 voluit
974 1860 1014 1891 de
1039 1860 1182 1900 decimis,
1207 1871 1289 1902 quae
1320 1861 1362 1892 ad
1393 1862 1532 1892 eundem
1560 1863 1782 1902 episcopatum
1806 1862 1946 1902 pertine-

295 1915 383 1954 bant,
408 1913 490 1944 tradi
514 1912 609 1944 fecit2
638 1912 679 1943 ad
709 1912 824 1943 eadem
853 1912 1049 1943 monasteria
1079 1912 1109 1942 in
1140 1912 1272 1943 alterius
1302 1913 1472 1953 parrochia
1502 1914 1697 1954 alteriusque
1722 1913 1843 1943 diocesi
1872 1923 1947 1944 con-

295 1967 407 1997 stituta
438 1967 568 2006 praeter
596 1963 754 2005 synodum
784 1966 816 1994 et
847 1964 1075 1994 conscientiam
1107 1965 1341 2005 episcoporum.
1390 1964 1470 1995 Cum
1500 1965 1630 1996 interim
1654 1964 1854 1996 Gorbertus⁸
1879 1964 1947 2005 epi-

297 2029 412 2059 scopus
437 2018 476 2048 de
500 2020 597 2059 gente
621 2017 793 2057 Sveonum,
818 2027 880 2058 quo
906 2016 1068 2047 ordinatus
1093 2020 1172 2057 erat,
1198 2027 1269 2048 cum
1293 2018 1517 2058 persecutione
1542 2018 1663 2048 eiectus
1688 2019 1781 2056 esset,
1810 2016 1948 2047 necessi-

296 2073 362 2101 tate
387 2069 570 2110 compulsus
594 2069 793 2109 praedictum
811 2067 999 2099 Cob'oonem
1023 2068 1111 2109 adiit,
1137 2079 1199 2110 quo
1223 2069 1402 2110 imperante
1427 2071 1459 2099 et
1481 2079 1559 2110 rege
1583 2068 1781 2100 concedente
1808 2067 1950 2108 suscepit

398 2181 421 2213 ⁸)
440 2185 536 2206 reserat
559 2180 587 2212 Ο,
607 2189 672 2206 corr.
689 2180 826 2213 Ohnsorye.
928 2180 953 2213 b)
972 2182 1061 2206 ceteris
1080 2182 1195 2213 partibus
1214 2190 1279 2206 corr.
1298 2181 1344 2206 0¹.
1451 2181 1474 2213 c)
1492 2190 1546 2206 ras.
1561 2190 1629 2205 corr.
1643 2189 1673 2205 em
1691 2181 1894 2206 Heruiordenses
1917 2181 1946 2206 Ο.

295 2224 320 2258 d)
339 2225 400 2250 Post
418 2225 466 2249 ·N·
485 2224 595 2256 spatium
618 2224 688 2249 circa
707 2226 741 2248 10
768 2224 912 2249 litterarum
936 2233 1043 2249 vacuum
1062 2225 1107 2249 rel.
1126 2225 1152 2250 Τ.
1224 2227 1245 2254 e)
1268 2224 1388 2256 Sequitur
1407 2228 1435 2249 tsi
1454 2225 1511 2249 rudi
1529 2233 1595 2250 eras:
1613 2224 1641 2249 O.
1721 2222 1739 2255 f)
1760 2224 1810 2249 Hic
1828 2229 1850 2249 et
1870 2225 1945 2256 infra

295 2269 313 2293 h
331 2277 398 2293 cras,
415 2268 443 2292 Ο.
515 2266 541 2298 8)
560 2267 675 2292 custodia
696 2266 725 2291 Ο.
797 2265 822 2298 h)
840 2267 959 2292 omonimi
982 2267 1009 2291 Ο.
1082 2266 1100 2299 i)
1118 2265 1148 2299 ei}
1168 2268 1233 2292 uico.

400 2353 426 2386 1)
452 2352 494 2377 De
517 2359 544 2377 ‘rc
568 2352 603 2383 cf.
618 2351 755 2377 Diimmler
775 2351 931 2385 'Ostfrc‘im70.
947 2351 1060 2377 Reios*
1080 2351 1256 2384 11L336sq„
1282 2352 1373 2385 Royer
1397 2351 1530 2378 Wilmans
1552 2351 1616 2378 ‘Die
1638 2352 1881 2378 Kaiserurkunden
1904 2351 1950 2378 der

297 2395 414 2422 Provim
432 2394 608 2427 Westphalen’
629 2395 725 2428 (1867),
749 2403 775 2428 p.
794 2397 911 2428 319sqq.,
935 2394 1056 2428 Philippi
1073 2395 1275 2422 ‘Osnabrucker
1298 2394 1521 2423 Urkzmdenbuch’
1542 2395 1563 2421 I
1578 2403 1607 2428 p.
1629 2394 1696 2421 XH
1716 2398 1740 2421 ct
1762 2395 1875 2421 ‘Archiv
1901 2395 1950 2426 [ἂν

302 2437 605 2472 Urlcumlenforschuny’
630 2438 662 2463 Π
687 2438 788 2471 (1909),
816 2441 937 2470 3303qq.‚
971 2438 1058 2472 Zanql
1084 2438 1197 2464 ‘Archiv
1230 2441 1279 2472 fiir
1310 2437 1610 2471 Urkundenforschuny'
1636 2438 1675 2470 ΙΙ,
1697 2441 1803 2471 218394.
1833 2440 1857 2463 ct
1884 2437 1948 2463 ‘Hi-

296 2482 420 2508 scm-iselae
439 2481 569 2512 Aufsritec
596 2481 668 2506 Karz
694 2481 804 2507 Zezcmer
827 2480 1011 2514 darycbracht’
1030 2483 1115 2515 (1910)
1137 2490 1165 2514 p.
1187 2484 1294 2514 6378qq.
1427 2482 1454 2513 2)
1485 2481 1540 2507 Hic
1568 2483 1591 2507 et
1617 2481 1696 2514 insta
1722 2481 1816 2507 Bermo
1838 2480 1881 2506 H.
1910 2488 1949 2513 ep.

296 2525 492 2558 (1067—1038)
518 2524 597 2550 verbis
615 2524 750 2557 Eyilmari
767 2532 833 2550 usus
850 2526 895 2556 est,
919 2526 953 2558 cf.
971 2524 1055 2556 Ταηῃῖ
1071 2524 1163 2551 ‘Arch.
1181 2527 1202 2558 f.
1221 2523 1525 2558 Urkundenforschzmy'
1541 2523 1581 2557 H,
1594 2527 1641 2550 292
1660 2531 1725 2548 ann.
1740 2528 1770 2554 1‚·
1795 2527 1854 2554 317‚·
1879 2527 1947 2554 239,-

296 2571 353 2594 246.
476 2567 502 2599 3)
532 2567 673 2593 Geswinus
700 2567 740 2592 vel
767 2567 908 2600 Gefwinus
940 2567 1075 2600 episcopus
1102 2567 1144 2600 (de
1182 2567 1260 2594 cuins
1287 2568 1394 2593 nomine
1421 2567 1455 2600 cf.
1478 2567 1599 2600 Philippi
1622 2566 1751 2593 ‘Osnabr.
1777 2566 1946 2593 UrAE-Buch'

296 2611 320 2643 1,
336 2615 364 2637 11
382 2619 409 2637 n.
425 2613 463 2644 15)
481 2610 550 2637 sedit
567 2618 586 2636 c.
600 2614 722 2637 829—0.
736 2614 794 2636 845.
917 2610 943 2642 4)
964 2610 1072 2642 Eadem,
1092 2619 1205 2643 quorum
1224 2610 1297 2636 Ebbo
1319 2610 1534 2643 archiepiscopus
1551 2610 1686 2636 Remensis
1709 2611 1854 2636 accusatus
1878 2612 1948 2641 esset,

298 2653 340 2679 hic
366 2653 438 2686 falso
465 2653 496 2679 de
523 2653 647 2687 Gefwino
674 2653 785 2679 narrari
813 2653 972 2679 monstrarit
999 2653 1085 2687 Tanyl
1109 2654 1124 2679 l.
1139 2653 1155 2680 l.
1170 2662 1199 2686 p.
1214 2656 1273 2680 220.
1404 2654 1430 2685 5)
1459 2653 1500 2679 De
1529 2652 1644 2678 Cobbone
1673 2652 1765 2678 comite
1795 2653 1830 2685 cf.
1858 2652 1949 2679 Waitz

297 2697 437 2723 ‘Heinrich
458 2696 483 2722 Γ
493 2698 502 2712 ⁸
517 2700 614 2730 Ρ.183,
632 2696 771 2723 Βίὶηιηιῑεν
789 2696 804 2722 l.
819 2696 835 2722 l.
849 2696 873 2728 I,
887 2699 935 2721 283
944 2704 982 2729 sq.
1087 2696 1114 2729 6)
1133 2699 1287 2723 826-856.
1375 2696 1401 2729 7)
1420 2695 1537 2722 Nomine
1555 2695 1667 2727 Αᾶᾱίῐα,
1690 2695 1724 2728 cf.
1739 2695 1881 2721 Ditmmler
1900 2696 1916 2722 l.
1929 2695 1947 2722 l.

294 2748 325 2773 p.
340 2744 386 2766 145
404 2748 468 2766 ann.
483 2745 506 2766 4.
594 2740 620 2771 8)
642 2739 786 2766 Gorbertus
805 2739 843 2765 scel
864 2738 1009 2765 Gozbertus
1027 2739 1092 2765 sedit
1110 2747 1131 2766 c.
1145 2743 1262 2766 845—c.
1276 2742 1334 2766 860.

1979 688 2003 707 10

1979 946 2002 965 15

1978 1204 2004 1223 20

1978 1462 2002 1482 25

1976 1719 2000 1738 30

1975 1976 2000 1996 ³5

1975 2277 2001 2296 40

1975 2534 2000 2553 45

1975 2749 2000 2767 50
