2189 3042
694 169 872 196 IOHANNIS
894 170 967 196 VIII.
987 170 1105 195 PAPAE
1127 169 1325 196 EPISTOLAE
1347 169 1405 196 230.
1425 170 1482 195 231.
1851 173 1912 203 205

263 258 409 289 habitum
437 260 566 298 pactum
590 257 764 287 dissolvere
793 256 947 287 hactenus
978 257 1221 296 contempsistis.
1268 256 1389 287 Verum
1416 256 1504 297 quia,
1538 258 1657 297 quanta
1688 256 1913 287 crudelitatum

265 319 385 350 genera
408 319 445 339 ac
469 308 702 339 desolationum
727 311 811 338 terre
836 308 944 338 istius-‘⁴
963 306 1040 349 [et]¹’
1060 307 1277 338 calamitatum
1302 308 1394 338 nimis
1419 317 1459 338 ex
1483 307 1543 338 hoc
1566 307 1652 338 mala
1675 307 1815 348 lugenda
1838 318 1912 348 pro-

265 360 411 391 venerint
440 362 536 400 atque
560 360 762 400 proveniant,
793 360 1003 397 exaggerareel
1028 359 1216 397 differimus,
1247 372 1281 390 ne
1304 359 1446 398 interim⁷
1471 363 1545 396 quod
1569 363 1685 397 dignum
1709 365 1763 395 est,
1788 363 1913 390 iudicare

266 425 410 450 cogamur;
441 411 545 441 adhuc
574 410 792 449 obsecramus,
822 410 925 440 adhuc
954 411 1035 440 sicut
1062 411 1222 450 spiritales
1252 410 1333 440 filios
1358 410 1565 441 exhortamur
1588 413 1620 440 ct
1646 411 1787 450 paternis
1812 411 1913 441 visce-

233 473 244 491 5
264 463 351 493 ribus
374 472 431 492 vos
458 462 610 501 amplecti
639 464 790 492 conantes
813 461 875 491 Dei
906 464 938 491 ct
968 462 1145 501 principum
1175 461 1390 502 apostolorum
1416 461 1504 492 Petri
1535 471 1571 492 ac
1595 461 1690 491 Pauli
1720 462 1912 492 auctoritate

263 514 466 555 precipimus,
491 515 526 542 ut
549 512 744 552 iamiamque
762 512 962 552 disciplinam
986 513 1177 553 recipientes
1201 512 1241 542 ab
1259 512 1380 543 eisdem
1404 513 1518 553 iniquis
1543 516 1575 543 et
1598 512 1710 552 ancille
1728 512 1800 542 filiis
1817 512 1911 543 Sara-
1927 525 2118 549 cf.Gal.4,22.23.

265 565 352 596 cenis
368 574 424 594 vos
447 563 604 604 separetis
629 566 661 593 et
684 566 814 603 pactum
838 573 909 593 cum
934 564 980 594 eis
1003 563 1147 594 habitum
1172 564 1275 594 modis
1299 563 1445 594 omnibus
1469 564 1660 604 dissolvatis,
1684 565 1709 594 si
1733 563 1783 594 vel
1806 566 1913 604 nostre

265 615 495 647 communionis
519 614 570 645 vel
592 614 691 654 ipsius
708 614 957 645 Christianitatis
981 615 1075 645 vultis
1100 625 1169 645 esse
1194 616 1376 656 participes,
1399 616 1430 645 in
1447 626 1526 656 quos
1549 617 1611 646 iam
1636 615 1785 646 daremus
1809 615 1912 646 eccle-

265 667 382 698 siastici
399 666 557 697 mucronis
581 665 782 705 sententiam,
807 666 865 695 nisi
881 675 939 696 nos
955 666 1132 706 apostolica
1150 667 1304 706 patientia
1321 667 1483 697 retineret.
1522 666 1645 697 Idcirco
1663 666 1753 697 vobis
1777 666 1914 697 indutias

221 728 246 747 πο
265 728 365 759 usque
390 717 544 748 kalendas
560 715 792 747 Decembrias‘l
808 716 898 746 istius
922 717 1014 756 tertie
1040 716 1163 747 decime
1188 717 1388 748 indictionis2
1405 717 1446 748 ad
1470 717 1554 748 idem
1577 722 1705 758 pactum
1729 729 1800 748 cum
1819 717 1912 748 Sara-

266 770 353 800 cenis
383 768 612 809 frangendum⁰
643 768 797 808 largimur
832 771 864 798 et
898 770 964 798 tam
999 778 1055 797 vos
1091 778 1186 808 quam
1216 768 1392 812 Kaietanos
1427 772 1522 808 atque
1556 768 1765 799 Amalfitanos
1798 769 1913 799 lucrari

265 821 426 859 volentes,
456 820 482 850 si
509 829 608 860 usque
632 818 689 849 adf
711 819 797 849 idem
828 822 955 859 tempus
987 829 1112 849 onmem
1139 818 1369 849 Saracenorum
1402 820 1575 850 amicitiam
1605 830 1727 851 necnon
1758 823 1790 850 et
1820 830 1913 850 omne

265 871 359 912 fedus
383 871 556 902 dissolvere
589 870 681 901 solito
707 870 979 910 contempseritiS,
1006 872 1159 910 utrosque
1191 871 1348 910 sententie
1380 870 1594 910 ecclesiastice
1623 871 1733 901 iaculis
1763 872 1914 901 feriemus

267 926 300 954 et
328 926 485 964 perpetuo
518 922 717 953 anathemati
746 923 996 960 summittemus,
1028 924 1076 960 ut,
1107 921 1160 961 qui
1193 921 1270 951 socii
1299 921 1464 961 discipline
1495 932 1564 951 esse
1595 932 1657 951 non
1686 922 1794 961 vultis,
1827 932 1913 952 com-

221 983 247 1002 15
266 975 423 1005 munionis
447 984 575 1015 quoque
599 976 705 1013 nostre
730 984 792 1004 non
816 974 883 1003 sitis
906 973 1089 1014 participes⁸

373 1029 444 1056 HOC
468 1029 674 1055 ADDENDUM
701 1028 767 1055 EST
789 1029 826 1055 ΙΝ
855 1028 1028 1055 EPISTOLA
1051 1029 1100 1054 AD
1123 1024 1337 1054 PULCAR1M3.
1392 1024 1560 1054 Postremo
1595 1023 1795 1054 nobilitatem
1829 1027 1915 1055 tuam

265 1087 446 1116 monemus,
476 1080 511 1107 ut
541 1075 742 1107 Pandenulfo
773 1075 871 1106 iudici
901 1075 1132 1116 Capuano4i11
1166 1075 1252 1105 nullo
1286 1075 1438 1105 molestus
1471 1075 1610 1105 existas⁵
1635 1078 1679 1113 et,
1710 1075 1795 1115 quod
1826 1075 1916 1105 nobis

265 1129 334 1169 ipse
360 1128 494 1159 devotus
518 1130 580 1167 est,
607 1131 640 1158 tu
664 1127 693 1158 ei
718 1127 888 1158 devotione
914 1130 946 1157 ct
970 1127 1110 1158 amicitia
1135 1127 1311 1168 copulatus,
1335 1126 1367 1156 in
1391 1137 1453 1167 quo
1478 1136 1570 1166 posse
1596 1125 1653 1156 tibi
1677 1125 1785 1163 fuerit,
1810 1129 1919 1157 contra

266 1179 477 1210 adversitates
500 1179 584 1209 illius
601 1181 632 1209 te
649 1189 774 1209 murum
792 1189 946 1219 opponas,
971 1182 1128 1219 quatenus
1145 1179 1245 1219 patris
1268 1179 1361 1217 illius⁷
1386 1178 1439 1218 qui
1456 1179 1585 1218 proprio
1602 1178 1747 1218 genitore
1765 1177 1917 1208 salvando
1934 1190 2124 1215 cf.Ezech.13,5.

223 1243 248 1262 20
268 1230 449 1272 suffugitgss,
466 1230 683 1270 reminiscens,
708 1241 764 1271 pro
788 1231 954 1271 utriusque
979 1240 1099 1269 amore,
1124 1230 1149 1260 si
1173 1229 1212 1260 de
1237 1229 1328 1260 nobis
1352 1229 1409 1259 tibi
1433 1239 1507 1259 cure
1533 1232 1590 1268 est,
1614 1229 1713 1269 ipsius
1729 1228 1918 1259 Pandenolfi

267 1282 465 1323 profectibus
489 1282 595 1322 potius
619 1281 743 1321 hei-eas,
769 1292 863 1322 quam
889 1281 1018 1312 obviare
1044 1281 1270 1322 quoquomodo
1295 1280 1433 1312 videaris
1445 1281 1466 1311 ⁷.

1057 1412 1129 1441 231.

378 1466 536 1498 Iolzarmes
559 1466 654 1497 VIII.
680 1476 770 1505 papa
794 1465 995 1497 Helmoimcm
1023 1465 1198 1504 episcopum
1222 1464 1429 1501 Permenscm,
1460 1465 1538 1503 quia
1568 1465 1611 1495 ad
1637 1465 1789 1504 syrzodzmi
1818 1474 1920 1504 imper

268 1518 313 1557 (d.
337 1518 386 1548 15.
404 1517 556 1558 Octobris)
580 1517 720 1549 habitam
748 1527 812 1548 non
834 1519 973 1554 venerat,
1004 1516 1169 1557 confestim
1192 1516 1325 1547 Romam
1354 1516 1458 1547 venire
1485 1519 1514 1547 et
1541 1516 1577 1547 de
1604 1515 1919 1546 excommminatione

272 1569 412 1601 Otcrami
433 1580 465 1600 sc
480 1579 622 1609 pzcryare
645 1569 738 1600 iubet.
1598 1568 1660 1598 379
1684 1566 1762 1598 Nov.
1781 1567 1831 1597 19.

223 1637 251 1657 25
385 1632 462 1659 CocL:
490 1632 517 1658 R
534 1635 554 1666 f.
569 1636 600 1658 92
618 1641 645 1658 n.
659 1635 716 1658 233.

372 1679 457 1706 Εᾱά..·
484 1679 578 1705 Editio
592 1680 718 1705 Romana
730 1680 814 1713 (1591)
832 1679 888 1711 ΙΙΙ,
901 1683 949 1706 455
967 1688 993 1705 rr.
1005 1682 1061 1705 228,
1094 1679 1189 1704 Mmzsi
1209 1678 1286 1704 Corzc.
1299 1679 1354 1704 coll.
1370 1678 1468 1710 ΧῘἹΙ,
1485 1681 1530 1704 170
1548 1680 1645 1703 11228.
1676 1677 1768 1710 Miqne
1787 1677 1861 1703 Patr.
1876 1677 1920 1703 lat.

269 1722 404 1755 CXXVI,
425 1726 479 1748 890
497 1731 523 1749 ri..
537 1725 593 1748 270.
614 1737 645 1741 —
665 1722 737 1753 Jaffe'
756 1722 817 1756 Ray.
835 1726 899 1749 3311
919 1722 1010 1757 (2517).
1049 1722 1123 1748 Kelir
1144 1722 1227 1747 Italia
1242 1722 1387 1755 pontificia
1406 1721 1458 1752 IV,
1477 1724 1525 1747 '284
1543 1729 1570 1747 rt.
1584 1724 1606 1746 2.

503 1806 798 1830 REVERENTISSIMO
820 1806 863 1829 ET
887 1805 1110 1830 SANCTISSIMO
1132 1805 1287 1829 ELMOINO
1312 1804 1474 1828 EPISCOPO
1497 1804 1688 1828 PENNENSN.

378 1857 561 1888 Secundum
596 1867 703 1887 sacros
737 1856 969 1887 venerabilium
999 1859 1126 1897 patrum
1158 1855 1316 1886 canones⁹
1341 1854 1462 1895 Spiritu
1490 1854 1553 1885 Dei
1588 1854 1733 1885 conditos
1768 1858 1800 1885 et
1827 1855 1923 1884 totius

223 1920 251 1939 30
269 1908 379 1939 mundi
402 1909 584 1939 reverentia
603 1911 806 1939 consecratos
829 1918 885 1949 pro
909 1908 1135 1939 ecclesiasticis
1157 1907 1327 1938 dumtaxat
1349 1906 1593 1938 necessitatibus
1616 1909 1713 1946 atque
1733 1905 1924 1936 utilitatibus

270 1959 312 1990 ad
337 1969 402 1999 eaS,
427 1970 504 2000 quas
528 1969 630 2000 nuper
653 1960 781 1990 statutis
805 1959 919 1990 diebus
943 1959 1188 1999 celebravimus,
1212 1958 1350 1999 synodos
1360 1958 1398 1997 1⁰,
1422 1958 1525 1988 missis
1549 1968 1590 1988 ex
1612 1968 1700 1988 more
1725 1958 1924 1988 auctoritatis

269 2014 377 2051 nostre
402 2011 516 2041 litteris
541 2010 775 2042 fraternitatem
799 2014 887 2042 tuam
904 2010 1023 2042 debere
1041 2020 1209 2041 occurrere
1232 2009 1335 2040 modis
1356 2009 1501 2040 omnibus
1518 2009 1727 2040 decrevimus.
1766 2008 1831 2039 Sed
1849 2010 1922 2049 quia

272 2063 387 2093 ceteris
412 2062 528 2094 devote
553 2062 645 2093 valde
662 2062 862 2093 venientibus
878 2065 910 2093 te
934 2063 1064 2093 minime
1082 2062 1208 2092 venisse
1232 2071 1337 2102 neque
1360 2061 1600 2092 excusationem
1618 2064 1704 2091 tuam
1725 2061 1756 2090 in
1774 2061 1924 2091 tractoria

375 2157 433 2182 230.
461 2157 484 2189 θ’)
503 2158 531 2182 in
549 2166 601 2182 ras.
623 2157 652 2182 R.
758 2156 784 2190 b)
804 2167 850 2182 0711.
871 2158 902 2182 R.
1010 2157 1031 2188 ⁰)
1051 2166 1083 2182 ex
1106 2158 1155 2182 hac
1173 2165 1275 2189 gerare,
1298 2158 1314 2181 h
1337 2157 1385 2181 del.
1406 2156 1438 2180 R.
1544 2155 1568 2187 d)
1588 2164 1653 2180 corr.
1672 2164 1702 2180 ez
1724 2156 1871 2180 Decembris
1892 2155 1922 2179 H.

224 2207 252 2226 >35
273 2200 295 2232 e)
316 2201 465 2232 fregendum
484 2200 517 2226 R.
606 2199 624 2233 ί)
644 2209 695 2224 ras.
710 2206 769 2232 post
788 2201 818 2225 ad
838 2201 869 2225 R.
958 2200 982 2231 Β)
1002 2201 1109 2232 suffigiit
1128 2200 1160 2225 R.

378 2260 402 2291 1)
424 2258 464 2290 Cf.
486 2259 620 2292 Simplicii
634 2267 682 2292 pp.
703 2259 778 2292 epist.
796 2259 832 2284 ad
850 2259 999 2285 Iohannem
1018 2267 1057 2292 ep.
1073 2259 1194 2284 Raverm.
1215 2258 1355 2292 (Diortysii
1375 2258 1437 2284 Ooll.
1455 2258 1554 2284 contin.
1570 2257 1636 2283 decr.
1655 2257 1788 2289 Simplicii
1806 2265 1826 2282 c.
1840 2260 1864 2288 1,
1884 2256 1921 2281 ed.

271 2301 367 2336 Miyow
385 2302 514 2334 LXVII,
531 2303 605 2335 321),
629 2302 702 2334 Jaffe}
722 2302 784 2335 Rey.
799 2305 850 2328 583
869 2302 945 2335 (351).
1051 2302 1076 2334 2)
1096 2302 1118 2328 I.
1132 2310 1152 2327 e.
1167 2301 1192 2327 (l.
1206 2306 1227 2328 1.
1239 2301 1388 2327 Decembris
1406 2304 1462 2327 879.
1499 2300 1669 2326 Athanasius
1687 2299 1802 2332 primum
1820 2298 1923 2331 quidem

268 2352 360 2377 papae
378 2345 487 2371 mom‘tis
505 2345 644 2377 oboedivit,
664 2346 700 2378 cf.
719 2353 746 2371 n.
761 2348 820 2377 249,
841 2345 1002 2377 Amatfttani
1023 2353 1082 2370 rero
1105 2344 1330 2370 eoecommunicati
1352 2347 1415 2370 surzt
1433 2344 1462 2369 in
1481 2343 1582 2377 synodo
1602 2343 1627 2369 d.
1641 2347 1676 2369 15.
1689 2342 1806 2368 Octobris
1824 2341 1924 2372 habita,

273 2386 307 2418 cf.
327 2396 354 2414 η.
368 2391 425 2413 246,
512 2387 538 2420 3)
558 2387 600 2413 De
619 2387 670 2413 Ιιαο
693 2387 830 2413 additione
848 2395 879 2414 ex
898 2388 1011 2420 minuta,
1031 2390 1063 2413 ut
1077 2390 1165 2420 patet,
1185 2387 1216 2412 in
1233 2387 1374 2420 rcyistrum
1392 2386 1524 2419 descripta
1543 2386 1577 2418 cf.
1590 2385 1710 2418 LapOtre
1727 2384 1883 2416 ‘L'Europc
1901 2386 1923 2409 et

228 2438 255 2457 40
274 2430 295 2456 le
315 2430 503 2464 Saint-Sitye’
515 2431 539 2463 1,
552 2435 591 2462 10,
609 2430 671 2456 NA.
687 2430 832 2461 XXXVI,
846 2434 903 2457 108.
978 2431 1005 2463 4)
1028 2430 1068 2464 Cf.
1087 2440 1113 2457 π.
1128 2434 1183 2463 176,
1202 2433 1258 2456 223.
1330 2431 1356 2462 5)
1375 2430 1417 2456 De
1435 2429 1511 2455 rebus
1526 2429 1663 2462 Capuanis
1680 2429 1714 2460 cf.
1729 2436 1774 2453 om.
1789 2431 1845 2459 222,
1863 2430 1922 2452 223.

273 2473 301 2504 ὅ)
320 2473 365 2498 Ad
377 2473 486 2499 eandem
504 2481 559 2499 rem
578 2481 632 2499 sese
648 2474 744 2504 ‘referre
762 2473 876 2506 ridetur,
895 2473 925 2499 de
937 2482 992 2506 qua
1007 2473 1211 2506 Erchempertus
1228 2474 1258 2498 in
1272 2473 1344 2499 Hist.
1358 2473 1481 2506 Lanyob.
1496 2480 1517 2498 e.
1528 2475 1562 2498 30
1574 2471 1623 2505 (ed.
1635 2471 1704 2496 MG.
1715 2470 1763 2496 SS.
1777 2478 1825 2496 rer.
1838 2470 1922 2501 Lany.

268 2524 297 2548 p.
309 2517 374 2550 245)
386 2519 495 2542 narrat:
515 2516 666 2542 Landolfus
680 2516 828 2550 episcopus
842 2536 927 2542 .....
942 2516 1144 2542 Pandonolfum
1162 2517 1293 2550 nepotem
1313 2524 1392 2541 suum
1406 2516 1466 2541 vice
1480 2515 1569 2548 patris
1588 2514 1629 2540 sui
1643 2513 1781 2539 Pandouis
1795 2512 1922 2538 comitem

276 2558 305 2584 in
320 2558 444 2592 Capuam
462 2558 616 2590 constituit,
630 2559 678 2592 qui
694 2559 855 2585 vulneratus
873 2568 906 2586 ex
920 2559 1017 2593 prelio,
1037 2568 1091 2593 quo
1110 2559 1220 2593 genitor
1234 2558 1410 2589 occubuerat,
1429 2557 1578 2583 semivivus
1597 2558 1732 2582 evaserat.
1804 2556 1829 2587 Τ)
1850 2553 1923 2579 Haec

275 2603 337 2627 ante
359 2605 514 2628 concentum
535 2602 716 2627 Tmiectirium
739 2602 764 2628 d.
781 2607 799 2628 1.
811 2602 930 2628 Octobris
953 2603 998 2635 (cs.
1017 2611 1063 2628 rm.
1077 2606 1202 2634 213-17,
1222 2605 1279 2634 256,
1305 2601 1368 2627 NA.
1388 2600 1535 2631 XXXVI,
1555 2603 1599 2625 153
1620 2601 1710 2624 annot.
1725 2600 1762 2630 2),
1786 2597 1831 2622 ubi
1849 2604 1923 2629 papa

230 2651 256 2670 45
277 2651 374 2670 causas
388 2646 577 2677 Captianorum
595 2644 707 2676 diremit,
726 2645 825 2678 scripta
843 2653 895 2671 esse
909 2647 992 2678 patet.
1024 2645 1150 2671 Nostram
1168 2645 1254 2678 igitur
1271 2644 1407 2677 epistolarii
1425 2643 1529 2668 circiter
1542 2642 1578 2667 ad
1590 2650 1622 2668 νη.
1635 2641 1705 2673 Sept.
1715 2648 1814 2673 ponere
1830 2641 1923 2671 aptum

276 2686 389 2720 videtur,
407 2690 441 2720 cf.
454 2687 517 2714 NA.
534 2687 681 2719 XXXVI,
696 2691 745 2713 152
763 2690 856 2714 annot.
870 2692 894 2714 6.
976 2688 1002 2719 8)
1024 2688 1065 2719 Cf.
1078 2696 1105 2714 ri.
1118 2691 1174 2719 229,
1190 2696 1219 2720 p.
1234 2690 1282 2713 203
1301 2688 1394 2711 mmot.
1407 2690 1429 2711 6.
1512 2686 1538 2715 9)
1561 2684 1601 2716 Cf.
1619 2692 1678 2710 cam.
1691 2687 1706 2709 5
1724 2682 1835 2708 Nicaea.
1849 2689 1921 2706 conc.

274 2729 326 2762 (ecl.
342 2730 436 2755 Mansi
450 2730 490 2762 ΙΙ,
504 2730 572 2763 670).
645 2730 687 2761 10)
707 2729 768 2755 Scit.
783 2730 858 2755 illam
878 2730 903 2756 d.
917 2735 952 2757 15.
963 2730 1083 2756 Octobris
1096 2730 1141 2763 (cf.
1154 2739 1201 2755 rm.
1215 2733 1274 2761 228,
1288 2733 1343 2760 247,
1358 2729 1417 2760 248)
1437 2731 1460 2753 et
1475 2728 1591 2760 priorem
1610 2726 1635 2752 d.
1647 2731 1666 2751 1.
1678 2725 1749 2751 Maii
1767 2724 1922 2750 celebratam

275 2771 321 2804 (cf.
342 2780 388 2798 rm.
403 2776 462 2805 163,
484 2775 542 2805 188,
563 2772 632 2806 204).
672 2772 815 2798 citationes
836 2780 893 2798 sero
914 2772 1050 2798 Helmoim
1067 2780 1123 2798 ozon
1141 2774 1253 2798 exstant.
