2189 3042
150 787 201 809 Gal.
212 789 230 811 3,
241 790 272 808 20.

288 128 348 155 414
529 110 722 146 ANASTASH
742 119 1039 145 BIBLIOTHECARII
1058 118 1258 145 EPISTOLAE
1278 117 1358 145 SIVE
1378 118 1655 145 PRAEFATIONES
1673 120 1697 146 5.

285 219 389 249 neque
420 208 479 238 loci
509 208 688 237 servatores
718 205 921 236 orientalium
948 206 1072 237 sedium
1097 215 1194 237 causa
1217 204 1480 235 vindicandarum
1505 204 1720 245 quarumlibet
1747 205 1939 237 dioeceseon

284 258 432 290 veniendi
456 257 766 298 Constantinopolim
789 257 948 297 invitatos,
973 257 1031 289 sed
1048 256 1308 296 controversiam,
1332 266 1390 297 pro
1408 266 1471 297 qua
1488 255 1689 297 disponenda
1705 260 1738 288 et
1753 257 1940 288 diffinienda

284 310 356 341 vel⁸
379 320 398 340 a
421 309 480 350 piis
504 308 752 350 imperatoribus
777 309 913 349 expetiti
935 309 986 340 vel
1010 319 1029 340 a
1051 307 1252 350 praesulibus
1275 307 1390 338 nostris
1415 307 1565 338 destinati
1584 318 1704 347 sumus,
1720 307 1791 339 Deo
1808 311 1940 339 auctore

284 372 361 392 sane
379 361 580 392 dissolvimus
597 362 630 390 et
646 360 776 401 propria
791 360 908 401 singuli
924 360 1155 402 subscriptione
1169 359 1375 401 signavimus,
1392 358 1495 400 Super
1508 358 1649 390 dioecesi
1661 361 1769 390 autem
1782 358 1940 400 Hyllirici,

284 423 380 455 quam
404 412 498 443 sedes
521 412 698 452 apostolica
726 412 795 443 iure
825 412 928 453 prisco
961 415 994 443 et
1022 412 1311 453 inpraesentiarum
1335 410 1395 441 sibi
1419 421 1437 441 a
1460 410 1698 451 possessoribus
1722 412 1789 442 eius
1814 410 1940 442 reddito
1981 422 1992 439 ⁵

284 475 366 495 nune
386 464 494 505 quieta
510 464 689 494 retentione
706 463 850 504 possidet
867 466 899 494 et
914 463 1106 505 regulariter
1121 463 1229 503 utitur,
1247 462 1362 494 eadem
1380 462 1564 503 principalis
1579 462 1674 493 sedes
1690 473 1794 504 neque
1812 463 1940 504 pulsata

285 519 334 546 est
350 526 464 557 neque,
488 518 524 546 ut
539 525 596 556 pro
614 525 652 546 ea
668 515 812 546 mitteret
828 515 1079 556 altercandumb,
1096 515 1161 545 ullo
1178 514 1274 546 modo
1291 516 1475 555 provocata.
1509 513 1574 545 Sed
1590 524 1696 555 neque
1713 524 1771 545 nos
1787 525 1941 555 personas

284 567 514 598 advocatorum
544 567 595 598 vel
624 569 818 598 assertorum
848 567 917 598 eius
946 567 1136 598 assumimus
1164 576 1280 608 neque⁷
1312 566 1388 607 quid
1416 565 1481 605 illa,
1507 565 1532 596 si
1561 566 1700 607 adesset,
1731 565 1942 607 responderet

284 619 428 657 obiectis,
457 620 670 660 agnoscimus,
700 619 819 660 quippe
849 619 903 660 qui
931 618 1010 649 nihil
1039 618 1112 649 hinc
1142 617 1182 649 ab
1214 628 1253 649 ea
1280 618 1311 649 in
1340 617 1500 649 mandatis
1529 618 1712 659 accepimus
1739 628 1776 649 ac
1799 628 1858 659 per
1880 617 1941 648 hoc

284 671 465 712 disceptare
481 681 544 701 non
560 671 654 702 iussic
670 671 841 712 quiequam
857 681 920 702 non
937 681 1114 711 possumus.
1132 670 1255 701 Verum
1271 680 1329 700 nec
1346 669 1408 701 1001
1424 673 1604 701 servatores
1621 669 1763 701 Orientis
1778 668 1940 700 iudicumd
1971 678 1994 696 1⁰

283 733 316 754 se
346 733 499 763 personas
529 725 748 764 assumpturos
777 723 809 753 in
840 723 1073 761 controversiis,
1102 722 1134 752 in
1158 721 1272 763 quibus
1295 721 1335 752 ab
1360 724 1494 763 utraque
1518 731 1581 752 non
1605 723 1677 752 sunt
1701 724 1792 762 parte
1817 721 1941 752 iudices

288 775 442 816 appellati
466 775 517 805 vel
540 774 645 814 electi,
676 774 860 814 conicimus,
884 775 1075 815 praesertim
1098 784 1170 805 eum
1194 773 1358 814 apostolus
1382 773 1567 814 perhibeat:
1592 773 1773 804 ‘Mediator'
1796 773 1942 814 inquiens

288 827 389 857 ‘unius
416 836 480 857 non
503 828 561 857 est*
587 829 618 856 et
641 826 723 857 sacri
747 836 885 857 canones
912 836 975 857 non
999 835 1275 867 quorumeunque,
1304 824 1361 855 sed
1385 825 1561 856 electorum
1584 824 1723 855 iudicum
1748 825 1942 855 sententiam

283 878 413 909 minime
443 877 658 919 spernendam
686 877 865 909 edoceant1
891 880 923 908 et
947 877 1078 918 quidam
1101 876 1317 917 probabilium
1346 879 1472 917 patrum
1496 876 1617 907 dieat2:
1643 876 1759 907 ‘Iustus
1782 875 1942 908 mediator

286 940 349 961 non
373 933 430 970 est,
456 929 509 971 qui
533 929 577 960 sie
601 940 697 960 unam
721 932 867 970 partem⁰
891 928 989 968 audit,
1013 933 1048 960 ut
1071 928 1166 960 alteri
1188 929 1272 969 parti
1295 928 1373 958 nihil
1397 929 1572 960 reservet'.³
1972 937 1995 955 1⁵

395 982 486 1013 Haec
510 982 621 1022 itaque
646 981 784 1012 diximus
804 982 943 1012 intentos
959 980 1097 1012 reddere
1114 980 1274 1011 studiosos
1290 983 1448 1020 curantes,
1465 990 1505 1011 ne
1523 980 1605 1011 forte
1622 989 1775 1020 processu
1790 980 1944 1021 temporis

288 1035 459 1077 quicquam
474 1033 514 1064 de
528 1032 715 1064 subicienda
727 1032 1102 1073 Constantinopolitanae
1113 1031 1439 1072 dioecesiVulgarum
1452 1034 1537 1062 terra
1547 1034 1701 1062 statutum
1712 1030 1765 1062 vel
1775 1030 1944 1062 diffinitum

286 1086 326 1118 ab
350 1085 521 1117 universali
546 1087 578 1115 et
603 1088 718 1115 octava
741 1087 872 1125 putetur
894 1084 1017 1124 synodo
1040 1083 1091 1115 vel
1120 1084 1281 1114 actionum
1308 1083 1393 1114 illius
1416 1083 1519 1114 codici
1542 1093 1562 1114 a
1585 1082 1697 1114 Grecis
1725 1083 1798 1113 hinc
1821 1083 1944 1124 aliquid

286 1138 367 1169 adici
400 1139 632 1178 praesumatur.
679 1135 761 1166 Nam
790 1136 956 1165 familiaris³
984 1141 1026 1164 est
1055 1136 1117 1166 illis
1146 1139 1201 1165 ista
1228 1138 1421 1172 praesumptio
1451 1138 1483 1166 et
1511 1134 1680 1175 singularis
1704 1134 1943 1175 quodammodo

287 1189 469 1221 ambitionis
492 1187 655 1219 indicium.
688 1187 855 1229 Siquidem
878 1188 910 1218 in
933 1187 1073 1218 secunda
1094 1187 1237 1228 synodo4
1254 1190 1365 1218 eontra
1381 1189 1501 1217 statuta
1516 1195 1654 1227 magnae
1670 1185 1814 1218 Nicenae
1831 1186 1944 1228 synodi
1971 1194 1996 1213 2⁰

286 1245 318 1273 et
350 1243 532 1272 sanctorum
562 1239 693 1270 decreta
722 1239 907 1280 praesulum
937 1238 1157 1269 Romanorum
1187 1238 1427 1269 Alexandrinae
1457 1237 1627 1279 privilegia
1650 1237 1735 1268 sedis
1760 1237 1943 1269 Constanti-

285 1292 471 1334 nopolitano
496 1288 677 1322 contuleref
699 1290 870 1331 pontifici⁵.
900 1289 941 1321 Et
965 1290 1125 1331 quaedam
1147 1300 1247 1331 penes
1263 1290 1335 1321 illos
1351 1290 1577 1332 repperiuntur
1592 1290 1733 1331 capitula
1747 1290 1942 1331 regularum,

287 1354 369 1386 quae
393 1343 438 1374 illi
463 1342 592 1384 quidem
616 1342 731 1373 tertiae
756 1341 866 1372 dicunt
889 1342 1028 1373 existere
1053 1341 1165 1382 synodi
1176 1341 1198 1382 ⁶,
1222 1351 1295 1372 eum
1318 1341 1403 1383 apud
1427 1341 1561 1372 Latinos
1584 1351 1643 1372 nee
1665 1342 1698 1372 in
1720 1342 1943 1372 vetustissimis

287 1397 488 1427 inveniantur
518 1393 720 1425 editionibus
767 1393 805 1424 In
835 1396 967 1434 quartae
999 1404 1127 1435 quoque
1157 1393 1290 1434 ,4151110111τ
1315 1393 1507 1434 quibusdam
1530 1393 1693 1424 codicibus
1717 1392 1877 1434 quoddam
1903 1393 1943 1424 de

288 1447 462 1489 privilegiis
482 1444 807 1486 Constantinopoleos
831 1445 1003 1476 ostendunt
1026 1445 1213 1486 capitulum⁷
1238 1445 1324 1485 quod
1346 1445 1430 1476 inter
1454 1455 1592 1476 canones
1612 1445 1756 1476 eiusdem
1773 1445 1886 1486 synodi
1901 1444 1943 1476 ab
1971 1456 1995 1475 25

286 1500 434 1530 universa
457 1497 594 1528 eeclesia
616 1499 786 1527 veneratos
809 1507 868 1527 1100
891 1496 1050 1527 Latinitas
1073 1506 1133 1527 nee
1156 1497 1221 1527 alia
1237 1496 1347 1537 lingua
1363 1496 1421 1527 sub
1439 1495 1505 1527 sole
1522 1497 1668 1537 recipere
1685 1497 1943 1538 comprobatur&

287 1550 447 1590 Quodque
470 1549 546 1579 lieet
569 1548 610 1579 ab
628 1547 798 1578 Anatolio⁵³
815 1550 848 1578 et
870 1547 1065 1588 imperatore
1076 1547 1103 1566 11)
1119 1547 1171 1578 vel
1190 1547 1367 1578 fautoribus
1385 1558 1494 1579 eorum
1511 1550 1585 1589 post
1601 1548 1708 1578 omnia
1723 1551 1815 1588 gesta
1831 1547 1944 1588 synodi

288 1605 320 1633 et
343 1601 485 1643 prolatos
509 1600 653 1630 kanones
676 1599 708 1629 in
731 1598 878 1630 absentia
900 1598 1122 1629 Romanorum
1145 1598 1208 1629 loci
1231 1601 1430 1630 servatorum
1447 1599 1529 1629 clam
1546 1598 1773 1640 depromptum
1790 1600 1942 1639 extiterit,

288 1663 364 1684 mox
392 1655 501 1683 tamen
530 1651 575 1682 ibi
604 1652 708 1692 ipsum
737 1650 778 1681 ab
809 1649 930 1681 eisdem
960 1650 1022 1681 loci
1051 1650 1268 1682 servatoribus
1296 1654 1345 1681 est
1372 1650 1535 1691 repulsum
1560 1653 1592 1681 et
1611 1660 1631 1681 a
1654 1650 1731 1682 sede
1755 1651 1944 1693 apostolica,

288 1715 371 1746 quae
400 1707 435 1734 ut
465 1703 581 1734 eadem
605 1702 745 1743 synodus
774 1702 863 1732 fierig
887 1702 956 1733 sola
984 1701 1164 1733 decrevit²l
1188 1702 1321 1743 solaque
1350 1702 1399 1733 ius
1422 1702 1535 1733 habuit
1564 1712 1619 1733 eos
1648 1702 1833 1743 recipiendi⁷
1864 1713 1943 1744 quos
1971 1713 1996 1733 ³0

287 1755 440 1797 synodica
464 1755 592 1785 decreta
618 1753 847 1794 protuleranth,
875 1763 938 1784 non
962 1753 1065 1784 solum
1088 1764 1151 1784 non
1175 1753 1313 1793 admisit,
1337 1763 1449 1785 verum
1473 1753 1570 1785 etiam
1594 1754 1744 1785 continuo
1772 1755 1942 1795 respuit¹².

289 1807 448 1847 Quodque
472 1805 643 1836 Anatolius
667 1805 718 1835 vel
742 1805 927 1845 imperator,
952 1805 1028 1846 quia
1050 1808 1085 1836 ut
1108 1805 1289 1836 firmaretur
1312 1815 1331 1835 a
1351 1805 1428 1836 sede
1445 1805 1633 1846 apostolica,
1653 1806 1703 1836 eui
1720 1808 1793 1836 tunc
1809 1816 1945 1847 magnus

288 1857 494 1900 praesidebat
505 1857 584 1896 Leo,
598 1857 771 1897 impetrare
784 1866 847 1887 non
860 1857 973 1897 potuit,
986 1857 1019 1887 in
1033 1856 1101 1887 eius
1113 1856 1253 1897 positum
1266 1858 1427 1897 potestate
1441 1856 1605 1888 confessus
1619 1856 1713 1888 est¹³.
1731 1856 1945 1888 Nihilominus

289 1914 320 1942 et
343 1910 407 1941 alia
431 1908 601 1940 ostendunt
624 1908 807 1950 regularum
831 1918 1003 1939 numerosa
1027 1910 1059 1938 et
1082 1907 1353 1949 praesumptiosai
1373 1908 1449 1939 satis
1472 1908 1620 1949 kapitula
1639 1908 1764 1949 priseae
1781 1908 1944 1939 traditioni

288 1972 369 2003 pene
394 1961 500 1993 omnia
522 1959 616 1991 valde
640 1959 808 2000 contraria,
833 1969 916 2001 quae
940 1970 959 1991 a
982 1962 1075 1990 sexta
1098 1959 1179 1991 falso
1202 1959 1374 2000 perhibent
1405 1959 1527 2001 synodo
1537 1959 1567 1978 ¹4
1590 1960 1844 2001 promulgata¹⁵‚
1870 1970 1942 1991 cum
1970 1971 1994 1989 ³5

287 2016 380 2045 sexta
404 2012 542 2054 synodus
566 2012 685 2042 nullam
709 2010 897 2052 protuleritk
917 2014 1047 2052 praeter
1061 2011 1137 2042 fidei
1153 2011 1310 2052 regulam.
1342 2011 1407 2042 Sed
1422 2021 1500 2052 quas
1517 2011 1585 2042 eius
1601 2014 1788 2042 asseverant
1805 2011 1943 2053 regulas,

391 2177 414 2208 ³)
435 2185 482 2201 om.
500 2176 551 2200 172.
622 2174 646 2206 b)
666 2175 826 2200 alterandum
845 2174 896 2200 Vs.
967 2174 990 2206 ί3)
1009 2175 1081 2200 iussu
1101 2174 1153 2199 1⁷2.
1234 2173 1258 2206 d)
1277 2183 1330 2200 ras.
1343 2183 1411 2200 corr.
1426 2183 1457 2200 ea:
1475 2175 1598 2200 iudicium
1615 2174 1645 2199 V.
1730 2175 1752 2207 Β)
1771 2179 1867 2208 patrem
1886 2174 1943 2200 V3.

288 2218 307 2250 f)
327 2228 393 2244 corr.
406 2228 436 2244 ez
455 2219 557 2244 contule
572 2218 599 2243 V.
704 2218 729 2249 8)
748 2218 783 2242 sic
801 2217 830 2249 V,
849 2217 900 2249 V1‚
919 2217 974 2247 Va·
1001 2219 1068 2250 forte
1091 2218 1194 2243 deberet
1217 2219 1256 2243 vel
1280 2218 1362 2243 simile
1379 2218 1441 2250 quid
1463 2219 1560 2250 snppl.;
1588 2219 1662 2243 fieret
1685 2226 1752 2244 corr.
1767 2226 1798 2242 ea:
1816 2218 1871 2243 fieri
1890 2217 1943 2243 V3.

287 2261 312 2293 11)
326 2263 482 2295 pertulerant
500 2260 528 2292 V,
548 2261 604 2289 1⁷2:
623 2261 783 2294 perculerant
799 2261 849 2291 V1,
870 2260 924 2286 V3.
994 2260 1013 2292 i>
1033 2265 1227 2293 presumptuosa
1246 2269 1312 2286 corr.
1325 2269 1355 2286 ex
1367 2262 1554 2294 presumptiosa
1571 2260 1622 2286 V3.
1693 2259 1719 2292 k)
1732 2261 1867 2294 pertulerit
1886 2260 1938 2286 1⁷2.

392 2356 417 2387 1)
446 2354 484 2386 Cf.
503 2362 577 2380 conc.
598 2354 754 2380 Chalcedon.
776 2361 797 2379 0.
815 2357 838 2386 9,
863 2353 901 2379 ed.
922 2354 1014 2387 Miyne
1033 2354 1109 2380 Patr.
1128 2354 1174 2381 lat.
1192 2353 1322 2386 LXVII,
1343 2356 1403 2384 173,·
1429 2361 1501 2380 conc.
1518 2353 1643 2387 Oarthay.
1663 2361 1685 2380 e.
1707 2357 1747 2386 96,
1771 2354 1787 2379 l.
1800 2354 1816 2380 l.
1834 2362 1861 2386 p.
1884 2357 1941 2381 214.
1969 2369 1995 2388 40

289 2398 314 2430 2)
333 2397 418 2424 Hunc
442 2398 526 2424 locam
552 2405 608 2423 non
634 2397 790 2427 invenimus,
817 2398 852 2430 cf.
869 2397 957 2422 Perezs
976 2397 992 2423 l.
1007 2397 1022 2423 l.
1040 2406 1067 2430 p.
1082 2400 1128 2423 254
1155 2405 1215 2423 cnm
1240 2405 1305 2424 ann.
1319 2401 1336 2423 4
1355 2399 1380 2423 et
1397 2401 1419 2423 5.
1533 2398 1560 2428 3>
1583 2396 1624 2430 Cf.
1638 2397 1711 2429 epist.
1726 2397 1827 2423 Zosimi
1849 2405 1939 2430 papae

290 2441 354 2474 Rey.
368 2440 440 2472 Jaffe
461 2444 516 2473 339,
542 2440 581 2466 ed.
595 2441 689 2474 Miqne
708 2440 783 2466 Patr.
797 2440 843 2465 lat.
857 2439 984 2471 LXVII,
998 2444 1047 2466 263
1059 2440 1098 2470 Α,·
1124 2440 1211 2466 Perels
1236 2440 1252 2465 l.
1266 2440 1282 2466 l.
1299 2448 1325 2472 p.
1346 2444 1394 2466 264
1419 2448 1485 2465 ann.
1505 2444 1527 2465 5.
1648 2440 1675 2472 4)
1704 2439 1938 2473 Constantinopoli

288 2492 312 2509 a.
326 2486 376 2509 381
401 2483 501 2510 habita.
612 2484 638 2516 5)
660 2482 700 2514 Of.
719 2490 780 2508 can.
801 2485 824 2509 3.
930 2484 956 2515 6)
981 2483 1085 2516 Ephesi
1112 2492 1136 2508 α,
1156 2486 1205 2509 431
1232 2483 1346 2509 habitae.
1452 2483 1478 2515 7)
1506 2482 1687 2509 Chalcedonae
1712 2491 1736 2508 a.
1756 2487 1803 2509 451
1827 2483 1940 2510 habilae.

289 2526 316 2558 8)
334 2526 396 2552 Seil.
410 2535 470 2553 can.
483 2530 523 2558 28,
542 2529 577 2560 ef.
590 2526 682 2558 Hefele
693 2525 1020 2552 ‘Concilien-Gescliichte’
1033 2527 1043 2541 ²
1057 2526 1097 2558 Π,
1109 2529 1228 2559 527300,
1242 2529 1347 2559 538300.
1418 2526 1446 2559 9)
1459 2525 1625 2552 Patricio-cha
1641 2525 1943 2559 Constantinopolitano

289 2573 434 2595 449—455.
531 2570 572 2602 10)
593 2569 739 2595 Marciano
751 2572 895 2594 450—457.
993 2569 1034 2601 11)
1053 2569 1137 2595 Hanc
1154 2568 1285 2602 synodam
1303 2577 1360 2595 non
1378 2577 1396 2594 a
1414 2568 1504 2595 Leone
1518 2569 1540 2595 I.
1559 2576 1640 2601 papa,
1664 2568 1709 2594 sed
1726 2569 1760 2594 ab
1784 2569 1943 2602 imperatore
1968 2583 1992 2603 45

289 2615 459 2638 convocatam
483 2619 536 2638 esse
560 2614 672 2642 constat,
697 2612 733 2643 cf.
753 2611 818 2644 Req.
831 2610 905 2642 Jaffe
928 2614 986 2642 469,
999 2615 1053 2637 471.
1170 2613 1212 2644 12>
1234 2610 1273 2643 Cf.
1291 2612 1416 2645 epistolas
1434 2611 1533 2637 Leonis
1552 2611 1587 2644 1.‚
1612 2611 1677 2644 Rey.
1691 2610 1765 2642 Jaffe‘
1782 2613 1941 2637 481—483.

292 2655 333 2687 13)
355 2654 393 2687 Cf.
407 2656 481 2688 epist.
499 2655 600 2681 Gelasii
619 2655 643 2682 I.
662 2655 729 2688 Req.
740 2654 817 2686 Jaffe
837 2657 888 2685 701,
907 2653 944 2679 ed.
962 2654 1038 2680 Thiel
1056 2654 1145 2687 Epist.
1161 2654 1239 2681 Rom.
1250 2657 1328 2687 pont.
1341 2654 1365 2686 I,
1382 2657 1438 2681 558.
1546 2654 1588 2686 14)
1607 2654 1641 2679 A.
1655 2654 1733 2687 680l1
1753 2653 1942 2680 Constantino-

286 2698 345 2730 poli
363 2698 496 2724 celebrata.
602 2698 644 2730 15)
673 2697 793 2723 Canones
815 2696 915 2730 synodi
939 2705 964 2722 a.
984 2701 1031 2723 692
1053 2697 1287 2730 Constantinopoli
1314 2697 1466 2729 celebratae,
1493 2705 1561 2730 qaae
1576 2695 1762 2730 ‘Quinisexta’
1782 2696 1944 2730 appellatur,

290 2741 392 2773 innuit,
410 2741 442 2767 (Ie
460 2749 514 2774 qna
533 2742 568 2775 cf.
584 2740 675 2774 Hefele
693 2740 709 2766 l.
722 2740 738 2766 I.
753 2740 809 2771 III,
824 2742 872 2766 328
880 2747 931 2773 sqq.
