2189 3042
173 811 198 829 10

172 1057 195 1075 15

173 1356 198 1376 20

170 1614 194 1634 25

169 1872 194 1891 30

170 2129 194 2148 3⁵

168 2466 196 2484 40

169 2678 195 2697 45

680 96 857 123 IOHANNIS
875 97 949 124 VIII.
970 97 1088 124 PAPAE
1111 98 1309 125 EPISTOLAE
1332 100 1356 126 5.
1376 100 1399 126 6.
1846 105 1864 132 5

216 183 298 226 [ac]⁸²
322 184 439 225 magis,
471 184 555 215 unde
578 183 668 214 vobis
696 185 816 224 gratias
839 184 1030 225 referamus,
1058 185 1178 216 habere
1202 187 1374 227 possimus;
1405 187 1541 218 scientes
1570 198 1627 218 nos
1655 187 1742 218 nullo
1766 188 1863 219 modo

214 235 246 265 in
270 235 326 266 tali
349 235 488 267 nefando
513 245 610 276 opere
635 245 855 273 consensuros,
879 234 960 277 s[ed]
985 237 1090 276 potius
1115 240 1147 267 et
1170 237 1310 268 factores
1334 241 1366 269 et
1390 248 1500 269 eorum
1524 242 1755 270 consentaneos
1772 240 1863 280 puni-

215 289 311 317 turos.
358 287 589 318 Verumtamen
618 287 644 316 si
668 285 825 328 [conti—ap
848 286 931 317 hanc
955 291 1095 318 nostram
1119 286 1319 330 l[e]gitimam
1349 289 1595 321 obtestationem
1620 300 1675 321 vos
1703 291 1733 320 in
1757 290 1864 331 aliquo

214 338 255 369 ab
280 338 328 369 his
352 339 481 369 deviare
506 338 749 379 cognoverimus
774 340 806 368 et
829 338 985 369 habentes
1009 339 1089 369 hane
1113 343 1254 370 nostram
1278 341 1501 372 auctoritatem
1519 352 1574 372 vos
1598 342 1736 372 omnium
1762 342 1864 372 ambi—

215 390 369 420 tiosorum
393 389 582 421 factionibus
607 390 763 420 contraire
788 390 918 420 mininie
942 391 1144 430 senserimus,
1169 391 1220 421 vel
1243 392 1268 422 si
1286 393 1446 433 quomodo
1471 393 1646 434 cuicunque
1664 393 1740 424 talia
1757 394 1864 425 facere

215 442 435 482 attemptanti⁰
451 452 507 472 vos
524 451 712 472 consensum
728 441 863 482 prebere
888 441 1001 472 saltem
1019 442 1172 482 clanculo,
1194 443 1278 483 quod
1300 443 1392 484 absit,
1418 444 1631 485 didicerimus,
1656 446 1772 484 sciatis,
1790 446 1864 486 quia

216 496 249 523 et
264 504 320 523 vos
343 493 541 524 anathemati
564 493 798 524 summittemus
823 495 854 523 et
878 492 967 523 illum
991 494 1059 533 pari
1084 495 1242 524 sententia
1265 495 1515 526 condemnantes
1539 506 1632 527 omne
1656 496 1865 527 sacerdotalis

216 544 312 575 officii
336 545 558 585 ministerium,
583 548 617 575 ut
640 555 791 585 umquam
816 544 909 574 nullis
933 544 1106 585 presideat,
1132 546 1159 575 ei
1185 550 1340 586 perpetuo
1365 546 1552 578 adimemus.

320 607 414 630 DATA
502 603 725 629 leDlCTlONE
749 606 779 630 X.

1025 740 1053 769 6.

324 798 480 830 Iohannes
504 798 596 829 VIII.
621 808 709 837 papa
734 798 968 840 [Athanasium
992 798 1072 838 (II.)
1097 799 1273 837 episcopmn
1295 798 1579 839 Neapolitcmmm]
1602 801 1658 831 sab
1682 811 1784 839 poena
1812 812 1864 832 ex-

215 850 508 881 communicationis
524 850 677 887 hortatur,
700 860 738 880 ne
757 850 933 881 societatem
949 850 1051 887 faciat
1067 860 1138 880 cum
1155 849 1262 890 frat-re
1278 850 1354 887 eius,
1373 850 1450 881 duee
1466 850 1685 889 Neapolitano,
1705 852 1866 883 Romanae

214 901 357 932 ecclesiae
381 902 517 933 inimico.
1559 904 1622 933 876
1646 903 1730 942 Sept.
1748 904 1778 935 9.

329 956 405 982 Cod.:
434 957 461 983 R
479 960 499 991 f.
513 959 538 983 2¹
557 965 584 983 n.
598 961 620 983 6.

319 1008 406 1034 Edd.:
434 1008 526 1035 Editio
545 1009 671 1035 Romana
691 1008 779 1042 (1591)
798 1008 865 1040 ΙΙΙ,
883 1012 935 1034 290
952 1017 979 1035 n.
993 1013 1016 1035 5.
1054 1009 1150 1034 Mansi
1177 1008 1253 1035 Cone.
1272 1009 1326 1035 coll.
1348 1009 1452 1040 XVII,
1472 1013 1487 1035 (ι’
1511 1017 1537 1035 n.
1551 1013 1573 1035 5.
1611 1010 1703 1043 Migme
1725 1010 1800 1036 Patr.
1819 1011 1865 1037 lat.

219 1051 356 1083 CXXVI,
375 1055 421 1078 681
439 1061 466 1079 n.
480 1055 519 1078 28.
557 1051 678 1084 Capasso
696 1051 820 1077 Monuni.
839 1051 875 1077 ad
894 1052 952 1078 hist.
972 1052 1032 1078 due.
1046 1052 1130 1085 Neap.
1146 1053 1244 1085 pertin.
1264 1052 1285 1078 I
1288 1073 1293 1084 ‚
1313 1056 1363 1078 :250
1380 1061 1407 1079 n.
1421 1056 1444 1078 o'.
1464 1068 1495 1071 —
1515 1052 1587 1084 εῙιιῇἤέ
1606 1053 1671 1086 Rey.
1687 1057 1752 1079 3046
1771 1054 1866 1087 (2275).

825 1137 1010 1171 (IOHANNES
1035 1138 1237 1171 EPISCOPUS.)
1244 1139 1259 1153 'k

324 1191 444 1221 Multafl
457 1201 515 1231 per
531 1200 588 1220 nos
604 1189 915 1230 predecessoresque
932 1193 1057 1220 nostros
1073 1190 1267 1221 reverendos
1283 1190 1449 1231 pontifices
1466 1190 1538 1220 duci
1551 1190 1836 1231 Neapolitanorum
1844 1192 1867 1231 2,

215 1243 313 1273 immo
339 1242 411 1272 duci
440 1251 601 1281 cecorum,
631 1241 735 1271 missis
764 1244 796 1271 et
824 1241 967 1282 epistolis
992 1241 1242 1272 discurrentibus
1271 1242 1356 1272 dicta
1379 1242 1481 1281 sunt³‚
1513 1252 1573 1282 que
1604 1242 1708 1272 locum
1739 1243 1770 1273 in
1801 1244 1867 1274 eius
1883 1252 2072 1277 ef.iiatth.1.=‚,14.

217 1294 314 1325 corde
338 1294 459 1324 nullum
482 1293 610 1333 penitus
634 1293 832 1331 invenerunt,
857 1293 931 1333 quia
955 1294 1100 1334 profecto
1117 1294 1240 1324 viscera
1264 1294 1362 1334 ipsius
1382 1293 1480 1324 verba
1505 1295 1567 1333 vite
1592 1296 1700 1334 eterne
1724 1296 1867 1335 recipere

217 1348 420 1376 rennuerunt.
467 1344 574 1384 Iudeis
598 1345 682 1375 enim
705 1344 861 1375 Dominus
885 1345 974 1375 dicit:
1002 1341 1080 1380 ‘Qui
1104 1349 1151 1376 est
1176 1356 1217 1376 ex
1240 1345 1326 1385 Deo,
1355 1345 1454 1376 verba
1477 1345 1539 1376 Dei
1563 1346 1666 1379 audit:
1697 1350 1868 1387 propterea
1883 1355 1985 1379 [0.8,47.

215 1408 272 1428 vos
295 1408 357 1428 non
381 1396 508 1437 auditis,
533 1397 607 1437 quia
631 1406 671 1427 ex
688 1395 760 1427 Deo
784 1407 847 1426 non
872 1396 969 1427 estis.³
1009 1392 1058 1427 ‘Si
1083 1396 1172 1437 quis’,
1197 1397 1309 1438 inquit,
1332 1396 1448 1439 ‘diligit
1470 1407 1533 1438 me,
1558 1408 1737 1428 sermonem
1762 1407 2000 1433 meum10,14‚23.

215 1444 374 1480 servabit.'
414 1448 500 1488 Ergo
526 1447 673 1489 probatio
695 1447 875 1478 dilectionis
900 1448 1053 1479 exhibitio
1078 1452 1127 1479 est
1150 1450 1264 1490 operis.
1303 1449 1463 1480 Probatur
1486 1450 1582 1490 igitur
1605 1460 1775 1489 germanus
1799 1454 1870 1480 tuus

213 1511 276 1531 non
307 1500 442 1540 diligere
467 1499 588 1538 Deum,
620 1499 673 1540 qui
704 1499 856 1530 mandata
888 1500 955 1530 eius
985 1500 1226 1541 participandob
1251 1511 1321 1531 cum
1346 1500 1476 1541 perfidis
1504 1512 1567 1531 non
1594 1501 1740 1532 custodit.
1786 1501 1868 1532 Nam

213 1552 374 1583 Iohannes
402 1551 568 1592 apostolus
598 1552 658 1581 ait:
691 1550 763 1587 ‘Qui
795 1551 884 1587 dicit.
910 1553 984 1592 quia
1014 1551 1112 1593 diligo
1137 1551 1259 1592 Deum,
1290 1556 1323 1583 et
1350 1552 1502 1583 mandata
1533 1553 1599 1583 eius
1629 1564 1691 1583 uon
1722 1553 1868 1591 custodit,
1885 1561 1942 1582 1.10.
1954 1562 2002 1586 24.

214 1604 353 1635 mendax
388 1603 459 1634 est.³
512 1602 576 1633 Sed
607 1613 664 1633 nos
697 1605 861 1643 postremo
891 1613 950 1634 nec
982 1604 1078 1633 etiam
1112 1604 1156 1633 sic
1187 1605 1377 1645 contempti,
1409 1615 1469 1645 que
1500 1604 1541 1635 ad
1571 1605 1706 1635 salutem
1740 1606 1807 1635 eius
1838 1609 1869 1636 et

215 1658 401 1685 cunctorum
434 1655 653 1696 pertinebant,
683 1654 895 1696 negleximus.
942 1654 1036 1685 Unde
1064 1666 1126 1685 non
1156 1656 1302 1696 angelus,
1334 1666 1398 1686 non
1428 1656 1553 1697 legatus
1583 1656 1730 1697 quilibet,
1760 1660 1796 1687 ut
1825 1656 1864 1687 de
1905 1687 1927 1706 cf
1947 1687 1981 1706 Iar
1999 1688 2024 1707 49
2044 1688 2080 1707 ¹4·

212 1706 419 1747 redemptore
449 1710 558 1737 nostro
588 1705 778 1747 prophetice
809 1706 927 1737 dictum
952 1710 1015 1745 est,
1046 1706 1104 1737 sed
1131 1707 1172 1737 ad
1200 1707 1370 1738 salvandos
1397 1718 1452 1738 eos
1479 1708 1548 1748 ipse
1577 1719 1635 1748 per
1659 1695 2099 1763 semetipsum{fflfiiffssatit‘hssll‘allassl}

213 1759 412 1799 apostolatus
438 1761 547 1789 noster
563 1757 768 1797 adveniens4‚
793 1758 869 1799 quid
893 1761 951 1795 est,
973 1758 1076 1799 quodc
1094 1758 1206 1789 debuit
1229 1758 1346 1799 facere,
1372 1763 1405 1790 et
1428 1770 1491 1790 non
1514 1760 1611 1791 fecit?
1635 1760 1710 1790 lieet
1732 1761 1811 1801 ipse,
1835 1764 1869 1790 ut
1884 1755 1910 1792 ρξ’.
1924 1752 2014 1797 1324]
2050 1754 2054 1763 ’
2091 1754 2098 1760 ’

213 1820 285 1841 cum
319 1810 500 1851 propheta⁵
528 1809 686 1849 dicamus
717 1820 887 1841 conversus
917 1814 965 1840 est
996 1811 1027 1840 in
1055 1811 1300 1842 amaritudinem
1330 1812 1402 1842 vitis
1433 1811 1537 1851 aliene
1568 1815 1600 1843 et
1631 1813 1712 1842 sicut
1740 1812 1869 1853 aspides

214 1862 308 1901 surde
340 1865 372 1892 et
404 1861 591 1892 obturantes
614 1872 709 1892 aures
739 1872 812 1892 suas
842 1872 904 1893 non
929 1862 1066 1892 audierit
1089 1872 1200 1893 vocem
1225 1863 1469 1901 incantantium,
1498 1863 1531 1893 id
1556 1867 1604 1894 est
1628 1863 1868 1904 predicantium,
1883 1876 1910 1897 cf.
1926 1875 2064 1901 PS.57,5—6.

215 1923 274 1944 nec
290 1914 464 1944 mutaverit
480 1913 692 1944 versutiarum
716 1923 844 1944 suarum
862 1913 1001 1944 colorem
1027 1916 1082 1944 aut
1097 1915 1286 1945 varietatem
1307 1915 1405 1945 instar
1422 1915 1558 1956 ethiopis
1582 1919 1614 1945 et
1638 1915 1738 1956 pardi,
1755 1915 1869 1956 quibus

214 1965 410 2006 perfidorum
436 1965 680 1996 Israhelitarum
703 1965 888 1996 Hieremias
913 1965 1062 1996 duritiam
1087 1967 1298 2007 comparavit:
1327 1967 1411 1997 unde
1438 1968 1552 1998 merito
1581 1967 1695 1997 abscisi
1720 1971 1805 2007 sunt,
1835 1971 1870 1997 ut
1885 1978 2047 2003 cf.1er.13,23.

213 2017 254 2048 de
278 2017 395 2048 talibus
419 2017 585 2058 apostolus
609 2021 713 2058 optat:
745 2017 994 2058 ‘Absoidantu1·'‚
1024 2019 1181 2059 inquiens,
1205 2018 1270 2059 ‘qui
1293 2029 1350 2049 vos
1378 2018 1591 2059 conturbant',
1621 2030 1639 2049 a
1664 2018 1804 2057 Christo,
1835 2019 1867 2048 id
1882 2029 2002 2053 caram.

213 2072 262 2100 est
286 2080 304 2100 a
329 2070 433 2110 capite
459 2072 492 2100 et
516 2079 661 2110 corpore,
687 2069 774 2110 quod
799 2072 847 2100 est
869 2069 1018 2100 ‘ecclesia
1034 2069 1098 2100 Dei
1121 2070 1193 2109 vivi,
1219 2070 1366 2101 columna
1390 2074 1423 2101 et
1446 2071 1681 2102 firmamentum
1705 2069 1868 2101 veritatis³.
1885 2080 1993 2105 1.Tim.3,
2006 2083 2036 2101 15.

213 2120 299 2162 Ergo
317 2131 389 2151 cum
413 2121 458 2151 ita
475 2121 524 2161 sit,
548 2121 719 2162 prudentia
736 2124 790 2152 tua
806 2122 929 2152 moveri
952 2132 1015 2152 non
1033 2121 1140 2161 debet,
1165 2122 1190 2152 si
1213 2122 1296 2152 inter
1313 2122 1394 2153 tales
1411 2122 1551 2153 officium
1568 2126 1672 2153 cesset
1690 2122 1865 2161 doctorum,

324 2224 350 2257 ²¹²)
370 2223 430 2250 add.
454 2233 525 2250 man.
549 2224 708 2250 correctoris
731 2223 765 2250 R.
812 2224 915 2250 Recens
941 2224 1054 2257 denique
1079 2232 1177 2250 manus
1203 2232 1269 2251 saec.
1291 2224 1388 2251 XVII.
1415 2224 1523 2250 addidit
1553 2224 1707 2250 Athanasio
1735 2223 1865 2257 episcopo

368 2266 565 2301 Neapolitano,
584 2269 651 2293 recte
669 2266 780 2299 quidm,
798 2275 819 2294 v.
841 2270 934 2293 annot.
949 2272 970 2293 1.

316 2327 340 2360 a)
360 2336 407 2352 om.
427 2327 459 2351 R.
548 2327 573 2359 b)
593 2336 640 2353 om.
659 2328 691 2353 R.
782 2327 804 2360 c)
823 2329 1002 2360 actemptanti,
1020 2337 1036 2361 p
1055 2329 1117 2354 add.
1136 2337 1218 2361 supra
1236 2329 1331 2354 lineam
1349 2329 1380 2353 R.
1470 2327 1495 2361 d)
1514 2328 1624 2360 spatium
1642 2328 1757 2352 relietum
1776 2327 1808 2352 R.

316 2383 339 2409 6.
367 2384 390 2415 a)
410 2393 477 2409 corr.
496 2392 526 2408 εκ
544 2385 627 2409 Multo
646 2384 678 2409 R.
767 2383 792 2417 b)
811 2377 962 2417 part—ipando
982 2394 1047 2410 corr.
1068 2394 1098 2410 ex
1116 2386 1210 2418 part-ia-
1230 2384 1264 2410 R.
1353 2386 1375 2416 ο)
1395 2386 1428 2417 qd
1447 2385 1478 2410 R.

319 2460 344 2492 1)
365 2460 518 2486 Athanasio
542 2452 663 2493 episcopo
682 2459 868 2493 Neapolitano
890 2461 923 2493 (e.
937 2464 1087 2493 875—898;
1111 2462 1145 2493 cf.
1168 2461 1285 2494 Capasso
1303 2462 1425 2487 Monam.
1445 2461 1472 2493 I,
1493 2464 1545 2486 220
1567 2463 1659 2486 annot.
1676 2461 1702 2493 3)
1727 2460 1864 2492 epistolam

213 2502 340 2528 directam
358 2511 417 2535 esse,
435 2503 526 2536 facile,
550 2506 581 2528 nt
599 2503 654 2529 iam
672 2503 813 2529 modernus
831 2503 927 2530 codicis
945 2507 1075 2530 corrector
1093 2504 1126 2537 (v.
1146 2507 1240 2531 annot.
1254 2505 1281 2538 ³³)
1300 2507 1321 2530 et
1340 2505 1447 2537 primus
1466 2504 1604 2530 Romanae
1626 2503 1751 2529 editionis
1773 2505 1864 2527 [tactor

212 2545 346 2578 viderunt,
372 2553 403 2571 em
426 2554 454 2571 eo
476 2546 618 2580 eolliffl'tur,
640 2546 710 2579 quod
732 2546 790 2572 dum
812 2547 1056 2580 Neapolitanorum
1077 2556 1221 2581 ‘qermamcs
1242 2548 1327 2579 illius,
1352 2548 1396 2573 cui
1419 2547 1550 2578 scribitur,
1575 2546 1726 2579 appellatio·
1749 2546 1780 2570 in
1805 2545 1863 2577 ipsa

214 2589 332 2621 epistola.
429 2589 455 2622 2)
477 2589 567 2623 Sergiio
589 2590 718 2624 'magistro
741 2590 866 2622 militum,
890 2590 974 2622 fratri
992 2590 1150 2616 Athanasii.
1247 2591 1272 2623 3)
1297 2590 1357 2616 Una
1376 2593 1483 2615 tantum
1501 2592 1615 2622 superest
1640 2589 1716 2621 prior
1735 2587 1863 2613 Iohannis

213 2632 330 2664 epistola,
349 2640 406 2658 non
425 2632 478 2665 ipsi
490 2632 554 2658 duci
572 2633 616 2658 sed
629 2633 821 2666 Neapolitanis
839 2636 862 2659 et
880 2633 942 2659 aliis
958 2633 1064 2665 directa,
1085 2642 1139 2666 qua
1158 2642 1200 2659 eos
1219 2642 1236 2658 a
1251 2636 1448 2659 *Saracenorum
1467 2633 1588 2658 societate
1603 2630 1729 2664 mollibat,
1752 2630 1863 2655 videlieet

213 2674 290 2706 Jaffe
309 2674 372 2709 Req.
386 2677 452 2701 3012
471 2675 567 2710 (2251),
588 2675 710 2709 Append.
724 2685 750 2702 n.
764 2680 804 2703 54.
883 2677 911 2709 4)
932 2676 972 2708 Cf.
991 2684 1075 2709 supra
1093 2685 1120 2702 n.
1131 2680 1154 2708 3,
1171 2684 1200 2709 p.
1213 2679 1229 2701 3
1246 2679 1337 2702 annot.
1348 2679 1371 2702 3.
1459 2677 1485 2708 5)
1505 2675 1550 2701 Acl
1567 2674 1634 2700 idem
1653 2682 1674 2699 e.
1688 2678 1703 2699 5
1722 2672 1812 2698 Isciiac
1831 2680 1864 2697 ac

214 2718 296 2750 paulo
315 2721 396 2744 antea
415 2718 443 2751 (I.
459 2720 500 2752 29)
519 2719 635 2745 alludere
653 2719 762 2752 videtur,
780 2719 826 2745 ubi
844 2719 935 2751 fusius
953 2720 982 2746 de
1001 2720 1086 2751 vinea,
1104 2720 1166 2745 aliis
1185 2722 1271 2744 tamen
1289 2719 1379 2744 rerbis.
