2189 3042
118 720 142 739 10

116 978 140 997 15

115 1234 140 1254 20

113 1493 138 1512 25

112 1751 137 1772 ³0

113 2008 137 2028 ³5

115 2674 139 2692 45

651 160 823 187 LUDOVlCl
843 160 875 186 ΙΙ.
898 160 1143 187 IMPERATORIS
1163 161 1345 187 EPISTOLA.
1761 163 1821 193 393

175 247 366 286 ambulasse,
398 251 585 289 utbsemper
614 248 782 288 evaginato
812 246 920 288 gladio
946 247 1114 288 deportato
1146 258 1206 278 11011
1238 247 1340 278 00111111
1371 248 1523 287 iumenta,
1547 251 1596 278 set
1622 251 1654 278 et
1677 248 1822 279 homines

174 300 398 331 interficerent.
446 299 535 335 Quae
567 309 616 329 res
646 299 670 329 si
694 300 738 329 ita
763 310 796 329 se
822 299 942 335 habuit,
966 299 1201 330 mansuetudini
1226 303 1353 330 nostrae
1377 299 1470 329 valde
1496 299 1643 339 displicet
1667 302 1698 329 et
1723 302 1757 329 ut
1781 299 1822 330 ad

173 351 396 383 certitudinem
420 350 623 391 perducatur,
648 351 855 381 veliementer
872 354 1014 390 exoptat.
1060 350 1180 381 Verum
1206 355 1237 381 et
1253 351 1312 391 ipsi
1337 350 1507 391 diligenter
1527 361 1545 381 a
1565 350 1656 380 nobis
1680 351 1821 391 inquisiti

173 403 237 434 tale
259 403 333 444 quid
355 403 491 442 gessisse
510 401 613 432 modis
633 401 779 432 omnibus
799 405 1004 442 negaverunt,
1025 406 1056 432 et
1076 403 1150 442 quia
1168 412 1229 432 non
1249 405 1297 432 est
1313 402 1365 442 qui
1382 402 1453 432 illos
1469 412 1565 442 super
1582 402 1640 432 1100
1658 403 1688 432 111
1706 402 1821 433 faciem

172 460 294 496 arguat.
305 465 366 485 11011
380 458 428 484 est
438 453 581 493 profecto
597 454 642 484 eis
655 463 759 494 ncque
774 454 924 484 convictis
938 463 1041 493 neque
1053 453 1204 483 confessis
1217 454 1318 483 iustae
1333 453 1536 484 correctionis
1549 453 1669 493 aliquid
1679 454 1821 494 ingeren-

172 507 256 538 dum.
295 505 416 536 Verum
447 516 504 535 nos
533 505 603 535 illos
631 514 689 535 nec
713 504 917 535 educavimus
941 515 999 535 nec
1024 505 1067 534 ita
1092 505 1267 541 docuimus,
1291 508 1326 534 ut
1349 504 1387 534 ad
1414 504 1499 542 talia,
1527 505 1632 545 qualia
1662 505 1819 545 perhibes,

172 558 368 591 laberentur:
400 560 431 588 et
462 556 534 587 ideo
563 556 603 586 de
633 556 695 586 illis
726 557 896 596 quicquam
927 557 1038 586 horum
1069 556 1200 586 credere
1225 566 1286 586 non
1311 556 1404 586 facile
1436 555 1621 586 iudicamus.
1668 556 1820 587 Ceterum

170 609 355 641 indecorum
386 610 500 645 sonuit,
529 608 614 649 quod
641 609 823 639 fraternitas
847 611 901 638 tua
931 608 1092 649 perhibuit
1121 608 1230 639 dicens
1260 619 1333 638 suos
1357 620 1419 638 11011
1443 608 1567 649 gladiis,
1592 608 1647 638 sed
1673 608 1820 638 dentibus

170 665 314 692 nostrosa
338 660 551 700 dilaniavisse,
575 660 634 690 nisi
658 670 754 690 causa
777 660 899 690 timoris
922 660 966 689 tui
990 659 1120 690 minime
1145 660 1404 696 cohercerentur;
1429 670 1499 690 cum
1524 661 1547 689 si
1573 670 1633 690 11011
1659 663 1765 690 essent
1788 660 1820 689 111

170 713 306 753 imperio
336 716 399 747 tuo,
432 711 526 742 nichil
557 711 621 742 tale
649 711 707 741 sibi
736 711 1016 751 praetenderentb,
1054 714 1103 741 set
1135 721 1193 741 nec
1229 712 1259 741 in
1296 722 1394 752 regno
1428 715 1481 742 tuo
1517 711 1612 752 positi
1650 711 1819 751 quicquam

171 766 281 795 horum
312 764 438 804 penitus
460 763 682 798 formidarent;
721 763 794 803 quin
821 763 919 793 immo
951 773 1009 793 1100
1036 763 1116 793 tanti
1147 764 1269 793 numeri
1296 763 1378 793 viros
1403 766 1433 793 et
1466 762 1547 793 aduc
1571 762 1649 792 alios
1674 762 1819 798 totidem,

169 815 241 847 Deo
265 816 393 857 gratias,
419 816 683 855 expavescerent!

277 866 445 897 Postremo
476 865 516 896 de
540 865 679 906 Neapoli
702 864 792 896 nobis
815 865 846 895 in
871 864 997 896 Christo
1029 865 1209 896 fraternitas
1240 869 1323 904 tuac,
1347 864 1438 905 quasi
1462 865 1642 895 miserimus
1666 863 1819 905 populum

170 921 310 949 nostrum
324 917 365 949 ad
377 916 563 948 incidendas
576 916 706 947 arbores
719 919 752 947 et
763 926 883 947 messes
900 916 974 958 igne
992 916 1181 947 cremandas
1195 920 1227 947 et
1243 916 1325 947 110110
1339 916 1450 946 ditioni
1464 919 1591 946 nostrae
1605 915 1818 955 subdendam;

171 980 242 1001 cum
265 970 339 1000 licet
356 969 396 1000 ab
414 969 489 999 011111
505 971 612 999 nostra
629 968 724 999 fuerit
741 971 773 998 et
789 968 973 1008 parentibus
992 968 1106 999 nostris
1124 968 1183 1009 piis
1208 960 1455 1008 imperatoribus
1472 966 1592 997 tributa
1608 965 1818 1007 persolveritd

168 1031 277 1052 verum
295 1031 352 1051 nos
374 1020 414 1050 ab
439 1021 507 1050 eius
520 1019 639 1051 civibus
662 1022 790 1060 praeter
805 1019 916 1051 solitas
939 1019 1117 1050 functiones
1136 1019 1232 1050 nichil
1247 1019 1414 1060 exegimus
1438 1018 1498 1048 nisi
1514 1017 1650 1048 salutem
1666 1018 1818 1058 ipsorum,

169 1072 320 1103 videlicet
331 1075 366 1102 ut
379 1071 565 1102 desererent
575 1072 723 1112 contagia
733 1071 927 1112 perfidorum
939 1077 971 1101 et
983 1071 1113 1112 plebem
1127 1071 1319 1102 desisterent
1330 1070 1455 1111 insequi
1468 1069 1722 1100 christianorum.
1736 1068 1818 1100 Nam

168 1123 350 1155 infidelibus
367 1133 455 1154 arma
473 1126 505 1153 et
524 1123 676 1153 alimenta
699 1126 731 1153 01
749 1125 857 1153 cetera
880 1122 1022 1153 subsidia
1046 1122 1242 1153 1111100010οθ
1266 1132 1324 1163 per
1342 1122 1439 1152 totius
1456 1121 1582 1161 imperii
1604 1122 1703 1151 nostri
1726 1120 1819 1151 litora

169 1187 225 1208 000
249 1175 367 1206 ducunt
397 1179 429 1205 et
451 1185 522 1205 cum
550 1175 625 1215 ipsis
648 1175 743 1205 toties
767 1174 853 1205 beati
878 1174 966 1205 Petri
990 1175 1208 1215 apostolorum
1233 1174 1383 1214 principis
1405 1174 1557 1205 territorii
1582 1173 1681 1203 fines¹
1710 1172 1817 1203 furtim

169 1226 360 1268 depraedari
376 1231 538 1265 conantur,
566 1227 610 1256 ita
640 1228 675 1256 ut
708 1225 793 1256 facta
826 1225 990 1256 videaturs
1023 1225 1176 1267 Neapolis
1210 1225 1388 1256 Panormus
1422 1225 1472 1256 vel
1501 1225 1620 1256 Africa.
1674 1224 1819 1264 Cumque

168 1279 266 1310 nostri
294 1278 411 1319 quique
436 1277 629 1308 Sarracenos
652 1277 842 1310 insecuntur,
870 1277 940 1318 ipsi,
974 1280 1008 1307 ut
1032 1278 1153 1318 possint
1176 1277 1326 1315 evadere,
1343 1276 1516 1317 Neapolim
1546 1276 1680 1317 fugiunt,
1707 1274 1821 1316 quibus

167 1341 229 1361 non
254 1334 302 1361 est
331 1329 546 1361 necessarium
568 1328 764 1359 Panormum
799 1331 957 1368 repetere,
982 1333 1031 1359 set
1053 1328 1224 1370 Neapolim
1247 1328 1408 1369 fugientes
1442 1327 1627 1368 ibidemque
1651 1336 1817 1368 quousque

168 1381 384 1423 praeviderint
418 1381 581 1411 latitantes
615 1391 721 1411 rursus
744 1381 916 1421 improviso
947 1380 988 1411 ad
1025 1381 1215 1412 exterminia
1244 1380 1389 1412 redeunt.
1447 1380 1552 1420 Super
1583 1379 1696 1421 quibus
1719 1389 1817 1419 saepe

168 1433 239 1464 illos
259 1433 449 1471 monuimus,
474 1434 523 1462 set
547 1442 586 1462 ex
609 1432 838 1462 ammonitione
862 1432 989 1472 peiores
1016 1432 1123 1463 effecti
1143 1436 1223 1470 sunt,
1249 1432 1331 1462 adeo
1357 1436 1391 1462 ut
1415 1433 1602 1473 episcopum
1625 1429 1820 1475 111-0911111112,

170 1485 321 1526 quoniam
339 1494 395 1515 eos
413 1487 447 1514 ut
464 1484 602 1514 vitarent
620 1483 778 1513 consortia
799 1482 1012 1523 malignorum
1035 1483 1222 1522 monitabat,
1242 1493 1283 1514 ex
1300 1483 1379 1514 urbe
1392 1484 1575 1524 proicerent
1588 1485 1620 1513 et
1632 1482 1771 1512 illustres
1784 1492 1820 1512 ac

170 1546 320 1577 proceres
344 1535 481 1566 civitatis
504 1534 711 1575 compedibus
728 1534 916 1574 obligarent.
961 1533 1048 1574 Ergo
1073 1534 1099 1564 si
1123 1535 1312 1565 societatem
1335 1545 1397 1565 non
1423 1534 1625 1564 dissolverint
1645 1533 1820 1564 infidelium

166 1587 341 1619 secundum
363 1586 553 1627 apostolum,
578 1586 631 1626 qui
665 1585 822 1626 praecipit
851 1584 975 1616 dicens:
1005 1584 1124 1616 ‘Nolite
1150 1586 1260 1626 iugum
1292 1585 1409 1616 ducere
1443 1596 1514 1616 curn
1547 1585 1750 1623 infidelibus’,
1787 1588 1820 1615 et
1835 1594 1984 1619 soonam.

166 1642 329 1681 pastorem
359 1647 396 1668 ac
427 1637 611 1678 episcopum
635 1637 800 1679 proprium
830 1646 892 1667 non
922 1637 1113 1678 receperint,
1144 1637 1324 1678 portionem
1349 1647 1460 1668 eorum
1485 1647 1641 1677 ponemus
1665 1647 1737 1667 cum
1761 1637 1818 1674 his,

167 1700 301 1732 quorum
324 1689 462 1720 libenter
485 1689 646 1730 amplexis
669 1692 741 1720 sunt
764 1691 924 1729 unionem,
942 1692 975 1720 et
997 1689 1028 1719 in
1050 1698 1113 1719 una
1136 1689 1227 1719 lance
1249 1688 1471 1730 appendemus
1488 1692 1649 1729 utrosque,
1667 1688 1818 1729 quoniam

164 1752 227 1773 non
257 1741 359 1772 solum
390 1741 443 1782 qui
476 1740 596 1771 faciunt
623 1741 709 1780 talia,
733 1745 782 1772 set
806 1745 838 1773 et
866 1742 919 1783 qui
944 1740 1165 1771 consentiunth
1188 1739 1390 1779 facientibus,
1420 1740 1533 1780 dignos
1556 1743 1658 1770 morte
1683 1738 1814 1770 iudicati
1829 1750 2006 1775 cf.som.1,³2.

166 1796 360 1824 memoratus
381 1792 514 1833 insignis
537 1792 710 1833 apostolum
735 1793 923 1833 praesertim
947 1803 1018 1823 cum
1042 1792 1234 1823 unanimiter
1257 1802 1346 1822 arma
1371 1795 1481 1822 contra
1510 1792 1696 1822 christianos
1713 1791 1818 1821 ferant

164 1847 197 1876 et
228 1844 379 1875 dimicent
407 1847 438 1875 et
468 1844 494 1874 si
523 1854 603 1884 quos
631 1843 776 1875 fidelium
806 1854 921 1885 capere
953 1847 1096 1885 possunt,
1128 1843 1364 1874 Saracenorum
1394 1843 1539 1874 manibus
1570 1842 1708 1882 tradant,
1743 1852 1815 1873 cum

162 1897 240 1937 ipsis
262 1895 303 1927 ad
327 1895 412 1927 bella
435 1906 496 1926 uno
520 1896 643 1936 impetu
667 1895 889 1936 procedentes.

274 1946 321 1978 De
364 1950 482 1986 cetero,
519 1947 618 1977 frater
649 1947 833 1987 karissime,
875 1947 1000 1977 noveris
1043 1957 1115 1977 cum
1152 1947 1267 1977 virtute
1305 1947 1419 1976 summi
1456 1945 1599 1986 opificisk
1639 1945 1816 1976 exercitum

165 2001 306 2029 nostrum
339 1998 449 2029 ordine
480 2002 668 2039 praenotato
697 1998 773 2029 Bari
803 1998 969 2039 triumphis
993 1999 1107 2029 nostris
1141 1998 1309 2028 summissa
1332 1996 1510 2028 Saracenos
1535 1997 1666 2028 Tarenti
1695 1997 1816 2036 pariter

166 2052 199 2081 01
230 2048 399 2080 Calabriae
429 2060 505 2080 mox
542 2049 732 2080 mirabiliter
763 2049 947 2080 humiliasse
970 2049 1064 2080 simul
1092 2053 1123 2080 et
1147 2049 1371 2080 comminuisse
1396 2048 1453 2079 hos
1477 2049 1612 2080 celerius
1640 2048 1720 2080 duce
1743 2048 1814 2079 Deo

169 2101 294 2142 penitus
327 2100 557 2141 contriturum1,
588 2101 613 2131 si
637 2111 656 2131 a
679 2101 759 2132 mari
789 2101 939 2142 prohibiti
964 2101 1081 2132 fuerint
1110 2111 1255 2132 escarum
1286 2100 1468 2131 ammittere
1498 2100 1607 2141 copias
1636 2100 1686 2130 vel
1717 2101 1815 2131 etiam

166 2152 341 2183 classium¹¹1
365 2162 383 2182 a
406 2151 567 2183 Panormo
591 2152 641 2182 vel
658 2151 767 2183 At‘rica
790 2153 952 2193 suscipere
976 2152 1205 2183 multitudines.
1242 2152 1447 2193 Quapropter
1463 2151 1613 2192 specialis
1633 2152 1815 2183 fraternitas

167 2207 231 2243 tua,
256 2204 330 2245 quja
354 2213 411 2244 per
434 2204 537 2234 siccan
565 2206 745 2235 nostrorum
774 2205 865 2235 cunei
896 2205 1086 2245 populorum
1110 2204 1142 2234 in
1164 2204 1307 2245 utrisque
1331 2203 1409 2234 locis
1433 2204 1488 2233 vix
1504 2206 1559 2234 aut
1575 2214 1736 2244 nunquam
1758 2202 1815 2234 de-

167 2258 285 2293 erunt0,
310 2254 438 2286 studeat
467 2265 598 2286 necesse
622 2259 671 2286 est
693 2255 904 2287 sufficientem
927 2256 1043 2287 stolum
1068 2255 1239 2294 destinare,
1270 2256 1324 2297 qui
1349 2259 1381 2286 et
1404 2255 1474 2286 illos
1497 2265 1516 2286 a
1540 2254 1731 2296 recipiendis
1758 2255 1816 2286 011-

272 2426 295 2458 ¹²)
314 2427 407 2452 nostris
424 2435 445 2452 c.
515 2426 539 2458 b)
558 2428 764 2460 praetenderetur
783 2428 866 2454 Percz.
945 2428 966 2459 ⁰)
985 2429 1087 2460 scripsit
1105 2429 1190 2460 suppl.
1203 2429 1284 2454 Per-ez.
1366 2427 1390 2459 d)
1410 2429 1565 2461 persolveret
1582 2427 1664 2453 Perlz.
1744 2427 1767 2458 θ)
1787 2432 1812 2453 01

169 2471 231 2496 add.
246 2470 328 2497 Perta.
415 2469 434 2501 f)
453 2471 554 2496 videtur
571 2479 626 2495 esse
644 2471 727 2497 Pertz.
814 2470 839 2502 8)
858 2472 970 2504 sequitur
988 2480 1076 2497 sumus
1095 2472 1144 2497 del.
1159 2480 1178 2497 c.
1267 2470 1292 2503 ¹¹)
1311 2472 1372 2496 talia
1390 2471 1452 2496 add.
1470 2475 1492 2496 el
1504 2471 1555 2496 del.
1569 2480 1590 2497 c.
1678 2471 1694 2503 i)
1708 2474 1737 2496 ut
1749 2471 1811 2496 add.

170 2517 193 2538 et
210 2513 261 2538 del.
275 2522 295 2538 c.
382 2512 408 2545 ¹‘)
426 2514 506 2538 nostri
523 2513 586 2539 add.
604 2518 627 2538 ει
644 2513 694 2539 del.
706 2522 726 2539 c.
813 2513 831 2545 1)
850 2515 1019 2540 contriturum
1037 2523 1058 2545 c,
1076 2514 1161 2539 altera
1179 2514 1285 2539 alterius
1303 2515 1400 2539 litterae
1419 2523 1437 2539 u
1455 2514 1531 2539 hasta
1550 2522 1660 2543 arra⁸a;
1677 2515 1811 2539 contrituri

171 2555 254 2582 Pertz.
341 2555 373 2588 m)
391 2556 525 2588 classibus,
537 2556 597 2581 -bus
614 2557 642 2581 in
652 2565 705 2581 ras.
714 2565 771 2589 poa.
784 2566 816 2582 m.
830 2560 852 2583 2.
939 2557 964 2588 n)
983 2566 1049 2583 corr.
1062 2557 1089 2582 in
1103 2558 1200 2582 siccum
1218 2566 1250 2582 m.
1265 2559 1288 2582 2.
1380 2556 1404 2588 ⁰)
1423 2557 1530 2582 deerunt
1547 2558 1574 2582 in
1587 2557 1703 2589 marqine
1716 2557 1777 2581 add.
1792 2566 1812 2581 c.

274 2658 300 2690 1)
324 2658 354 2683 τὰ
381 2657 458 2684 λοιπὰ
481 2658 581 2691 κάστρα
605 2658 757 2692 Καλαβρίας
779 2658 856 2692 μέχρι
879 2657 982 2692 Ῥώμης
1007 2658 1097 2686 Const.
1119 2658 1216 2692 Por-ph.
1242 2659 1283 2685 De
1305 2659 1382 2685 them.
1403 2658 1442 2690 II,
1458 2662 1485 2684 11
1507 2658 1544 2684 ed.
1560 2659 1648 2685 Bonn.
1666 2666 1693 2691 p.
1713 2661 1756 2687 62:
1779 2658 1813 2689 cf.

175 2700 322 2734 Theophane.
336 2701 435 2727 contin.
449 2701 487 2728 ed.
501 2700 592 2727 Bonn.
606 2701 629 2734 I,
642 2705 702 2728 290.
796 2702 822 2734 2)
842 2702 1032 2734 Athanasium,
1050 2705 1085 2736 cf.
1101 2701 1232 2728 Iohannis
1255 2701 1336 2728 Gesta
1353 2709 1391 2734 ep.
1405 2701 1492 2735 Neap.
1506 2709 1563 2734 cap.
1576 2705 1614 2733 65,
1633 2701 1693 2727 Vita
1714 2700 1813 2727 Athan.

172 2752 235 2777 cap.
250 2747 273 2770 6.
289 2747 309 2776 7,
327 2743 367 2770 ed.
381 2743 449 2771 MG.
461 2743 507 2770 SS.
522 2752 573 2770 rer.
584 2743 703 2777 Lanyob.
718 2747 773 2777 435,
787 2748 844 2776 445,
858 2748 916 2771 446.

272 2813 419 2840 Erisromr.
432 2813 492 2844 VII,
505 2813 529 2839 2.
1579 2814 1612 2839 50
