2189 3042
121 737 146 755 10

119 994 143 1013 15

118 1250 143 1269 20

118 1507 142 1526 25

117 1764 142 1783 30

117 2020 141 2040 35

117 2350 142 2369 40

117 2675 142 2694 4⁵

415 178 609 205 ANASTASH
629 179 926 206 BIBLIOTHECARII
944 179 1144 206 EPISTOLAE
1163 179 1245 206 SIVE
1264 178 1541 205 PRAEFA'HONES
1561 180 1585 206 5.
1761 183 1823 213 409

175 265 260 296 nulla
285 265 315 295 in
340 275 451 296 eorum
476 265 538 296 loci
562 265 777 296 servatoribus
801 268 1007 306 praesentesa
1035 266 1158 297 habens
1181 266 1369 297 universalis
1399 276 1462 296 non
1492 267 1753 298 inconvenienter
1783 267 1824 298 ab

173 316 318 347 omnibus
342 317 532 358 appellatur.
579 316 775 348 Universalis
800 320 848 347 est
871 318 953 348 enim
983 318 1095 358 primo,
1125 318 1198 358 quia
1222 318 1380 348 catholica
1409 318 1489 348 fides
1513 318 1543 348 in
1574 328 1613 349 ea
1640 321 1671 349 et
1695 322 1824 349 sanctae

172 368 271 409 legeS,
296 378 379 409 quae
396 379 459 399 non
475 368 577 399 solum
601 378 619 398 a
636 367 865 407 sacerdotibus,
890 368 947 399 sed
966 372 998 399 et
1022 368 1061 399 ab
1079 368 1232 399 universis
1249 368 1427 399 christianis
1451 369 1512 399 coli
1529 369 1648 400 debent
1672 373 1704 401 et
1727 381 1824 401 vene-

172 419 263 458 rarib,
289 422 398 450 contra
422 419 530 451 hostes
555 430 665 451 earum
689 429 828 450 consona
852 430 930 450 voce
954 419 1150 457 defenditur3
1180 419 1305 459 deinde,
1336 420 1411 460 quia
1435 431 1505 451 cum
1529 420 1673 452 Christus
1700 422 1731 452 in
1756 432 1824 453 cor-

172 481 251 512 pore
276 481 343 511 suo,
368 471 454 512 quod
478 474 526 502 est
550 471 695 505 ecclesia,
725 474 772 501 tot
799 471 1029 512 patriarchales
1053 471 1165 502 sedes⁰
1189 474 1266 512 quot
1288 471 1321 501 in
1348 471 1500 512 cuiusque
1524 472 1667 503 mortalis
1691 483 1824 514 corpore

172 533 283 552 sensus
306 522 468 562 locaverit,
493 523 639 564 profecto
663 522 740 553 nihil
764 523 967 563 generalitati
999 523 1090 554 deest
1118 523 1284 563 ecclesiae,
1314 523 1340 552 si
1370 533 1480 553 omnes
1510 523 1585 554 illae
1616 524 1710 554 sedes
1733 525 1824 555 unius

172 573 290 604 fuerint
318 574 498 613 voluntatis,
529 575 610 605 sicut
639 573 717 604 nihil
748 574 839 604 deest
869 575 969 605 motui
1001 574 1151 614 corporiS,
1181 574 1206 604 si
1237 585 1347 605 omnes
1376 575 1516 615 quinque
1545 585 1655 605 sensus
1678 575 1824 616 integrae

173 626 412 666 communisque
437 625 555 656 fuerint
578 626 731 656 sanitatis.
779 625 866 656 Inter
890 636 968 666 quas
992 626 1142 656 videlicet
1170 625 1264 656 sedes
1294 626 1369 666 quia
1392 626 1539 656 Romana
1563 627 1738 667 praecellit,
1763 637 1824 657 non

171 677 331 707 immerito
355 676 435 707 visui
458 679 670 717 comparatur,
695 677 747 717 qui
764 676 910 718 profecto
928 678 1048 707 cunctis
1071 676 1214 707 sensibus
1238 677 1417 718 praeminet
1434 678 1556 708 acutior
1579 677 1661 708 illisd
1685 678 1825 709 existens

174 731 206 758 et
230 729 486 759 communionem
511 729 591 759 sicut
613 729 718 759 nullus
740 739 850 759 eorum
874 738 945 759 cum
968 729 1115 759 omnibus
1138 728 1274 765 habens3
1299 729 1403 765 tertio,
1428 729 1502 769 quia
1525 739 1597 759 cum
1620 729 1755 760 Photius
1778 732 1826 760 tot

173 789 364 810 excessuum
388 790 517 810 suorum
542 779 653 810 morbo
678 780 858 811 universam
884 780 1052 810 ecclesiam
1077 779 1296 819 maculaverit,
1320 780 1508 810 universalis
1532 781 1653 812 curatio
1680 781 1825 812 adhibita

173 834 230 869 est,
254 834 289 861 ut
312 834 414 861 totum
439 834 611 871 curaretur,
636 831 722 872 quod
746 834 848 862 totum
879 831 983 862 fuerat
1013 831 1218 861 maculatum.
1261 830 1344 861 Nam
1369 833 1492 862 tantum
1520 831 1613 862 huius
1644 832 1825 863 ambitionis

171 882 340 922 pullulavit
363 883 458 924 longe
482 882 611 923 lateque
636 882 826 921 temeritas1,
850 885 885 913 ut
901 893 977 913 mox
993 882 1227 923 Hierosolymis
1251 882 1382 923 quidam
1405 883 1504 913 laicus
1527 884 1654 914 nomine
1672 883 1825 914 Salomon

172 934 358 974 extemplo2
388 934 522 964 clericus
552 934 654 964 factus
684 934 725 964 sit
754 933 917 965 ordinatus
948 935 1091 973 antistes,
1123 933 1208 974 quod
1238 944 1399 975 nunquam
1431 934 1553 965 factum
1582 937 1630 965 est
1657 935 1753 965 etiam
1782 934 1822 965 ab

170 985 240 1025 ipso
265 984 393 1023 Iacobo,
419 986 472 1026 qui
496 986 615 1025 primus
641 985 706 1015 illic
730 986 899 1026 episcopus
928 985 1044 1025 extitit,
1072 985 1132 1015 nisi
1161 988 1330 1026 postquam
1360 985 1494 1016 Photius
1523 986 1647 1016 noviter
1676 986 1707 1015 in
1737 986 1823 1016 clero

171 1036 334 1076 plantatus
357 1040 389 1067 et
413 1036 579 1067 confestim
603 1036 731 1077 praesul
754 1036 856 1067 factus
881 1036 1008 1067 auditus
1040 1035 1112 1067 estf.
1160 1036 1255 1076 Apud
1279 1036 1589 1078 Constantinopolim
1614 1040 1723 1068 autem
1745 1047 1824 1067 non-

171 1088 249 1118 nulli
289 1091 405 1119 extunc
437 1087 508 1118 laici
550 1088 645 1118 etiam
677 1088 844 1119 virtutibus
878 1098 1008 1129 operam
1048 1087 1246 1127 tribuebant,
1288 1091 1412 1119 tantum
1444 1092 1479 1119 ut
1515 1088 1555 1119 ad
1588 1088 1669 1119 hanc
1701 1098 1825 1119 sacram

170 1140 313 1180 possintg
340 1140 523 1180 pertingere
554 1139 752 1180 dignitatem.
798 1140 842 1170 At
870 1139 925 1170 ubi
956 1143 1120 1180 compotes
1153 1139 1222 1170 ficri
1252 1140 1473 1181 nequiverunt,
1504 1151 1580 1170 mox
1610 1140 1824 1171 continentiae

171 1190 269 1221 frenis
293 1190 408 1221 laxatis
431 1191 462 1221 in
487 1191 551 1221 suis
575 1190 791 1221 voluntatibus
814 1192 860 1221 ire
885 1194 1061 1232 coeperunt
1089 1194 1130 1229 et,
1161 1191 1246 1231 quod
1277 1201 1339 1222 non
1368 1192 1555 1231 sanctitatis,
1585 1191 1642 1222 sed
1670 1192 1823 1222 avaritiae

172 1242 311 1273 cultores
335 1243 521 1279 existerent,
538 1243 682 1283 protinus
700 1242 917 1280 ostenderunt,
943 1243 1025 1273 adeo
1042 1246 1076 1273 ut
1101 1242 1233 1273 diversis
1257 1242 1361 1273 modis
1383 1253 1402 1273 a
1420 1243 1574 1274 Romanis
1591 1244 1694 1273 missis
1710 1243 1824 1274 horum

171 1293 302 1335 quidam
319 1294 464 1325 obtinere
482 1295 717 1335 temptaverint,
735 1305 774 1325 ne
792 1294 904 1336 regula
928 1295 1196 1335 promulgaretur,
1213 1304 1296 1335 quae
1321 1298 1394 1325 tunc
1411 1294 1452 1324 de
1476 1305 1538 1325 non
1555 1298 1689 1336 repente
1713 1304 1823 1325 saecu-

171 1345 291 1376 laribus
314 1346 345 1376 in
370 1346 584 1376 sacerdotium
608 1345 823 1386 provehendis
846 1347 877 1376 in
906 1346 966 1377 hac
995 1346 1110 1377 eadem
1139 1345 1259 1386 synodo
1288 1346 1492 1387 promulgata
1523 1349 1570 1377 est
1581 1346 1601 1376 ²².
1648 1346 1825 1377 Praeterea

171 1407 272 1437 penes
296 1397 527 1427 Alexandriam
553 1400 584 1427 et
608 1396 811 1427 Antiochiam
833 1397 865 1426 in
889 1399 1012 1427 tantum
1036 1396 1129 1427 radix
1152 1397 1245 1443 huius
1272 1398 1372 1438 pestis
1397 1398 1549 1437 excrevit,
1574 1400 1608 1428 ut
1637 1408 1655 1428 a
1678 1401 1824 1438 tempore

172 1449 381 1488 promotionis
404 1448 516 1478 crebro
541 1447 617 1478 dicti
633 1447 741 1478 Photii
757 1448 911 1478 hactenus
936 1448 1030 1478 evelli
1047 1458 1110 1478 non
1134 1449 1243 1489 possit.
1290 1449 1358 1480 Nec
1382 1448 1546 1480 fatendum
1564 1449 1713 1489 creditur,
1739 1449 1825 1490 quod

171 1502 245 1530 tunc
269 1499 456 1530 universalis
478 1499 547 1529 iure
570 1498 738 1538 diceretur,
764 1500 790 1529 si
814 1509 870 1539 pro
891 1499 954 1530 fide
979 1499 1142 1529 celebrata
1159 1500 1356 1540 consisteret,
1381 1511 1453 1531 cum
1478 1504 1510 1531 et
1533 1501 1565 1531 in
1589 1501 1648 1531 hac
1664 1500 1824 1539 nonnulla,

171 1561 254 1592 quae
271 1550 311 1582 ad
327 1551 424 1581 fidem
441 1551 611 1591 pertinent,
629 1551 691 1581 sint
714 1550 849 1581 diffinita
873 1553 905 1581 et
931 1551 963 1581 in
987 1551 1103 1582 ceteris
1126 1551 1359 1582 universalibus
1383 1552 1523 1582 conciliis
1547 1552 1646 1582 multa
1671 1551 1825 1592 disposita

170 1603 381 1641 inveniantur,
407 1613 489 1643 quae
514 1602 554 1632 ad
578 1601 654 1632 fidei
678 1602 854 1632 doctrinam
879 1613 940 1633 non
964 1603 1156 1642 pertinentss,
1182 1604 1327 1644 quamvis
1357 1614 1419 1633 non
1443 1604 1547 1634 minus
1570 1604 1601 1633 in
1625 1607 1750 1634 sanctas
1773 1613 1824 1634 re·

171 1654 262 1694 gulas
288 1664 384 1694 quam
408 1654 439 1684 in
464 1654 654 1684 catholicam
678 1653 773 1685 fidem
790 1654 994 1695 delinquatur
1018 1657 1050 1684 et
1073 1654 1219 1685 diabolus
1242 1665 1304 1685 non
1329 1665 1386 1696 pro
1408 1654 1482 1685 fidei
1509 1656 1677 1696 pravitate,
1701 1655 1759 1685 sed
1784 1655 1824 1686 ob

169 1706 414 1746 perversitatem
442 1715 575 1746 operum
604 1708 760 1746 perpetuo
792 1709 922 1736 maneat
952 1705 1192 1737 condemnatus.
1237 1706 1321 1737 Nam
1351 1707 1432 1737 sicut
1461 1707 1632 1747 unicuique
1662 1707 1729 1737 sine
1759 1707 1823 1738 fide

169 1757 367 1798 impossibile
393 1760 441 1788 est
465 1757 593 1798 placere
618 1756 699 1797 Deo,
723 1758 768 1788 ita
785 1760 818 1788 et
840 1757 930 1797 fides,
955 1758 981 1787 si
1004 1768 1066 1788 non
1090 1757 1209 1789 habeat
1225 1768 1333 1799 opera,
1358 1761 1483 1789 mortua
1500 1761 1548 1789 est
1570 1759 1601 1788 in
1625 1759 1823 1799 semetipsa,

169 1819 207 1840 ac
230 1819 288 1850 per
316 1809 377 1839 hoc
407 1808 589 1839 huiusmodi
618 1809 692 1839 fidei
723 1809 871 1849 cultores,
901 1810 981 1840 sicut
1011 1810 1163 1850 scriptum
1194 1812 1251 1847 est,
1283 1809 1474 1840 confitentur
1503 1809 1633 1850 quidem
1665 1820 1698 1840 se
1729 1820 1822 1841 nosse

168 1860 285 1899 Deum,
318 1861 409 1891 factis
439 1863 548 1891 autem
576 1863 704 1902 negant.
756 1860 798 1891 Et
827 1860 900 1891 ideo
930 1861 1011 1891 sicut
1041 1864 1149 1892 rectae
1180 1861 1255 1892 fidei
1288 1861 1506 1892 sinceritatem
1539 1861 1746 1901 maculantes,
1780 1862 1825 1892 ita

168 1916 297 1943 sanctae
318 1912 457 1943 iustitiae
481 1912 627 1953 regulam
642 1912 799 1942 violantes
823 1912 863 1943 ab
889 1912 1051 1943 omniumh
1067 1916 1139 1943 sunt
1161 1913 1380 1943 unanimitatis
1404 1922 1508 1953 aequo
1531 1912 1698 1943 libramine
1724 1913 1822 1943 corri-

168 1963 265 2004 gendi
289 1963 339 1993 vel
368 1966 455 1994 certe
483 1963 566 1993 iusta
590 1963 749 1993 sententia
773 1963 934 2004 puniendi,
963 1963 1044 1993 sicut
1074 1966 1205 1994 econtra
1232 1973 1295 1994 non
1326 1963 1430 1994 solum
1458 1966 1566 1994 rectae
1595 1963 1681 2003 fidei,
1712 1973 1823 1994 verum

170 2015 267 2045 etiam
291 2015 391 2045 sancti
420 2015 526 2055 operis
555 2015 675 2044 strenui
705 2014 854 2045 custodes
885 2014 925 2045 ab
957 2014 1104 2045 omnibus
1134 2018 1206 2045 sunt
1236 2014 1390 2045 laudandi
1420 2017 1452 2045 et
1481 2014 1579 2055 digna
1607 2015 1823 2056 praemiorum

170 2065 356 2097 caelestium
380 2070 464 2096 sorte
489 2064 644 2096 ditandi*.

279 2211 304 2243 *)
326 2211 454 2244 Sequitur
472 2211 575 2244 siynum
592 2211 679 2236 crucis
697 2211 741 2237 hic
763 2213 787 2237 et
807 2214 868 2244 post
891 2211 996 2237 verbum
1015 2211 1125 2238 ditandi
1144 2212 1174 2244 (l.
1188 2212 1233 2244 36)
1240 2221 1250 2240 ,·
1274 2212 1304 2236 in
1323 2211 1405 2244 infer.
1420 2220 1501 2245 mai-(J.
1515 2214 1546 2237 ut
1564 2213 1668 2237 rubrica
1687 2213 1711 2236 et
1729 2218 1824 2243 supcr-

323 2254 431 2286 scriptio
442 2253 519 2287 signo
531 2253 619 2279 crucis
638 2261 719 2287 aeque
732 2254 854 2287 apposito
866 2254 930 2280 haec
945 2254 1008 2280 add.
1019 2255 1076 2280 alia
1089 2263 1161 2281 man.
1174 2257 1205 2280 ut
1218 2254 1268 2281 vid.
1282 2256 1314 2281 V.-
1336 2254 1414 2285 Quod
1428 2263 1482 2281 non
1495 2255 1587 2281 minus
1600 2254 1641 2280 ini
1656 2254 1725 2280 fidei
1739 2262 1821 2287 quam

323 2296 352 2322 iu
368 2296 440 2330 legis
453 2296 694 2330 praevaricatione
708 2297 859 2331 pecceturk
872 2306 905 2325 ex
924 2297 1043 2324 concilio
1057 2297 1385 2332 Constantinopolitanol
1400 2299 1539 2329 octav0m;
1559 2297 1588 2323 id
1601 2297 1672 2330 qaod
1691 2305 1740 2323 om.
1760 2296 1785 2322 V
1796 2302 1824 2327 1,·

324 2347 380 2372 pos.
395 2340 425 2365 in
444 2341 519 2365 teoetu
537 2339 588 2372 1⁷2,
608 2340 663 2367 V3.

273 2437 296 2466 ⁸)
316 2436 447 2468 praesules
465 2436 539 2461 codd.
552 2440 576 2461 et
593 2436 650 2461 edd.
756 2435 780 2467 b)
800 2445 866 2461 corr.
878 2441 906 2461 ut
923 2436 973 2461 vid.
988 2444 1018 2461 eac
1037 2437 1123 2462 ueraci
1140 2436 1169 2462 V.
1266 2438 1288 2468 ⁰)
1315 2437 1343 2461 in
1360 2445 1442 2468 ‘mm-9.
1456 2437 1490 2461 al.
1504 2445 1537 2460 m.
1551 2436 1613 2462 add.
1632 2436 1775 2469 patriarche
1793 2435 1822 2460 V.

169 2478 194 2512 d)
213 2483 352 2511 sequuntur
365 2480 381 2504 3
393 2479 492 2504 litterae
505 2487 595 2504 erasae
607 2479 635 2504 V.
707 2480 729 2511 θ)
747 2488 814 2504 corr.
828 2488 858 2504 ez
876 2480 998 2512 extimplo
1012 2479 1043 2509 V;
1061 2480 1183 2512 extimplo
1195 2479 1297 2505 V1—3.
1374 2478 1393 2511 ί)
1413 2488 1461 2504 om.
1475 2479 1527 2504 1⁷2.
1598 2478 1623 2510 8)
1643 2483 1745 2511 possent
1766 2478 1822 2504 V3.

169 2521 194 2554 h)
214 2524 264 2547 οῦ
283 2521 333 2547 V2.
405 2520 423 2553 i)
442 2530 490 2547 om.
506 2521 558 2547 ΡΞ.
629 2521 654 2554 k)
673 2523 760 2555 pecffi
780 2520 834 2547 V3.
905 2521 924 2555 l)
944 2523 1227 2556 Constantinopolitaua
1246 2523 1273 2547 V.
1345 2522 1376 2552 m)
1396 2526 1487 2547 octaua
1504 2522 1540 2551 V,·
1559 2525 1618 2546 acta
1638 2521 1692 2547 V3.

274 2625 299 2655 1>
319 2622 380 2649 Scit.
393 2625 424 2648 ut
441 2623 569 2657 neophyti
586 2623 705 2650 ordinem
722 2624 895 2657 episcopalem
914 2626 1073 2657 appeterent,
1092 2624 1123 2650 de
1142 2633 1193 2658 quo
1211 2625 1275 2651 vitio
1293 2627 1327 2658 ef.
1340 2624 1414 2658 epist.
1427 2623 1571 2649 Hadriani
1583 2623 1622 2649 II.
1636 2622 1720 2649 eodem
1739 2631 1763 2648 a.
1775 2626 1822 2649 871

169 2666 296 2699 scriptam
309 2666 372 2700 Rey.
387 2666 463 2698 Jaffe'
475 2670 548 2699 2944,
568 2666 606 2693 ed.
621 2666 690 2693 MG.
705 2666 792 2700 Epist.
808 2667 853 2698 Vl,
870 2670 926 2693 762:
945 2667 1013 2695 τινὰς
1033 2667 1082 2700 γὰρ
1100 2667 1193 2693 νεωστὶ
1208 2668 1259 2694 ἀπὸ
1273 2670 1325 2693 τῶν
1337 2668 1438 2693 λαικῶν
1451 2666 1529 2699 ἄφνω
1542 2666 1682 2694 διακόνους
1695 2665 1822 2699 ἐχειροτο-

169 2710 271 2742 νήσατε,
289 2708 390 2735 ἐναντία
402 2709 450 2741 μὲν
468 2709 513 2734 καὶ
532 2713 583 2738 τοῖς
601 2710 679 2735 πάλαι
697 2709 832 2742 πατράσιν,
851 2710 915 2736 ἀλλὰ
934 2709 966 2744 δὴ
986 2710 1031 2736 καὶ
1052 2714 1081 2744 τῇ
1100 2711 1259 2746 προσφάτως
1274 2709 1501 2742 συναθροισθείσῃ
1516 2709 1690 2742 οἵκουμενικῇ
1709 2709 1820 2742 συνόδῳ,

170 2751 220 2778 οὐκ
239 2751 357 2784 ἀγνοεῖτε
375 2751 411 2783 δέ,
431 2752 468 2777 ὅτι
487 2752 503 2785 ἢ
523 2755 567 2777 τοῦ
589 2752 693 2778 Φωτιόυ
711 2755 809 2781 πτῶσις
827 2752 948 2779 ἐντεῦθεν
966 2753 1012 2786 τὴν
1029 2753 1115 2787 ἀρχὴν
1133 2754 1232 2788 ἔλαβεν.
1324 2754 1350 2785 2)
1373 2752 1438 2778 Οαη.
1451 2757 1465 2778 5
1484 2753 1594 2784 interpr.
1606 2752 1761 2783 Anastasio,
1782 2753 1821 2780 ed.

170 2794 265 2828 Miqne
286 2795 363 2822 Patr.
376 2796 424 2821 lat.
439 2795 581 2828 CXXIX,
597 2799 654 2822 152.

279 2846 430 2873 ΕΡῐεΤοιᾼΕ
449 2847 508 2878 VII,
521 2847 545 2874 2,
1583 2849 1616 2875 52

1839 1720 1866 1740 ct.
1876 1721 1942 1741 chr.
1952 1722 2010 1741 the.

1838 1771 1865 1790 cf.
1877 1772 1920 1792 Iac.
1932 1772 1991 1795 217.

1838 1822 1865 1842 cf⁴
1874 1821 1916 1842 Tit,
1927 1826 1945 1845 Ι,
1956 1826 1985 1843 16.
