2189 3042
103 722 125 740 lin

100 979 122 998 15

97 1236 122 1255 20

98 1495 121 1513 ²5

96 1753 120 1771 50

96 2267 122 2286 40

98 2568 122 2586 45

461 160 637 186 IOHANNIS
651 160 726 188 VIII.
746 162 864 188 PAPAE
883 161 1082 188 EPISTOLAE
1101 161 1229 196 PASSIM
1250 161 1459 189 COLLEOTAE
1478 163 1501 189 9.
1745 166 1805 194 329

155 246 292 287 praefati
325 247 592 279 nomenculatoris
623 248 771 289 Gregorii
802 249 886 280 filiae
920 260 953 280 se
992 249 1160 280 fornicario
1192 260 1279 280 more
1310 250 1518 288 commiscuit,
1551 254 1682 291 propter
1712 261 1806 291 qnam

155 309 236 339 pene
261 298 387 340 publice
412 299 475 330 iam
500 299 618 330 dictam
649 300 825 341 legitimam
856 310 989 332 uxorein
1014 301 1161 341 peremit,
1186 300 1226 331 de
1250 301 1337 331 cuius
1362 301 1532 331 homicidio
1563 312 1581 331 a
1612 301 1806 343 principibus

154 350 352 382 adulterinos
379 351 491 382 missos
516 360 641 391 eruens,
665 351 868 383 adiudicante
893 353 1019 383 conscio
1044 362 1156 383 socero
1181 352 1337 383 nefandus
1368 362 1468 392 gener
1491 353 1665 393 impunitus
1694 353 1805 384 exiliit.

154 402 279 442 Quique
303 405 377 443 post
400 402 524 433 diversa
548 402 730 442 homicidia,
756 403 1016 444 depraedationis
1041 408 1072 434 et
1096 404 1304 445 malignitatis
1332 413 1451 444 genera
1482 406 1548 434 tam
1578 404 1805 444 patriarchium

156 464 251 494 quam
276 453 458 484 vestiarium
483 454 568 485 sedis
592 454 788 496 apostolicae
814 455 873 485 sibi
898 456 1101 486 commissum
1127 466 1188 485 non
1213 458 1336 486 tantum
1361 465 1438 485 auro
1463 459 1596 495 argento
1617 456 1665 486 vel
1689 455 1805 497 palliis.

154 515 264 536 verum
282 506 379 536 etiam
397 506 500 536 aereis
523 506 620 547 signis
636 507 784 546 vasisque
802 506 937 546 privavit
962 509 994 536 et
1017 507 1048 537 in
1073 506 1219 537 omnibus
1244 505 1461 547 impietatibus
1485 516 1633 537 socerum
1658 517 1805 548 sequens.

152 557 250 587 immo
282 557 493 597 praeveniens
518 555 702 587 sarracenis
731 556 871 598 undique
902 557 1119 588 saevientibus
1150 560 1259 597 portas
1283 556 1379 588 Urbis
1410 567 1481 587 cnm
1514 567 1551 587 eo
1584 557 1807 589 fraudulenter

152 608 280 648 aperuit
304 611 336 639 et
360 618 431 639 cum
455 607 514 638 sibi
537 608 791 648 conspirantibus
816 612 926 639 contra
951 609 1086 639 salutem
1111 608 1308 649 reipublicae
1334 608 1540 649 demigravit:

256 659 413 700 simulque
435 658 582 699 Sergium
606 659 794 699 magistrum
819 660 967 699 militum,
985 659 1148 690 Theodori
1172 660 1315 699 magistri
1340 660 1474 690 militum
1499 660 1609 695 filium,
1636 662 1687 702 qui
1714 671 1804 692 reve—

153 711 273 743 rendae
297 711 471 742 memoriae
498 710 614 741 domno
639 710 783 749 Nicolao,
809 711 897 742 cuius
922 714 1051 752 neptem
1076 712 1106 741 in
1137 712 1319 752 coniugium
1351 713 1554 752 suscipiens&
1588 714 1631 743 ita
1664 714 1806 754 ingratus

151 773 188 794 ac
213 763 403 794 inhumanus
426 763 586 793 extiterat.
612 764 645 792 ut
668 762 794 792 vivente
824 772 862 793 eo
893 766 925 793 et
956 763 986 793 in
1018 763 1171 793 extremis
1202 763 1306 803 posito
1331 763 1436 793 eidem
1462 763 1629 795 thesauros
1661 775 1734 794 suos
1765 764 1805 794 ad

152 815 373 855 eleemosynas
401 813 582 844 faciendum
613 823 683 844 cum
713 813 868 853 praefatis
898 815 963 844 suis
992 813 1201 855 complicibus
1233 814 1434 855 abnegasset,
1466 816 1584 856 quique
1610 816 1723 846 eadem
1749 826 1803 846 sua

152 867 298 907 coniuge,
323 868 454 906 propter
478 875 573 906 quam
602 864 642 895 de
672 864 814 895 maxima
844 868 1035 906 paupertate
1067 865 1282 903 convaluerat,
1307 864 1463 896 derelicta
1494 877 1566 897 cum
1584 866 1803 897 Valvisindula

152 917 337 956 concubina,
362 917 515 957 praestito
538 917 753 955 iureiurando,
774 920 807 947 ut
830 928 901 948 eam
924 917 1109 958 nuptialiter
1132 921 1282 951 sumeret,
1309 928 1410 957 nuper
1434 918 1546 959 effugit
1563 922 1595 949 et
1611 919 1641 948 in
1660 918 1806 949 omnibus

151 968 374 1010 iniquitatibus
397 978 468 998 cum
492 969 663 999 nominatis
687 969 751 999 suis
775 969 985 1010 complicibus
1011 969 1218 1010 conspiravit:

258 1020 313 1052 sed
332 1022 363 1050 et
381 1018 632 1057 Constantinam,
656 1020 793 1061 praefati
813 1019 961 1061 Gregorii
984 1021 1255 1051 nomenculatoris
1278 1020 1386 1060 filiam,
1411 1031 1493 1061 quae
1520 1021 1621 1061 primo
1648 1032 1705 1062 per
1730 1032 1805 1051 con-

150 1082 277 1103 sensum
311 1071 408 1112 patris
440 1071 498 1102 sub
529 1070 710 1102 conditione
741 1071 943 1102 iurisiurandi
971 1072 1120 1112 legaliter
1143 1071 1301 1111 Cessario,
1330 1071 1436 1112 Pipini
1466 1073 1679 1112 potentissimi
1704 1076 1806 1103 vesta-

150 1124 223 1155 rarii
253 1123 327 1162 filio,
353 1123 511 1163 copulata,
543 1122 615 1153 dein
646 1124 841 1164 consumptis
870 1123 1016 1155 omnibus
1049 1124 1151 1154 soceri
1182 1123 1229 1153 sui
1258 1123 1374 1154 divitiis
1400 1124 1557 1155 viventem
1590 1128 1621 1155 et
1646 1125 1805 1155 valentem

149 1185 301 1216 sponsum
329 1185 421 1205 suum
449 1174 515 1205 sine
546 1174 611 1205 ulla
634 1175 732 1214 legali
757 1175 976 1216 disquisitione
1002 1175 1142 1206 deseruit
1172 1178 1203 1205 ct
1233 1174 1273 1205 ad
1299 1173 1455 1210 Gratiani,
1481 1174 1629 1216 Gregorii
1660 1176 1804 1216 magistri

148 1227 284 1258 militum
308 1226 374 1264 filii,
402 1226 528 1266 nuptias
552 1225 681 1266 publice
706 1227 895 1267 convolavit,
922 1230 1118 1267 postremum
1151 1237 1221 1257 cum
1251 1226 1313 1257 alio
1339 1227 1451 1267 fugere
1483 1228 1624 1267 gestiens
1648 1228 1804 1258 incestum

148 1278 319 1316 commisit,
353 1288 393 1308 ex
426 1287 488 1318 quo
522 1286 700 1318 praegnans
734 1277 861 1308 inventa
890 1277 1089 1318 praedictum
1121 1276 1310 1308 Gratianum
1336 1277 1484 1319 Gregorii
1518 1279 1618 1309 filium
1654 1280 1803 1309 maritum

149 1340 239 1360 suum
264 1329 446 1370 relinquens
463 1338 535 1359 cum
559 1328 727 1369 rapacibus
752 1328 885 1369 periuris
909 1329 1074 1370 sacrilegis
1099 1329 1240 1360 moechis
1268 1329 1513 1360 fornicatoribus
1543 1331 1679 1371 turpiter
1704 1329 1801 1361 forni-

151 1385 261 1412 catura
285 1380 442 1411 discessin

257 1432 316 1463 nisi
338 1432 421 1462 intra
445 1431 529 1462 diem
553 1432 722 1471 decimum,
746 1431 778 1462 id
804 1434 851 1462 est
868 1431 925 1462 Ι[[.
944 1432 1007 1463 kal.
1025 1432 1101 1463 Maii
1126 1434 1303 1473 praesentis
1327 1443 1429 1463 nonae
1455 1433 1635 1463 indictionis
1654 1444 1804 1473 praesen-

151 1485 228 1515 tiam
252 1494 342 1515 suam
372 1483 464 1514 nobis
492 1484 640 1525 praefati,
664 1482 814 1514 videlieet
838 1482 1013 1523 Gregorius
1037 1483 1219 1524 Stephanus
1244 1483 1403 1525 Georgius
1433 1488 1465 1514 et
1490 1484 1622 1525 Sergius
1645 1485 1803 1525 simulque¹

151 1535 359 1567 Constantina
388 1545 527 1576 congrue
555 1534 788 1566 satisfacientes
813 1534 1025 1570 exhibuerint,
1051 1535 1241 1566 auctoritate
1266 1535 1328 1566 Dei
1353 1536 1581 1576 omnipotentis
1606 1539 1804 1566 sanctorum-

150 1598 211 1629 que
243 1587 460 1628 apostolorum
484 1587 661 1627 principum
686 1587 775 1617 Petri
807 1590 838 1617 et
862 1585 955 1617 Pauli
987 1587 1071 1617 omni
1103 1587 1274 1618 christiana
1305 1588 1529 1618 communione
1562 1587 1702 1628 privatos
1734 1598 1804 1617 cuin

149 1638 295 1670 omnibus
319 1638 642 1670 communicatoribus
666 1641 698 1669 ct
720 1637 898 1668 fautoribus
927 1637 990 1668 suis
1015 1648 1205 1679 permanere
1231 1638 1441 1672 decernimus,
1475 1642 1507 1669 et
1537 1639 1594 1668 nisi
1623 1642 1696 1679 post
1721 1638 1804 1668 diem

148 1691 292 1732 quintum
309 1690 478 1729 decimum,
502 1689 536 1721 id
553 1692 601 1721 est
624 1689 701 1720 IIII.
719 1699 819 1720 nonas
835 1689 911 1720 Maii
934 1689 997 1720 iam
1020 1689 1125 1720 dictae
1150 1690 1327 1730 praesentis
1351 1689 1542 1728 indictionis,
1564 1689 1751 1730 simpliciter
1775 1694 1807 1720 ct

147 1742 310 1773 humiliter
332 1741 433 1780 nobis,
461 1742 558 1773 immo
588 1741 744 1772 ecclesiae
769 1741 831 1771 Dei
855 1751 952 1782 saepe
978 1740 1063 1777 dicti,
1089 1742 1211 1772 scilicet
1236 1740 1411 1783 Gregorius
1437 1741 1621 1782 Stephanus
1646 1741 1806 1781 Georgius

148 1793 278 1835 Sergius
303 1796 335 1825 et
358 1793 575 1830 Constantina,
600 1793 794 1834 purificaturi
820 1792 1024 1830 occurrerint,
1052 1803 1106 1823 eos
1131 1793 1321 1824 auctoritate
1347 1796 1379 1824 et
1402 1793 1520 1824 iudicio
1545 1794 1647 1824 sancti
1671 1793 1806 1834 Spiritus

148 1855 221 1877 eum
245 1846 364 1876 cunctis
388 1845 448 1876 sibi
472 1843 780 1876 communicantibus
805 1847 960 1885 perpetuo
985 1845 1193 1875 anathemate
1218 1844 1480 1876 condemnamus.
1517 1844 1560 1875 Hi
1586 1855 1662 1875 vero
1688 1846 1740 1885 qui
1766 1845 1806 1875 ab

149 1897 234 1928 omni
250 1907 284 1928 se
300 1897 454 1928 societate
471 1899 674 1927 removentes
691 1895 732 1926 ad
748 1896 905 1926 unitatem
922 1898 1052 1927 sanctae
1069 1896 1267 1937 apostolicae
1286 1896 1370 1927 sedis
1390 1896 1552 1927 redierint.
1575 1897 1806 1927 communionis

149 1952 182 1980 et
204 1947 437 1980 benedictionis
456 1951 584 1979 nostrae
609 1948 745 1989 gratiam
771 1947 829 1977 sibi
854 1946 1052 1978 reddendam
1078 1957 1148 1978 esse
1174 1948 1345 1979 confidant.

255 1999 315 2030 His
337 1999 445 2040 itaque
469 1999 659 2030 auctoritate
690 1998 791 2029 sancti
816 1997 951 2039 Spiritus
982 1999 1192 2039 promulgatis
1223 2000 1364 2030 omnium
1391 2003 1528 2030 vestrum
1560 2000 1806 2040 generalitatem

148 2052 197 2083 his
222 2051 405 2093 apostolicis
429 2050 543 2081 litteris
568 2050 784 2088 exhortamur,
813 2052 846 2079 ut
869 2050 926 2080 lias
957 2050 1080 2080 litteras
1105 2060 1161 2091 per
1191 2061 1301 2081 omncs
1332 2051 1498 2082 dioeceses
1525 2053 1648 2081 vestras
1678 2050 1806 2091 publice

149 2103 331 2144 relegentes
362 2104 395 2132 et
425 2101 466 2132 ad
489 2101 607 2132 vicinas
637 2102 804 2142 paroecias
834 2101 1009 2142 dirigentes
1040 2102 1258 2144 praefatorum
1293 2103 1510 2144 depositorum
1547 2103 1807 2134 excommunica-

149 2158 254 2186 torum
278 2157 311 2185 et
334 2153 676 2185 anathematizatorum
705 2153 865 2184 consortia
889 2153 979 2194 quasi
1003 2163 1162 2184 venenum
1186 2154 1376 2195 pestiferum
1402 2154 1570 2186 declinetis
1600 2165 1704 2195 neque
1735 2165 1805 2185 cum

150 2207 195 2237 eis
219 2205 525 2237 communicantibus
554 2206 586 2235 in
614 2204 684 2236 cibo
716 2208 793 2246 potu
822 2206 889 2236 sive
921 2205 1079 2246 colloquio
1111 2207 1362 2243 communicetis,
1394 2207 1531 2237 scientes
1562 2217 1645 2245 eum,
1677 2207 1729 2247 qui
1761 2206 1806 2236 eis

150 2258 216 2289 sive
242 2256 549 2288 communicantibus
573 2257 618 2287 eis
642 2267 676 2287 se
700 2257 731 2287 in
760 2257 904 2288 oratione
937 2256 1007 2287 cibo
1038 2259 1115 2297 potu
1146 2257 1370 2299 colloquioque
1402 2258 1574 2289 miscuerit.
1606 2257 1720 2288 eadem
1753 2268 1807 2288 ex-

151 2309 448 2341 communicationis
472 2312 504 2339 et
527 2308 742 2340 anathematis
766 2319 900 2340 censura
924 2309 1014 2340 iuxta
1031 2310 1218 2340 canonicum
1236 2310 1432 2350 capitulum¹
1450 2309 1554 2340 modis
1579 2309 1725 2339 omnibus
1750 2308 1805 2339 ob-

150 2362 285 2403 ligatum
314 2370 551 2401 numquamque
576 2370 594 2390 a
617 2359 709 2391 nobis
737 2361 805 2392 sine
831 2360 926 2401 digna
956 2360 1182 2392 satisfactionis
1212 2361 1412 2402 poenitentia
1440 2361 1500 2391 sibi
1531 2360 1599 2391 fore
1631 2361 1805 2391 communi-

151 2412 298 2444 candum.
346 2410 503 2452 Optamus
533 2411 736 2442 sanctitatem
760 2414 898 2442 vestram
930 2412 960 2441 in
985 2411 1110 2442 Christo
1144 2422 1226 2443 nunc
1251 2416 1282 2443 et
1306 2422 1434 2452 semper
1460 2412 1540 2442 bene
1566 2411 1683 2441 valere.
1721 2411 1805 2441 Data

151 2464 208 2495 XI.
228 2462 384 2494 kalendas
409 2462 514 2494 Maiis-*²

247 2557 272 2589 *)
290 2555 360 2583 Acld.
371 2556 462 2582 Sirm.:
485 2555 614 2582 Recitata
633 2555 661 2582 in
679 2556 783 2589 synodo
799 2556 1003 2590 Pontigonensi.
1030 2556 1092 2582 Scit.
1109 2560 1142 2582 11.
1161 2556 1202 2582 die
1215 2557 1291 2588 Iulii,
1311 2557 1346 2588 cf.
1360 2556 1503 2582 Himeram-17
1518 2555 1645 2587 Annales,
1664 2555 1702 2581 ed.
1719 2555 1805 2580 Waitz

310 2620 316 2626 .
330 2602 383 2626 130.

257 2607 344 2675 ²)1i5ic
365 2642 451 2675 Sirm.,
468 2644 536 2675 forle
554 2643 687 2675 leuandum
705 2647 739 2668 esc
758 2648 913 2676 susceperat.

257 2703 282 2733 1)
305 2701 345 2734 Cf.
360 2701 522 2728 Antiocheni
541 2701 647 2727 concilii
664 2709 723 2728 can.
739 2705 754 2727 2
772 2701 883 2734 interpr.
898 2700 1039 2734 Dionysio,
1058 2701 1097 2726 ed.
1111 2701 1204 2734 Missae
1224 2701 1298 2728 Patr.
1314 2702 1360 2728 lat.
1375 2701 1432 2727 LX
1439 2701 1502 2732 VII,
1519 2706 1573 2727 151¹.

257 2829 407 2856 Epis‘romu
421 2829 479 2862 VII,
489 2830 513 2856 2.
1566 2829 1598 2853 4⁴2
