2189 3042
311 135 373 163 323
617 129 793 157 IOHANNIS
807 129 881 155 VIII.
902 131 1021 159 PAPAE
1040 129 1112 164 ΕΡζλ,
1121 130 1241 156 TOLAE
1260 130 1389 157 I'ASSIM
1409 130 1619 158 COLLECTAE
1637 133 1661 158 9.

307 218 427 248 toribus
456 218 657 258 conspiravit,
688 218 746 248 nisi
776 218 893 249 amodo
924 219 1006 250 intra
1038 218 1123 249 diem
1148 217 1318 257 decimum,
1348 216 1381 247 id
1413 220 1461 248 est
1485 217 1562 248 ΠΙ.ἂι
1583 218 1648 250 kal.
1672 219 1749 250 Maii
1786 222 1963 261 praesentis

306 280 406 300 nonae
440 269 621 300 indictionis
645 270 860 310 praesentiam
886 280 976 301 suam
1006 269 1098 300 nobis
1130 268 1379 299 satisfaciendob
1411 271 1645 310 monstraverit,
1679 271 1870 303 auctoritate
1901 272 1963 304 Dei

306 320 533 361 omnipotentis
565 323 812 362 sanctorumque
845 321 1065 362 apostolorum
1099 321 1278 362 principum
1312 320 1400 352 Petri
1434 324 1466 351 et
1498 320 1591 352 Pauli
1628 322 1713 353 omni
1747 323 1964 356 ecclesiastica

302 372 525 404 communione
556 371 715 412 privatum
746 383 816 403 esse
848 372 1059 404 decernimus.
1102 371 1280 403 Decernitis
1305 374 1337 402 et
1361 382 1416 402 vos
1441 372 1504 403 ita?
1539 372 1788 414 Responderunt
1822 381 1962 406 omnes⁰t

302 424 522 455 Decernimus.
568 423 609 454 Et
642 425 700 455 nisi
735 425 824 466 postd
856 425 942 456 diem
975 425 1134 456 decimum
1166 425 1321 466 quintum,
1354 424 1386 455 id
1418 427 1466 456 est
1497 424 1576 455 1111.
1603 435 1703 456 nonas
1738 426 1836 457 Maiid
1867 437 1961 468 prae-

301 476 399 507 scutis
416 475 525 506 VIIII.
544 475 724 507 indictionis
756 478 944 518 resipiscens
975 477 1195 508 satisfacturus
1225 476 1315 507 nobis
1346 477 1548 517 occurrente,
1573 478 1763 509 auctoritate
1789 480 1821 508 et
1844 478 1962 510 iudicio

144 538 288 563 ct.Sa1›.1.⁵.
302 528 403 558 sancti
427 526 573 568 Spiritus,
599 529 651 568 qui
676 538 804 570 semper
835 528 986 570 effugiotf
1008 529 1126 568 fictum,
1158 528 1243 559 omni
1275 527 1468 559 sacerdotali
1500 529 1675 560 ministerio
1708 530 1834 570 penitus
1865 529 1963 561 denu-

302 579 411 610 datum
436 579 504 610 fore
532 578 720 610 iudicamus.
760 579 913 611 ludicatis
939 584 970 611 et
994 591 1049 611 vos
1073 580 1135 611 ita?
1169 579 1419 621 Responderunt
1443 590 1567 611 omnes:
1593 580 1786 612 Iudicamus.
1826 581 1887 617 Qui
1917 582 1963 613 sig

300 642 360 662 nec
389 631 482 662 huius
513 630 673 662 dilationis
704 632 910 663 miseratione
942 635 1121 663 commotus
1152 631 1316 662 humiliter
1345 641 1379 662 se
1413 634 1485 672 post
1515 631 1622 662 diemh
1648 632 1733 672 XX„
1764 632 1798 663 id
1822 636 1871 664 est
1886 633 1961 667 VII.

299 682 369 713 idus
387 682 530 714 ciusdem
547 682 623 714 Maii
640 683 788 721 mensish,
812 684 1015 724 praesentiae
1038 687 1165 714 nostrae
1191 683 1368 714 reddiderit
1384 683 1435 715 vel
1459 684 1485 713 si
1503 683 1578 714 viris
1603 683 1801 724 potentibusi
1823 686 1962 717 sociatus
1991 699 2015 717 ιο

300 734 474 766 seditiones
498 734 548 765 vel
574 734 730 765 factiones
753 736 962 766 concitaverit
989 735 1039 766 vel
1069 735 1093 765 si
1124 735 1155 765 iu
1186 734 1343 766 ecclesiak
1366 734 1426 766 Dei
1458 735 1490 765 in
1518 735 1626 777 aliquo
1651 736 1842 768 conturbare
1866 747 1960 778 prae-

302 786 482 827 sumpserit,
507 787 533 816 si
557 789 668 817 contra
692 786 773 817 hanc
798 786 1014 817 communeml
1038 787 1180 818 omnium
1204 789 1347 817 nostrum
1372 787 1592 817 sententiamm
1615 797 1712 829 agere
1730 788 1780 818 vel
1805 788 1960 820 resultare

303 839 519 879 temptaverit,
543 838 716 869 anathema
732 839 772 869 sit
788 848 807 869 a
823 837 922 869 Patre
947 840 979 869 et
995 837 1077 869 Filio
1102 841 1133 869 ct
1158 837 1278 879 Spiritu
1302 840 1412 869 sancto
1438 848 1666 880 nunquamque
1688 839 1718 869 in
1735 839 1821 870 ullau
1839 839 1960 881 synodo

303 890 557 931 recuperationis
581 900 671 930 spem
696 892 750 920 aut
774 889 1001 921 satisfactionis
1025 889 1146 921 aditum
1172 889 1233 920 sibi
1256 890 1381 921 noverit
1404 889 1638 921 reservatum&

408 940 601 982 Gregorium
625 941 930 981 nomenculatorem,
949 941 1184 983 Theophylacti
1208 940 1370 982 quondam
1394 941 1664 973 nomenculatoris
1687 942 1798 982 filium,
1821 943 1875 984 qui
1898 944 1960 974 ius·
1991 957 2013 975 ιε,

300 994 468 1025 iurandum
493 992 568 1024 fidei
591 1003 667 1024 suae
685 992 811 1024 diverso
827 993 924 1024 modo
947 1003 1155 1034 corrumpens
1178 993 1352 1034 puritatem
1375 996 1506 1024 sanctae
1523 993 1585 1024 Dei
1608 994 1764 1025 ecclesiae
1788 995 1852 1026 suis
1877 995 1960 1026 frau-

301 1045 450 1076 dulentiis
474 1045 615 1076 avaritiis
643 1044 762 1086 rapinis
786 1044 1014 1086 cupiditatibus
1044 1045 1201 1085 simulque
1225 1043 1454 1076 calliditatibus
1483 1055 1542 1086 per
1571 1047 1642 1076 octo
1674 1045 1774 1078 ferme
1806 1057 1960 1078 annorum

307 1097 463 1129 curricula
486 1095 649 1127 maculans
673 1106 832 1127 summum
856 1096 1023 1128 Romanae
1047 1095 1134 1127 urbis
1158 1096 1357 1137 pontificium
1388 1096 1626 1128 coniurantibus
1656 1097 1716 1128 sibi
1749 1097 1867 1129 dudum
1896 1099 1960 1130 suis

303 1149 514 1190 complicibus
545 1149 677 1180 fa0t10se
711 1150 896 1190 praeripere
927 1149 1091 1181 affectavit
1124 1156 1156 1181 et
1188 1149 1227 1181 de
1261 1149 1369 1181 multis
1402 1150 1510 1191 palam
1543 1150 1685 1181 recitatis
1717 1150 1864 1190 capitulis
1894 1153 1959 1181 tam

302 1202 405 1242 primo
430 1211 529 1242 penes
554 1200 707 1232 dilectum
730 1201 830 1232 filium
854 1204 997 1233 nostrum
1021 1201 1179 1232 Karolum
1203 1201 1441 1233 serenissimum
1471 1202 1700 1243 imperatorem
1724 1211 1820 1241 quam
1845 1205 1959 1243 postea
1987 1216 2011 1234 πο

304 1262 402 1294 penes
426 1263 482 1284 nos
507 1252 547 1283 ad
571 1253 820 1294 generalitatem
844 1256 974 1284 sanctae
997 1253 1059 1284 Dei
1091 1253 1247 1284 ecclesiae
1279 1263 1337 1294 per
1366 1253 1516 1284 nonnulla
1545 1253 1787 1294 suggestionum
1819 1253 1960 1294 capitula

300 1305 414 1335 noxius
446 1304 630 1335 diffamatur
665 1308 697 1335 et
728 1315 785 1346 pro
819 1304 942 1336 eisdem
975 1304 1159 1336 criminibus
1192 1316 1210 1335 a
1243 1304 1334 1335 nobis
1367 1315 1425 1345 per
1455 1304 1644 1336 Zachariam
1679 1308 1711 1336 et
1742 1304 1958 1336 Gaudericum

304 1356 503 1388 venerabiles
538 1357 707 1397 episcopos
745 1360 778 1387 et
815 1356 1083 1398 Christophorum
1114 1357 1331 1398 primicerium
1363 1360 1491 1388 sanctae
1531 1357 1615 1388 sedis
1652 1357 1848 1399 apostolicae
1887 1368 1958 1388 cum

302 1407 400 1438 fratre
432 1410 464 1439 et
493 1418 612 1448 genero
645 1408 772 1449 suisque
806 1408 1016 1449 complicibus
1048 1408 1181 1439 iuridice
1215 1411 1412 1439 contestatus
1445 1409 1586 1439 examini
1623 1419 1657 1440 se
1687 1408 1957 1449 praesentandum

301 1458 369 1490 fore
395 1461 427 1489 et
444 1461 567 1498 cuncta,
592 1469 674 1500 quae
694 1459 837 1490 ecclesiis
853 1460 905 1491 vel
929 1460 988 1501 piis
1013 1460 1089 1491 locis
1114 1459 1248 1501 aliisque
1274 1459 1456 1491 hominibus
1473 1460 1658 1499 abstulerat,
1681 1460 1738 1490 sub
1755 1460 1958 1492 iurisiurandi
1987 1474 2011 1493 25

301 1510 543 1552 interpositione
568 1511 787 1541 restituturum
811 1511 970 1551 promisit,
1003 1511 1119 1542 deinde
1152 1514 1346 1542 conventum
1378 1514 1521 1542 nostrum
1553 1511 1592 1542 de
1622 1511 1673 1542 die
1703 1512 1733 1542 in
1758 1511 1843 1543 diem
1872 1512 1957 1543 frau-

302 1562 451 1594 dulenter
473 1572 640 1603 usquequo
664 1572 721 1593 nos
744 1562 795 1593 vel
822 1562 935 1593 fideles
965 1562 1057 1594 huius
1088 1562 1244 1594 ecclesiae
1276 1563 1459 1594 interimere
1483 1562 1535 1594 vel
1566 1563 1675 1594 hostes
1705 1564 1867 1594 christiani
1900 1574 1957 1594 no-

300 1615 404 1650 minis,
436 1613 469 1644 id
502 1617 551 1645 est
581 1612 784 1652 Sarracenos,
818 1624 897 1655 quos
930 1624 988 1654 per
1020 1624 1093 1644 suos
1133 1614 1397 1644 familiarissimos
1432 1613 1627 1645 Sarracenos
1660 1615 1723 1646 iam
1757 1615 1956 1651 invitaverat,

300 1666 384 1697 intra
406 1665 588 1697 Romanam
612 1666 724 1697 urbem
751 1665 955 1697 introducere
985 1666 1151 1707 potuisset,
1177 1666 1271 1697 elusit
1295 1670 1327 1696 et
1350 1666 1554 1707 praefinitum
1586 1666 1682 1706 diem,
1714 1677 1776 1708 quo
1806 1666 1957 1698 canonice

300 1718 368 1748 sive
392 1717 541 1758 legalIter
564 1717 665 1748 audiri
691 1717 863 1757 debuisset,
889 1717 1110 1748 fraudulenter
1134 1718 1333 1759 praeripiens
1357 1728 1428 1749 cum
1446 1717 1588 1758 Georgio
1611 1721 1642 1748 et
1658 1717 1771 1760 Sergio
1796 1719 1957 1759 magistris
1986 1735 2010 1753 30

302 1769 440 1800 militum
471 1779 594 1800 necnon
630 1773 661 1800 et
692 1769 858 1810 Stephano
887 1769 1106 1801 secundicerio
1137 1769 1272 1810 aliisque
1304 1769 1368 1800 suis
1401 1769 1611 1810 complicibus
1644 1772 1798 1801 nocturno
1831 1770 1956 1802 silentio

303 1824 412 1862 portas
442 1820 535 1851 huius
564 1831 674 1852 sacrae
698 1820 795 1852 Urbis
825 1820 1008 1852 Sarracenis
1039 1822 1287 1862 circumquaque
1318 1821 1556 1852 imminentibus
1587 1831 1658 1852 cum
1695 1821 1837 1852 clavibus
1867 1821 1958 1853 adul-

301 1872 409 1903 terinis
433 1873 560 1913 aperuit
583 1883 683 1914 seque
707 1876 817 1903 contra
841 1872 977 1903 salutem
1002 1872 1199 1914 reipublicae
1224 1873 1383 1913 simulque
1409 1873 1551 1914 quietem
1575 1873 1702 1913 imperii
1732 1873 1870 1914 praefati
1902 1873 1958 1904 filii

301 1924 399 1955 nostri
423 1925 618 1955 serenissimi
642 1925 770 1965 augusti
787 1927 896 1955 contra
913 1924 1002 1965 leges
1019 1924 1231 1965 conspirando
1249 1923 1469 1955 fraudulenter
1487 1924 1643 1965 proripuit
1668 1927 1700 1955 et
1717 1935 1789 1956 cum
1806 1924 1955 1956 omnibus

302 1986 384 2016 pene
409 1975 566 2007 thesauris
591 1976 746 2008 ecclesiae
771 1975 949 2011 Romanae,
975 1975 1106 2007 dubium
1131 1987 1192 2018 quo
1219 1975 1430 2017 profecturus,
1456 1976 1608 2011 exe-essin
1987 1992 2011 2010 35

408 2027 565 2068 simulque
591 2026 789 2068 Stephanum
813 2027 1077 2067 secundicerium,
1102 2028 1155 2068 qui
1180 2027 1321 2058 diversas
1352 2027 1504 2059 ecclesias
1535 2027 1676 2068 spolians
1700 2037 1758 2068 per
1788 2028 1958 2059 avaritiam

302 2079 466 2120 turpisque
499 2079 576 2111 lucri
610 2079 800 2120 compendia
835 2079 954 2110 tributa
986 2082 1095 2111 vetera
1128 2079 1352 2120 multiplicavit
1385 2082 1418 2110 et
1450 2079 1481 2110 in
1515 2079 1661 2110 omnibus
1695 2080 1958 2120 perversitatibus

303 2130 449 2171 superius
472 2131 645 2162 nominatis
669 2130 758 2162 fratri
783 2131 932 2172 complex
958 2134 990 2162 et
1013 2134 1246 2162 consentaneus
1270 2131 1390 2165 extitit;

410 2192 534 2213 necnon
558 2185 591 2213 et
616 2182 791 2224 Georgium
817 2181 965 2223 Gregorii
998 2183 1169 2223 primicerii
1198 2182 1309 2222 filium,
1341 2183 1394 2223 qui
1423 2183 1567 2224 germani
1597 2182 1718 2224 proprii
1748 2182 1957 2214 concubinam

306 2233 486 2275 subripiens
519 2244 592 2265 eum
626 2244 749 2264 veneno
783 2234 923 2273 necavit,
957 2233 1074 2265 deinde
1105 2237 1178 2275 post
1215 2234 1415 2265 execrabiles
1448 2233 1626 2264 christianis
1659 2235 1797 2266 incestus
1830 2234 1956 2266 vivente
1985 2249 2010 2268 ω

302 2288 400 2326 nepte
417 2285 637 2316 sanctissimae
659 2285 891 2316 recordationis
907 2285 1074 2316 Benedicti
1092 2295 1196 2326 papae
1207 2285 1227 2325 ¹,
1252 2285 1340 2316 cuius
1364 2284 1478 2326 opibus
1495 2284 1535 2316 de
1553 2288 1745 2327 paupertate
1762 2289 1956 2325 surrexerat,

387 2397 413 2429 ²⁸)
434 2397 543 2423 Omissis
567 2397 654 2423 ceteris
673 2398 707 2422 Μ
721 2397 761 2422 ita
783 2397 884 2430 pergit:
915 2397 1125 2431 Responderunt
1151 2405 1256 2423 omnes:
1286 2396 1444 2423 Anathema
1468 2396 1513 2422 sit.
1528 2396 1642 2422 Prolata
1669 2404 1715 2422 ore
1741 2395 1897 2430 apostolico
1926 2396 1953 2422 in

437 2439 554 2466 basilica
573 2441 686 2466 sanctae
706 2439 756 2467 Dei
775 2439 919 2475 genitricis
933 2440 1045 2470 Mariae,
1065 2448 1136 2473 quae
1150 2441 1266 2466 vocatur
1287 2439 1327 2466 Ad
1347 2440 1482 2472 martyres
1496 2439 1543 2466 III.
1557 2438 1665 2466 decimo
1684 2438 1741 2465 kal.
1755 2438 1830 2471 Mai.y
1843 2441 1871 2465 et
1890 2439 1952 2466 sub-

439 2483 610 2517 scripserunt
629 2491 722 2510 omnes
742 2483 876 2517 episcopi.
896 2483 1045 2516 presbiteri
1065 2484 1093 2509 et
1112 2482 1231 2510 diaconi.

405 2554 428 2585 α)
447 2555 472 2578 in
486 2554 523 2578 M.
596 2552 620 2584 b)
639 2554 844 2579 satisfatiendum
861 2554 896 2578 Μ.
968 2554 991 2585 c)
1009 2545 1120 2586 episcopi
1139 2553 1200 2578 add.
1212 2553 1248 2578 M.
1313 2552 1336 2583 d)
1357 2554 1410 2578 Pro
1434 2551 1613 2579 ‹lieni—Maii
1633 2551 1706 2576 habet
1720 2551 1751 2575 M
1768 2552 1831 2576 duos
1850 2561 1958 2578 menses.
1987 2566 2011 2584 45

302 2597 361 2622 Hac
387 2597 501 2622 indutiae
529 2597 564 2621 ad
590 2597 723 2621 terminum
742 2597 868 2621 secundae
887 2597 948 2621 illae
973 2597 1109 2621 sententiae
1130 2596 1262 2622 Romanae
1281 2597 1317 2621 ad
1343 2596 1411 2621 diem
1428 2598 1471 2620 30.
1486 2595 1545 2620 Iun.
1566 2595 1664 2620 relatae
1693 2598 1806 2626 spectare
1832 2595 1956 2620 videntur.

302 2641 324 2671 θ)
342 2640 476 2665 advenerit
493 2640 531 2665 M.
611 2638 629 2670 s)
649 2640 762 2665 malitiae
782 2639 842 2664 (ald.
861 2640 896 2664 ΙΙΙ.
979 2639 1004 2669 g)
1025 2640 1061 2664 sic
1083 2639 1117 2664 JI.
1206 2638 1230 2671 h)
1250 2639 1303 2664 Pro
1322 2639 1388 2664 diem
1400 2639 1533 2664 -meusis
1552 2638 1626 2663 habet
1646 2637 1678 2661 M
1697 2637 1825 2670 predic-tas
1845 2638 1956 2663 indutias

301 2682 318 2708 ἢ
338 2683 522 2715 potentioribus
543 2683 578 2707 JI.
650 2681 675 2713 k)
693 2683 827 2708 ecclesium
850 2683 884 2707 Jl,
956 2681 976 2713 l)
996 2683 1201 2707 cmmnunionom
1222 2682 1258 2707 M.
1330 2682 1361 2713 ¹¹¹)
1381 2682 1509 2707 sententia
1528 2682 1566 2706 M.
1636 2680 1660 2711 Β)
1679 2681 1751 2705 nulla
1770 2680 1806 2704 M.

406 2752 431 2782 1)
451 2750 516 2779 III„
530 2754 670 2778 855—853.
