2189 3042
639 174 815 202 IOHANNIS
835 175 909 202 VIII.
929 175 1046 201 PAPAE
1069 174 1265 202 EPISTOLAE
1288 175 1328 201 87.
1348 174 1389 201 88.
1795 176 1834 206 83

188 263 291 293 lorum
316 262 461 293 homines
485 261 703 302 constringere
726 272 788 291 non
813 261 927 292 omisit.
966 261 1058 292 Nunc
1082 262 1178 293 etiam
1195 261 1369 292 Tarentum
1386 260 1548 301 legatione
1566 259 1686 291 directa
1703 261 1835 301 paganis

189 314 337 355 donaque
365 314 583 344 transmittens
612 316 709 354 atque
738 313 778 343 ab
803 314 867 343 eis-¹
891 314 1051 353 accipiens
1080 313 1266 354 suppliciter
1290 312 1482 352 deprecatus
1506 314 1567 351 est,
1598 314 1633 342 ut
1660 311 1733 351 sibi,
1764 322 1836 342 cum

190 365 423 405 significatumb
441 364 561 404 fuisset,
585 363 745 405 phalange
764 365 932 405 Agarene⁰
949 364 988 394 ad
1013 364 1187 405 perniciem
1205 363 1375 395 Christiani
1400 363 1509 403 populi
1534 363 1721 403 quantocius
1745 362 1835 394 defe-

190 415 281 446 rantd
311 416 440 446 auxilia.
497 415 643 450 Qualiter
678 414 815 456 denique
851 415 963 446 fraude
998 415 1139 456 nequitie
1175 418 1207 445 et
1240 425 1298 455 per
1329 413 1551 445 iurisiurandi⁰
1585 414 1776 455 periuriums
1805 415 1837 444 in

159 480 171 498 5
191 468 260 497 sinu
282 467 416 507 ecclesie
440 470 546 507 nostre.
570 472 647 497 nosg
664 466 829 507 deceperit
844 466 1031 508 Urbemque
1056 477 1177 498 sacram
1202 467 1363 505 invaserit,
1388 467 1438 496 hic
1463 476 1501 497 ea
1524 465 1597 496 ideo
1622 466 1836 506 pretereundo

189 518 330 558 silemus,
355 518 428 558 quia
452 518 481 548 in
507 517 569 548 alio
595 518 767 558 opusculo¹
786 518 827 548 ad
845 519 985 549 omnium
1002 518 1255 549 Christianorum
1278 518 1434 557 notitiam,
1459 528 1538 558 quos
1562 516 1679 548 idcirco
1703 517 1836 549 anathe-

189 570 283 599 matis
299 569 432 600 vinculis
455 569 687 606 innodavimus,
711 570 864 600 nonnulla
888 571 1067 610 conscripta
1083 573 1240 600 tenemus.
1279 569 1342 600 Pro
1361 580 1423 610 qua
1447 580 1491 609 re,
1517 569 1643 599 domine
1668 569 1710 599 fili
1735 569 1836 599 karis-

190 621 283 660 sime,
314 624 423 651 contra
446 630 528 651 nova
552 624 584 652 et
607 621 752 652 inaudita
774 621 805 652 in
831 621 1018 653 Christianis
1042 622 1126 652 mala
1150 632 1265 652 novum
1289 622 1352 652 iani
1377 621 1479 651 fessus
1504 624 1536 651 et
1560 620 1712 661 fatigatus
1736 624 1838 651 certa-

189 672 282 703 minis
305 672 460 711 laborem,
487 672 610 703 navalis
634 672 755 704 scilicet
778 673 932 713 periculi¹¹
956 674 1132 714 fluctusque
1157 674 1253 703 maris
1277 683 1438 703 assumere
1462 673 1522 703 iter
1546 672 1764 703 desideransi2
1787 683 1839 703 me

147 736 171 755 10
191 723 299 755 tantisi
320 723 492 764 periculisk
514 723 556 755 ad
581 735 637 754 vos
661 724 818 755 veniendo
843 735 900 765 pro
926 724 1132 755 ecclesiarum
1157 727 1337 754 sanctarum
1362 724 1502 754 omnium
1526 723 1727 764 liberatione,
1751 725 1839 754 iuxta

189 775 370 816 apostolum
386 774 460 806 ‘non
477 775 598 807 faciens
621 776 760 806 animam
784 786 890 806 meam
914 776 1136 816 pretiosiorem
1154 785 1249 816 quam
1272 776 1343 805 1ne³.
1378 775 1420 805 Et
1436 785 1521 814 ecce,
1546 778 1698 816 quantum
1716 775 1756 805 ad
1773 776 1835 806 mei
1850 786 1986 810 Act.20,24.

187 827 353 858 ministerii
386 828 529 868 regimen
560 830 698 868 spectat,
728 838 790 858 non
821 837 932 858 recuso
956 837 1013 868 pro
1040 826 1156 857 Christi
1185 826 1304 857 domini
1329 826 1447 856 oviuml
1472 837 1532 866 ope
1557 827 1624 856 eius
1648 826 1837 858 liberatione
1852 836 1879 857 ef.
1890 837 1939 857 Act.
1950 838 2025 861 25,11.

188 879 268 908 mori
292 878 584 920 detrimentumque
609 878 751 910 sufferre.
798 879 875 919 Vos,
900 889 998 919 queso
1024 878 1155 917 obnixe,
1186 888 1256 917 vos,
1288 877 1332 907 fili
1362 877 1544 916 karissime,
1575 877 1722 908 lacrimas
1750 888 1838 908 meas

189 929 388 970 arduumque
412 929 557 961 laborem
585 931 717 970 aspicite
748 933 780 960 ct
803 929 844 960 ad
869 929 1089 960 defensionem
1112 932 1220 968 sancte
1245 929 1355 959 matris
1379 931 1482 968 vestre
1507 931 1645 959 vestrum
1671 929 1839 959 animum¹¹¹

146 992 170 1010 ιε,
190 981 396 1022 fideliumque
432 985 610 1013 vestrorum
645 982 869 1013 adhortatione
904 981 1053 1012 continua
1087 983 1258 1022 preparate
1295 983 1326 1011 et
1362 990 1487 1010 mecum
1522 980 1726 1010 unianimiter
1757 981 1839 1021 lupis

190 1032 358 1073 rapacibus
388 1033 539 1064 baculosu
569 1033 805 1074 redargutionis
836 1033 982 1063 studete⁰
1010 1035 1136 1072 tenere,
1167 1032 1316 1072 quatinus
1341 1031 1420 1062 duce
1443 1031 1607 1072 Unigeniti
1637 1032 1741 1072 gratia
1769 1035 1840 1072 post

190 1083 286 1125 longa
310 1088 490 1125 temporum
516 1085 619 1125 spatia
643 1087 869 1125 cooperatores
892 1084 997 1115 effecti
1021 1084 1119 1114 nostri
1139 1083 1322 1114 certaminis
1348 1082 1388 1113 de
1412 1093 1551 1123 purpura
1572 1083 1690 1113 terreni
1714 1077 1839 1123 imperii

189 1130 231 1166 ad
256 1145 406 1166 coronam
422 1137 531 1166 venire
548 1136 683 1166 valeatis
707 1139 907 1177 perpetuam.
943 1135 983 1166 Et
1001 1134 1172 1176 epistolasp
1196 1135 1335 1175 reliquas
1346 1134 1367 1173 ³,
1394 1145 1472 1175 quas
1489 1134 1701 1164 confratribus
1717 1135 1839 1175 vestris,

189 1187 408 1217 Karlomanno
422 1187 572 1219 videlicet
585 1191 617 1218 et
630 1187 817 1218 Ludouuico
831 1190 927 1228 atque
942 1186 1061 1217 Karolo
1075 1186 1199 1226 iuniori,
1214 1185 1378 1226 dirigimus
1393 1195 1449 1226 pro
1464 1185 1573 1216 talium
1585 1185 1809 1216 adhortatione
1816 1192 1839 1227 q,

145 1251 170 1270 20
190 1248 358 1279 precamur
386 1238 486 1279 glorie
511 1242 615 1279 vestre
641 1239 821 1270 decentiam
845 1238 975 1270 easdem
998 1237 1060 1268 illis
1083 1238 1150 1268 sine
1174 1247 1265 1268 mora
1290 1237 1452 1267 destinare
1477 1237 1651 1278 dignemini
1677 1237 1839 1268 omnibus-

192 1300 252 1331 que
277 1291 541 1321 reverentissimis
564 1290 811 1331 archiepiscopis
836 1294 868 1321 et
892 1290 976 1320 clero
1002 1290 1098 1320 totius
1122 1289 1241 1319 ordinis
1265 1290 1355 1329 regni
1380 1290 1475 1319 vestri
1502 1292 1648 1329 paterna,
1673 1292 1758 1329 peto,
1784 1289 1839 1320 ad-

190 1341 372 1372 hortatione
396 1342 565 1382 significari
589 1336 755 1382 precipite,
780 1342 929 1383 quoniam
945 1341 1084 1372 Domino
1102 1340 1274 1371 miserante
1297 1340 1383 1381 apud
1401 1351 1457 1371 vos
1474 1340 1630 1381 synodum
1648 1340 1840 1371 celebraturi

191 1403 298 1423 sumus
329 1394 449 1424 cunctis
479 1393 605 1434 populis
636 1392 823 1424 Christianis
854 1393 1137 1433 pernecessariam.
1193 1391 1408 1433 Quecunquer
1440 1402 1516 1422 sane
1549 1391 1700 1432 deinceps
1734 1403 1841 1423 sumus

191 1444 291 1475 acturi
320 1444 359 1476 de
382 1445 520 1485 negotiis
543 1444 768 1475 ecclesiasticis
791 1455 884 1475 nosse
908 1455 963 1475 vos
988 1445 1160 1485 cupimus¹;
1191 1447 1223 1474 te
1248 1454 1390 1484 quoque,
1421 1443 1588 1474 karissime
1616 1443 1674 1484 fili,
1704 1445 1840 1474 auctori-

148 1509 171 1528 25
191 1498 257 1527 tate
281 1496 381 1527 sancti
397 1495 530 1537 Spiritus
547 1495 609 1527 Dei
632 1496 731 1527 nostri
755 1495 796 1526 ad
812 1497 915 1527 vicem
931 1495 1084 1537 genitoris
1100 1495 1198 1526 vestri
1215 1495 1322 1526 domni
1339 1495 1451 1525 Karoli
1472 1495 1618 1535 perpetui
1639 1495 1841 1536 imperatoris

191 1548 317 1589 augusti
347 1558 365 1578 a
392 1548 523 1578 secretis
547 1548 704 1578 constituo
735 1558 841 1579 meum
866 1548 1094 1587 consiliarium,
1126 1548 1194 1589 qui,
1225 1550 1259 1577 ut
1288 1547 1349 1577 dici
1373 1546 1508 1586 assolet,
1540 1557 1613 1587 pars
1641 1547 1745 1587 anime
1770 1557 1840 1588 mee

190 1599 259 1638 fuit,
284 1602 316 1630 et
339 1609 466 1640 queque
491 1599 617 1640 agenda
640 1602 720 1639 sunt,
745 1609 825 1640 coge
849 1599 1018 1640 adunaque
1043 1599 1219 1639 consilium,
1243 1599 1318 1640 quia
1341 1599 1371 1628 in
1396 1598 1483 1629 fonte
1508 1599 1552 1629 tui
1578 1598 1681 1629 cordis
1705 1599 1841 1639 primum

190 1650 394 1692 intingendus
418 1650 570 1691 calamus,
595 1650 711 1682 deinde
735 1661 847 1682 manus
870 1654 978 1682 nostra
1001 1650 1152 1682 formabit
1176 1651 1346 1682 caracteris
1370 1651 1487 1691 apices.

992 1790 1041 1820 2³8.

298 1842 455 1874 Iohannes
474 1843 567 1875 VIII.
584 1854 674 1883 papa
698 1844 871 1885 (Ludovt'co
889 1843 1005 1884 Balbo)
1027 1843 1075 1884 [et
1097 1843 1168 1874 item
1189 1842 1348 1874 Ludovico
1370 1843 1439 1874 III.
1467 1843 1605 1884 e'nm'ort']
1628 1844 1692 1883 νομί
1714 1844 1843 1875 mcntlat

148 1907 173 1926 30
190 1905 222 1926 se
238 1895 268 1926 F
269 1895 413 1926 muciam
429 1895 588 1926 maritimo
604 1895 715 1926 itinere
731 1898 834 1934 petere
850 1896 983 1935 coepisse
995 1897 1122 1934 propter
1134 1895 1296 1926 Lamberti
1313 1894 1464 1934 Spoletini
1479 1895 1671 1926 marchionis
1696 1896 1841 1933 {niza-ias,

191 1956 271 1986 quas
290 1946 385 1977 iussu
407 1946 642 1978 Karolomamzi
665 1947 745 1986 reyz's
767 1947 829 1978 siba·
854 1946 996 1978 intulisse
1018 1947 1180 1984 assererit;
1201 1946 1374 1987 ymeralem
1396 1946 1548 1986 synodum
1574 1946 1694 1979 indicit.

469 2034 473 2040 1
1305 1998 1459 2038 (Ismuae)
1482 1999 1546 2029 878
1570 1998 1658 2038 (Mai
1681 1998 1757 2039 1ἰη.)4

307 2031 382 2058 Cod.:
412 2032 439 2058 R
455 2034 532 2066 s.44¹
551 2041 578 2059 η.
592 2036 631 2059 87.

294 2079 379 2105 Eam..-
405 2079 499 2106 Editio
518 2079 644 2106 Romana
662 2080 746 2114 (1591)
766 2079 826 2112 ΙΙΙ,
843 2082 891 2106 364
909 2083 988 2106 1138.
1020 2079 1115 2105 Mansa·
1135 2078 1210 2105 Cone.
1224 2079 1281 2105 coll.
1297 2078 1400 2111 XVII,
1424 2082 1453 2104 77
1475 2087 1500 2104 u.
1521 2082 1561 2105 88.
1599 2079 1689 2112 Μίρπε
1708 2079 1784 2106 Patr.
1798 2079 1842 2105 lat.

149 2130 173 2150 35
195 2122 332 2155 CXXVI,
353 2126 400 2148 769
420 2126 514 2149 rz.116.
533 2138 566 2141 —
585 2122 662 2154 Jaffe'
681 2122 744 2156 Req.
757 2126 823 2149 313⁸
841 2123 936 2155 (2365).

295 2209 318 2241 a)
338 2211 373 2235 -is
397 2210 423 2234 ἰη
440 2218 492 2235 ras.
512 2209 544 2234 R.
649 2208 673 2241 b)
692 2219 718 2235 s-
738 2219 804 2235 corr.
822 2219 852 2236 ea:
870 2211 900 2235 d·
920 2211 955 2235 al.
968 2218 1037 2235 man.
1057 2209 1088 2235 R.
1194 2209 1217 2241 c)
1236 2217 1298 2240 -ene
1325 2210 1350 2234 ιή
1369 2218 1421 2234 ras.
1441 2209 1473 2234 R.
1580 2208 1604 2242 d)
1624 2218 1689 2235 corr.
1704 2218 1734 2234 ec
1752 2211 1842 2235 deserit

191 2254 226 2278 al.
240 2261 308 2278 man.
321 2253 352 2277 R.
442 2252 464 2284 θ)
483 2253 533 2277 iuri
550 2253 657 2278 iurando
676 2253 708 2281 R.
791 2252 810 2284 f)
830 2262 896 2278 corr.
910 2262 941 2278 ex
959 2254 1069 2286 periurio
1088 2253 1122 2277 al.
1136 2262 1205 2277 man.
1225 2253 1257 2277 R.
1340 2253 1365 2283 Β)
1384 2261 1451 2278 corr.
1465 2261 1495 2278 ea:
1513 2261 1564 2277 non
1584 2253 1614 2277 R.
1698 2252 1722 2285 ¹¹)
1742 2254 1843 2285 pericu—

190 2295 243 2320 lum
263 2295 295 2320 R.
365 2294 383 2327 i)
402 2295 432 2320 de
445 2296 636 2320 transmetantis
649 2295 681 2321 R.
752 2295 777 2327 k)
797 2296 837 2321 liic
854 2296 945 2321 excidit
964 2296 1071 2328 exposui
1091 2300 1134 2320 aut
1152 2296 1232 2321 simile
1245 2296 1307 2327 quid
1320 2295 1351 2320 It.
1423 2294 1442 2327 l)
1463 2296 1555 2321 ovibus
1574 2296 1605 2321 R.
1679 2296 1709 2327 Π1)
1729 2304 1795 2321 corr.
1812 2304 1842 2320 ea:

191 2339 333 2363 animarum
352 2339 387 2363 al.
397 2347 466 2364 man.
480 2338 512 2364 E.
583 2337 608 2370 n)
627 2347 694 2364 corr.
704 2348 734 2364 ea:
747 2340 839 2364 baculo
859 2340 893 2364 al.
907 2348 976 2364 man.
991 2339 1022 2364 R.
1095 2338 1118 2370 0)
1136 2343 1171 2364 -te
1190 2347 1255 2364 corr.
1266 2347 1297 2363 ex
1310 2347 1347 2364 -re
1365 2339 1400 2364 al.
1411 2348 1480 2365 man.
1494 2339 1526 2364 R.
1596 2339 1620 2371 1’)
1640 2338 1683 2371 epi
1702 2341 1727 2364 iu
1741 2348 1793 2363 ras.
1807 2339 1840 2363 R.

150 2383 176 2402 40
195 2380 219 2412 q)
238 2381 438 2406 adhortationem
458 2381 490 2406 R.
578 2381 598 2413 r)
617 2382 778 2414 Quecuuque
797 2391 871 2408 nosse
889 2391 934 2407 vos
952 2383 1071 2415 cupimus
1090 2391 1150 2407 sane
1171 2402 1176 2407 .
1191 2400 1197 2407 .
1212 2401 1218 2407 .
1232 2401 1238 2407 .
1256 2382 1436 2407 ecclesiasticis
1455 2382 1491 2412 R;
1510 2383 1543 2414 cf.
1553 2392 1582 2414 p.
1598 2384 1631 2407 82
1649 2386 1736 2406 annot.
1750 2390 1770 2413 c,
1789 2386 1804 2406 t.

297 2449 322 2480 1)
341 2447 402 2474 Scit.
417 2448 445 2473 iu
465 2449 592 2474 sententia
609 2449 890 2475 exeonmzanimationis
907 2450 994 2481 factae
1011 2449 1041 2474 m
1057 2448 1116 2475 eccl.
1130 2449 1152 2475 b.
1162 2449 1236 2475 Petri
1255 2449 1402 2482 deperdita,
1420 2450 1455 2475 ad
1466 2458 1547 2482 quam
1561 2449 1663 2482 plurles
1681 2457 1732 2475 sese
1749 2448 1838 2480 refert,

192 2492 226 2523 cf.
241 2500 267 2518 n.
279 2494 322 2524 88,
336 2494 407 2524 1284
425 2491 441 2517 Z.
454 2496 498 2523 10·;
516 2500 543 2518 η.
554 2495 595 2524 89,
610 2500 638 2525 p.
651 2495 684 2518 85
703 2492 718 2518 Ζ.
730 2496 768 2524 29,
786 2492 922 2518 Dammzer
940 2493 956 2518 Ζ.
967 2492 982 2518 Ζ.
996 2492 1074 2524 111²,
1089 2496 1125 2518 76.
1197 2493 1224 2525 2)
1244 2492 1340 2525 Itaque
1358 2500 1413 2517 non
1432 2492 1487 2517 iam
1505 2492 1556 2518 ‘iter
1573 2492 1719 2525 arripuisse
1737 2491 1840 2517 videtur

192 2535 238 2566 (cf.
257 2536 364 2560 econtra
382 2542 409 2560 η.
423 2537 468 2566 88,
483 2543 512 2568 p.
526 2538 560 2561 84
579 2535 595 2562 Ζ,
608 2536 665 2568 30),
689 2543 735 2561 nec
753 2535 870 2568 Ianuae,
896 2536 961 2561 sicut
980 2535 1080 2561 Ewald
1100 2535 1188 2568 habet,
1213 2535 1256 2561 secl
1275 2535 1376 2562 Romae
1394 2535 1494 2568 scripta
1519 2538 1556 2561 est
1578 2534 1700 2568 epistola,
1725 2535 1758 2566 cf.
1780 2534 1841 2560 NA.

195 2576 347 2609 XXXVI,
366 2581 416 2603 147
434 2579 526 2604 annot.
540 2580 563 2603 3.
660 2579 686 2611 3)
708 2578 781 2612 Quae
802 2586 857 2604 non
878 2580 990 2605 exstant.
1028 2578 1168 2611 Epistolae
1191 2581 1322 2610 sequentes
1349 2578 1443 2603 iterum
1462 2578 1599 2604 Lmlovieo
1622 2577 1709 2603 Balbo
1732 2577 1842 2609 aliisque

150 2624 175 2643 «15
194 2619 295 2653 reyilms
307 2619 418 2646 directae
430 2621 488 2651 (mz-
501 2623 542 2653 88,
558 2622 601 2653 89)
614 2620 723 2647 Ianuae
741 2621 856 2654 scriptae
869 2618 922 2647 esse
941 2621 1069 2647 videntur.
1100 2620 1232 2646 Dubitare
1250 2621 1319 2646 enim
1332 2621 1398 2652 licet,
1418 2629 1455 2646 (ιη
1467 2620 1532 2646 haec
1550 2620 1658 2653 epistola
1676 2623 1698 2645 et
1716 2619 1839 2652 reliquae

194 2670 284 2688 rerem
301 2662 338 2688 ad
356 2669 435 2688 suum
452 2663 537 2688 locum
551 2663 730 2696 pervenerint,
750 2672 814 2689 nam
831 2664 862 2689 in
880 2672 907 2691 oz.
921 2667 969 2690 107
981 2672 1010 2696 11·
1025 2666 1057 2689 99
1076 2663 1091 2689 Ζ.
1107 2666 1140 2689 27
1148 2671 1184 2696 sq.
1199 2671 1277 2696 papa
1296 2663 1478 2696 conqueritur:
1508 2663 1544 2689 Et
1564 2662 1640 2688 vobis
1659 2664 1688 2688 et
1706 2661 1838 2688 fratribus

195 2705 293 2731 vestris
311 2704 440 2738 gloriosis
457 2705 582 2739 regibus,
602 2707 751 2739 antequam
771 2715 804 2733 ex
822 2706 897 2733 Urbe
917 2706 1060 2737 exiremus,
1078 2706 1189 2732 mittere
1209 2705 1354 2737 voluimus,
1373 2706 1420 2732 sed
1440 2705 1625 2732 officientibus
1645 2704 1791 2730 Lamberto
1810 2705 1837 2729 et

194 2748 345 2775 Adelberto
365 2768 390 2776 ..
410 2748 521 2775 mittere
540 2748 724 2782 nequivimus.
756 2749 935 2783 Commendas
954 2750 982 2775 in
1000 2749 1041 2775 his
1059 2751 1096 2775 est
1115 2748 1253 2775 Diimmler
1272 2749 1288 2775 Ζ.
1301 2748 1318 2774 Ζ.
1337 2748 1416 2781 111²,
1439 2751 1541 2774 76—77.
1629 2748 1654 2779 4)
1673 2747 1714 2772 De
1731 2749 1842 2778 tempore

195 2791 275 2816 huius
293 2793 316 2816 et
336 2791 469 2824 sequentis
486 2791 609 2824 epistolae
627 2791 660 2822 cf.
679 2791 741 2818 NA.
763 2792 908 2825 XXXVI,
928 2796 976 2818 147
992 2795 1083 2818 annot.
1098 2796 1121 2817 4.

1589 2841 1635 2866 11⁴³
