2189 3042
651 209 829 236 IOHANNIS
847 209 921 236 VIII.
941 209 1058 235 PAPAE
1081 208 1280 235 EPISTOLAE
1303 208 1360 234 191.
1382 208 1438 234 192.
1812 210 1869 239 153

1016 315 1084 344 191.

327 378 484 409 Iohannes
507 376 603 408 VIII.
622 387 711 415 papa
728 377 935 408 leodosimn
951 377 1126 415 diaconam,
1150 376 1278 408 electum
1294 377 1480 414 Nonensem,
1505 377 1540 408 ob
1562 376 1637 415 fidel
1660 376 1871 407 sinceritatem

221 440 295 470 crya
314 429 492 461 Romanam
515 427 673 459 ecclesiam
696 428 864 465 collaudat,
890 431 997 466 monet,
1020 439 1059 459 ow
1082 429 1116 459 in
1140 428 1238 459 aliam
1255 431 1382 467 partem
1407 427 1568 459 declinans
1591 430 1700 458 contra
1723 428 1871 459 instituta

217 484 348 521 patrum
371 481 583 520 episcopatum
605 482 748 518 quaerat,
771 480 825 510 scd
847 480 1108 511 consecrationem
1131 490 1151 510 a
1173 490 1204 510 se
1220 479 1389 519 pereipiat.
1569 479 1632 509 879
1655 479 1729 510 Iun.
1748 481 1775 510 7.

331 547 407 579 Cod.:
436 547 464 573 R
482 549 502 581 f.
518 551 548 573 74
566 555 592 573 n.
607 550 660 573 192.

189 608 202 626 5
324 599 406 625 EM..-
435 599 530 625 Editio
544 598 670 624 Romana
683 598 767 631 (1591)
781 599 838 631 111,
852 604 902 625 420
921 604 1012 627 η.183.
1043 600 1138 626 Mansa·
1158 600 1237 626 Cone.
1251 599 1308 626 con.
1325 599 1422 631 XVII,
1439 602 1485 625 124
1504 601 1596 625 η.183,
1630 598 1722 632 Mt’qne
1740 598 1815 624 Patr.
1826 599 1870 624 lat.

223 642 363 675 CXXVI,
383 645 432 669 838
450 651 476 667 n.
490 645 545 668 225.
582 641 661 673 qu'e'r
682 641 744 668 Cocl.
758 642 996 676 dipl.Hm19a2-iac
1015 643 1039 675 1,
1059 646 1115 668 206.
1136 658 1166 661 —
1186 642 1262 674 Jaffe'
1282 642 1345 675 Rey.
1358 644 1422 668 3255
1442 641 1540 675 (2474).

357 733 552 757 THEODOSIO
570 733 777 757 VENERABILI
801 735 951 759 DIACONO
975 735 1018 758 ET
1042 734 1192 758 ELECTOa
1211 733 1341 768 SANCTlgl
1366 733 1526 768 ECCLESII}
1551 732 1739 757 NONENsls1.

329 791 519 822 Dilectionis
542 795 595 832 tue
619 792 732 822 litteris
756 793 894 833 receptis
918 796 1015 834 atque
1039 792 1190 833 perlectis
1214 792 1393 822 devotionis
1418 795 1450 822 et
1472 792 1547 823 fidei
1568 795 1620 832 tue
1645 792 1872 832 sinceritatem,

224 854 319 885 quam
355 844 439 874 circa
472 844 641 874 ecclesiam
676 844 765 875 beati
792 844 882 875 Petri
911 845 1050 885 apostoli
1080 847 1112 874 et
1142 844 1226 874 circa
1253 846 1395 873 nostrum
1426 843 1622 883 pontificium
1652 843 1766 883 habes,
1801 844 1872 874 luce

180 906 205 924 10
223 895 338 926 clarius
371 895 560 935 agnovimus
591 899 637 933 et,
669 896 742 936 quia
769 898 910 926 nostram
938 896 1076 937 gratiam
1106 898 1138 925 et
1165 894 1423 925 benedictionem
1451 894 1563 924 humili
1592 905 1721 934 prorsus
1756 894 1873 925 affectu

224 950 378 987 expetere
407 945 569 986 studuisti,
599 946 693 977 valde
723 957 830 977 sumus
859 948 969 988 gavisi.
1026 947 1109 978 Nam
1141 949 1173 977 et
1202 945 1362 976 Iohannes
1392 945 1584 976 venerabilis
1614 946 1802 986 presbyter²
1833 946 1873 976 cle

222 1000 329 1028 vestra
356 1000 447 1038 parte
476 998 607 1029 veniens
636 998 737 1029 multa
765 998 857 1029 nobis
887 1002 939 1039 tue
968 998 1119 1029 bonitatis
1143 1001 1175 1029 et
1202 998 1356 1039 patientie
1386 998 1457 1027 viva
1480 1007 1558 1028 voce
1582 998 1731 1040 preconia
1755 999 1873 1039 retulit,

224 1058 286 1090 que
317 1049 348 1079 in
379 1049 546 1080 sacerdote
572 1049 689 1080 Christi
719 1060 917 1091 magnopere
947 1052 1019 1080 sunt
1046 1049 1206 1080 habenda.
1253 1048 1348 1079 Unde
1377 1051 1408 1079 te
1437 1049 1528 1089 quasi
1556 1048 1707 1079 dilectum
1732 1051 1874 1090 corporis

225 1099 343 1130 Christi
376 1102 557 1133 membrum
593 1104 625 1132 et
655 1102 832 1142 spiritalem
865 1101 964 1131 filium
998 1101 1097 1131 nostri
1130 1100 1329 1141 apostolatus
1364 1100 1445 1130 ulnis
1479 1100 1620 1130 extensis
1651 1100 1875 1141 amplectimur

179 1163 203 1181 15
222 1154 422 1193 paternoque
447 1163 556 1184 amore
582 1153 742 1194 diligimus
766 1156 863 1194 atque
887 1152 1064 1193 apostolica
1087 1162 1216 1192 semper
1238 1151 1384 1182 volumus
1408 1151 1606 1192 benignitate
1631 1151 1750 1181 fovere.
1794 1151 1874 1182 Ideo

223 1214 391 1234 monemus
419 1205 629 1245 sagacitatem
653 1208 754 1244 tuam,
783 1204 842 1234 neb
865 1204 897 1234 in
926 1203 1103 1244 quamlibet
1132 1206 1257 1244 partem
1289 1203 1385 1234 aliam
1414 1203 1557 1233 declines
1586 1206 1620 1233 et
1648 1205 1758 1233 contra
1786 1214 1876 1234 sacra

223 1255 456 1286 venerabilium
473 1258 600 1296 patrum
616 1256 761 1286 instituta
777 1255 981 1296 episcopatus
998 1255 1134 1295 gratiam
1152 1255 1296 1295 recipere
1314 1265 1439 1295 quei-as,
1457 1254 1590 1285 audiens
1606 1253 1694 1284 illam
1711 1254 1875 1285 desidera-

224 1306 323 1337 bilem
351 1308 465 1337 summi
492 1306 623 1337 iudicisc
651 1317 763 1338 vocem
795 1306 943 1337 dicentis:
975 1305 1092 1347 ‘Euge,
1123 1316 1214 1336 serve
1243 1305 1326 1336 bone
1352 1309 1384 1336 et
1407 1305 1525 1345 fidelis,
1555 1306 1630 1347 quia
1654 1316 1750 1346 super
1773 1317 1876 1346 pauca
1891 1313 2056 1339 Matth.·25,23.

225 1357 312 1388 fuisti
334 1358 452 1394 fidelis,
483 1368 580 1399 supra
603 1359 703 1389 multa
726 1361 757 1389 te
782 1358 986 1393 constituam;
1010 1358 1092 1388 intra
1116 1358 1147 1388 in
1171 1357 1324 1398 gaudium
1348 1357 1478 1388 Domini
1503 1357 1574 1396 tui',
1606 1357 1663 1388 sed
1691 1360 1757 1388 toto
1783 1357 1879 1388 corde

182 1419 207 1437 20
226 1412 357 1450 totaque
386 1410 550 1440 voluntate
575 1409 615 1440 ad
639 1410 796 1451 gremium
821 1409 905 1440 sedis
929 1409 1115 1450 apostolice,
1140 1409 1225 1439 unde
1250 1412 1470 1440 antecessores
1496 1410 1541 1439 tui
1565 1409 1670 1448 divine
1694 1409 1775 1450 legis
1799 1409 1878 1450 dog-

225 1460 333 1491 matad
353 1460 505 1491 melliflua
529 1471 600 1492 cum
624 1471 714 1501 sacre
738 1461 944 1491 institutionis
968 1460 1071 1491 forma
1094 1461 1274 1501 summique
1299 1460 1470 1491 sacerdotii
1494 1460 1649 1491 honorem
1667 1465 1878 1501 sumpserunt,

226 1512 356 1552 redeas,
387 1515 542 1552 quatenus
566 1515 599 1543 et
621 1512 690 1552 ipse
715 1511 756 1542 ab
781 1511 959 1552 apostolica
982 1511 1070 1551 sede,
1096 1521 1157 1552 que
1182 1514 1278 1552 caput
1302 1514 1334 1541 et
1358 1512 1512 1552 magistra
1537 1515 1585 1542 est
1609 1512 1750 1542 omnium
1775 1512 1877 1543 eccle—

225 1565 344 1594 siarum
367 1564 439 1603 Dei,
464 1563 682 1604 episcopalem
699 1564 973 1594 consecrationem
990 1573 1047 1604 per
1064 1566 1169 1603 nostre
1186 1573 1300 1593 manus
1316 1563 1555 1603 impositionem
1573 1562 1699 1594 Christo
1717 1566 1877 1594 annuente

225 1616 395 1656 percipias,
420 1618 577 1655 quatenus
601 1614 777 1645 secundum
800 1615 968 1655 pristinum
991 1625 1114 1645 morem
1138 1615 1238 1645 sancti
1255 1614 1345 1645 Petri
1369 1617 1402 1644 et
1418 1617 1526 1645 nostra
1543 1624 1671 1654 semper
1687 1615 1877 1646 auctoritate

182 1677 206 1696 25
227 1669 323 1707 atque
353 1666 485 1697 tuitione
513 1667 653 1697 munitus
682 1665 836 1707 populum
860 1665 989 1697 Domini
1019 1665 1076 1696 tibi
1100 1666 1305 1696 commissum
1330 1668 1459 1696 strenue
1484 1676 1521 1696 ac
1546 1666 1701 1697 securiter
1724 1676 1818 1707 regas
1847 1670 1879 1698 et

217 1717 255 1747 'in
279 1721 453 1758 conspectu
476 1718 633 1748 Altissimi
654 1718 784 1749 veniens
802 1718 910 1748 venias
931 1728 1001 1748 cum
1024 1717 1222 1748 exultatione
1246 1720 1377 1758 portans
1399 1717 1580 1758 manipulos
1597 1720 1686 1748 tuose
1703 1717 1875 1758 dicereque
1892 1728 1919 1750 cf.
1936 1729 1970 1749 ΡΞ.
1984 1730 2028 1753 111⁵,
2040 1731 2058 1749 e.

224 1768 362 1800 Domino
391 1770 493 1810 possis
523 1772 669 1800 ovanter:
698 1768 797 1800 ‘Ecce
823 1779 883 1810 ego
914 1771 946 1800 et
974 1770 1080 1810 pueri,
1108 1779 1188 1810 quos
1212 1769 1308 1799 michi
1335 1769 1473 1809 deffisti‘,
1506 1772 1537 1799 et
1561 1769 1601 1800 ob
1626 1769 1686 1799 hoc
1711 1779 1781 1799 cum
1806 1769 1876 1799 Deo
1892 1780 1993 1804 Issus,

224 1821 333 1852 valeas
357 1822 424 1852 sine
447 1821 509 1852 fine
534 1821 688 1862 gaudere.

328 1882 423 1906 DATA
441 1882 498 1906 VII.
518 1882 576 1906 DIE
599 1883 722 1907 MENSIS
745 1883 842 1913 IUNII,
862 1882 1062 1908 INDICTIONE
1080 1883 1136 1906 XII.

1020 2071 1089 2101 192.

183 2147 209 2166 30
336 2132 494 2163 Iohannes
513 2132 609 2164 VIII.
620 2144 710 2173 papa
729 2134 915 2166 Michaeam
938 2146 1037 2175 reyem
1052 2134 1268 2175 Balyarorum
1284 2137 1393 2172 monet,
1418 2137 1454 2166 ut
1469 2135 1512 2165 acl
1527 2134 1706 2166 Romanam
1722 2134 1880 2165 ecclesiam

227 2183 335 2214 redeat
350 2185 387 2220 et,
407 2183 437 2214 si
451 2183 592 2222 voluerit,
607 2195 668 2223 per
683 2185 812 2217 latorem
821 2187 1041 2225 praesentium
1057 2186 1232 2217 Iohannem
1248 2187 1265 2226 (
1272 2186 1434 2227 Venetam)
1446 2186 1662 2226 presbyterum
1677 2185 1738 2216 sibe·
1756 2196 1879 2216 reman—

228 2234 305 2265 dare
328 2237 423 2265 curet.
1589 2237 1652 2268 879
1675 2236 1749 2268 Iun.
1763 2238 1791 2268 8.

341 2293 416 2320 00(Ζ.;
446 2293 472 2320 R
490 2296 511 2328 f.
527 2298 555 2320 74
573 2303 599 2320 η.
613 2298 666 2321 193.

332 2344 418 2371 Edd.:
445 2344 541 2371 Editio
554 2346 678 2372 Romame
690 2345 845 2381 (1591)¹III,
860 2351 908 2374 424
928 2352 1019 2375 n.189.
1050 2348 1145 2374 Mafnsi
1165 2347 1240 2374 Cone.
1253 2348 1310 2374 coll.
1326 2347 1423 2380 XVII,
1437 2351 1486 2374 128
1504 2351 1599 2374 ·n.189.
1618 2347 1727 2388 ’Illique
1743 2347 1819 2373 Patr,
1834 2346 1879 2372 lat.

185 2396 210 2415 35
232 2387 370 2420 CXXVI,
388 2391 440 2414 843
457 2397 484 2414 a.
498 2392 554 2415 231.
574 2404 606 2408 —-
627 2389 700 2421 Jaffei
718 2390 782 2424 Ray.
798 2394 862 2417 3261
881 2390 984 2425 (2480).

405 2468 554 2493 DILECTO
572 2468 616 2492 AC
639 2469 809 2494 SPIRITALI
831 2471 923 2495 FILIO
945 2471 1142 2495 MICHAHELI
1165 2470 1333 2495 GLORIOSO
1356 2471 1437 2494 REGI
1462 2470 1707 2494 UULGARORUM.

338 2525 464 2561 Quante
488 2528 618 2568 pietatis
643 2531 675 2559 et
698 2529 912 2560 miserationis
929 2540 984 2569 sue
1001 2530 1152 2570 largitate
1170 2540 1225 2560 vos
1242 2530 1444 2570 omnipotens
1460 2529 1549 2560 Deus
1567 2528 1725 2568 dilexerit,
1750 2536 1878 2558 narrare

230 2576 320 2617 quisa
343 2578 493 2618 sufficiat,
523 2580 685 2611 carissime
708 2580 769 2620 fili,
795 2581 921 2622 quando
946 2591 1003 2623 per
1027 2581 1218 2612 infusionem
1242 2581 1343 2612 sancti
1367 2580 1504 2621 Spiritus
1532 2581 1579 2610 sui
1607 2580 1638 2610 in
1662 2589 1715 2610 cor
1738 2582 1878 2609 vestrum

334 2687 391 2714 191.
420 2689 443 2721 a)
463 2697 571 2715 DILECTO
591 2691 622 2717 R.
712 2691 736 2725 b)
756 2693 782 2717 in
801 2702 853 2718 ras.
873 2694 904 2718 R.
994 2694 1017 2725 θ)
1035 2695 1132 2719 iudices
1152 2694 1183 2719 R.
1272 2692 1296 2725 d)
1315 2698 1357 2718 -ta
1376 2693 1402 2717 in
1421 2702 1472 2717 ras.
1493 2692 1524 2716 R.
1614 2692 1635 2723 Ψ)
1655 2693 1681 2716 in
1700 2700 1750 2716 ras.
1774 2691 1802 2715 Ιί-

185 2746 211 2764 40
333 2739 390 2765 192.
419 2740 441 2773 a)
460 2751 477 2774 q
495 2742 526 2767 B.

335 2815 359 2848 1)
378 2815 484 2842 ‘Nona'
501 2818 532 2843 in
548 2818 698 2847 Dalmatia.
786 2822 812 2850 2)
839 2821 962 2853 Venetas,
982 2823 1016 2854 cf.
1036 2829 1063 2846 n.
1078 2824 1131 2852 190,
1148 2829 1176 2854 p.
1192 2824 1236 2847 152
1254 2822 1345 2845 annot.
1359 2823 1381 2845 2.

336 2874 487 2900 Emsromn
504 2875 565 2901 VII.
1640 2872 1673 2897 20
