2189 3042
284 134 346 163 430
491 127 685 155 ANASTASII
704 126 1004 154 BIBLIOTHECARII
1022 126 1223 154 EPISTOLAE
1241 126 1322 153 SIVE
1341 126 1618 154 PRAEFATIONES
1635 127 1728 155 1213.

281 216 462 247 traderemfl
496 214 654 255 eloquiob.
712 213 798 245 Sed0
831 214 1035 245 considerata
1069 213 1250 255 imperitia⁰
1284 213 1469 245 scientiolae
1505 223 1598 245 meae
1634 214 1772 255 primum
1804 215 1935 256 quidem

279 265 362 298 hocd
386 265 520 306 aggredi
551 269 632 296 non*
664 266 873 306 praesumpsi.
918 264 1045 297 Deinde
1076 262 1170 296 veros
1194 265 1402 306 paternitatis
1430 267 1506 296 tuae
1537 265 1746 297 inoboediens
1776 275 1934 307 apparere

280 317 464 358 refugiens&
486 316 578 357 parui
603 318 636 347 et
659 316 745 358 quod
768 316 885 347 iussisti
910 317 1043 348 caelitus
1067 316 1195 348 adiutus
1220 317 1358 357 explevi,
1383 316 1519 348 mallens
1542 316 1663 358 penesh
1687 316 1799 348 doctos
1823 317 1862 348 de
1886 318 1935 348 in-

280 370 415 400 scientia
438 367 630 409 reprehendi
647 378 743 409 quani
760 367 859 409 apudi
876 369 1104 409 paternitatem
1128 367 1239 399 tuamk
1255 379 1312 409 pro
1337 368 1577 400 inoboedientia
1594 368 1761 409 culpabilis
1780 369 1935 409 exhiberi,

280 421 469 461 praesertim
499 430 570 450 cum
600 420 752 451 sanctitas
782 419 851 450 tua¹
874 421 906 450 in
929 424 1070 451 amorem
1093 422 1268 460 martyrum
1292 420 1431 461 flagrans
1455 430 1517 451 non
1540 420 1785 460 rusticitatem¹¹‚
1817 431 1880 462 qua
1904 423 1937 451 et

280 472 464 513 apostolos*
494 475 568 502 ante
592 471 794 502 vocationem
825 481 887 502 non
920 471 1060 502 caruisse
1087 471 1292 502 manifestum
1317 474 1400 512 est¹¹‚
1433 471 1490 503 sed
1522 472 1700 512 triumphos
1729 482 1851 511 eorum,
1882 473 1936 513 qui

280 526 344 554 exl'
367 524 437 564 ipsa
461 523 564 553 minus
586 522 709 554 urbana
732 523 847 564 peritia
871 526 1043 564 utcumque
1075 523 1167 554 sciri‘¹
1192 525 1352 564 possuntt,
1377 523 1542 554 attendat⁸
1567 526 1600 554 et
1623 523 1665 554 ad
1692 524 1935 555 venerationem

280 574 453 606 multorum
478 574 662 606 enucleatos
691 573 813 606 habere
838 574 1010 606 desideret.
1058 574 1148 605 Bene
1172 574 1282 606 valens
1306 574 1424 605 diutius
1447 575 1480 606 in
1503 574 1643 606 Domino
1674 575 1849 616 paternitas
1880 578 1936 606 tua

279 636 336 669 pro
361 626 452 658 nobis
475 636 567 657 orare
592 625 749 667 dignetur.

639 685 754 717 Sume*
777 688 870 728 pater
893 686 1038 727 placidus
1063 687 1236 718 multorum
1259 689 1351 728 gesta
1373 687 1509 728 piorum,

642 737 794 770 Rusticus
818 749 859 770 ex
882 741 973 770 tomo
998 739 1140 770 calamus
1164 749 1247 780 quae
1271 739 1365 769 vertit
1388 738 1513 770 Achivo
1522 738 1548 769 ’ἢ

1086 920 1135 950 13.

389 978 585 1010 Anastasius
612 977 862 1010 bibliothecarius
885 978 1006 1010 Karolo
1034 978 1160 1020 (Calvo)
1187 979 1371 1018 imperatori
1398 978 1518 1019 scripta
1540 978 1693 1021 Dionysii
1717 979 1937 1019 Areopayitae,

279 1040 359 1071 quae
381 1029 540 1062 Iohannes
563 1029 674 1062 Scotus
696 1030 812 1062 Latine
833 1032 976 1069 verterat,
997 1029 1108 1071 glossis
1129 1033 1159 1062 et
1181 1041 1219 1062 ex
1242 1030 1375 1063 Graecis
1398 1030 1694 1070 interpretatoribus
1716 1031 1888 1071 desumptis
1910 1033 1938 1063 et

281 1092 320 1113 ex
341 1091 397 1113 sao
420 1081 540 1113 additis
562 1083 657 1113 aucta
679 1081 785 1113 mittit.
1591 1081 1655 1113 875
1678 1082 1781 1114 Mart.
1798 1083 1850 1114 23.

385 1149 479 1176 Codcl.:
504 1149 580 1176 Rern
593 1153 622 1176 19
641 1149 793 1182 (s.XsX1.)
810 1150 834 1183 f.
847 1154 870 1182 1,
899 1150 933 1182 cf.
947 1150 984 1177 H.
1000 1150 1096 1184 Hayen
1117 1150 1203 1178 Catal.
1224 1150 1300 1178 codd.
1314 1151 1427 1177 Bernen.
1442 1159 1472 1184 p.
1486 1154 1523 1182 12,
1547 1153 1617 1178 cont.
1637 1151 1663 1178 Ι.
1683 1150 1812 1177 Sebwalm
1831 1150 1874 1182 (=
1890 1150 1935 1183 B),

278 1201 392 1228 quocum
409 1193 525 1218 maxime
550 1192 693 1218 coneordat
711 1192 864 1218 Avranehes
889 1192 964 1225 (olim
980 1201 1002 1220 s.
1017 1193 1159 1219 Michaelis
1184 1193 1215 1219 in
1236 1193 1358 1226 periculo
1380 1194 1475 1227 maris)
1499 1197 1534 1220 47
1552 1194 1583 1227 (s.
1600 1193 1686 1225 XII.)
1710 1195 1729 1226 f.
1743 1196 1768 1226 3,
1788 1195 1823 1227 ef.
1836 1193 1936 1219 ‘Catal⁸

278 1237 388 1271 general
404 1236 448 1262 des
461 1235 527 1262 Mss.
538 1234 659 1268 De'part.³
673 1235 715 1267 (in
729 1238 745 1262 8
754 1235 775 1268 ⁰)
789 1235 826 1268 X,
837 1239 878 1268 23,
896 1238 966 1262 cont.
976 1235 1010 1261 E.
1022 1236 1109 1262 Perels
1127 1238 1169 1269 (=
1185 1236 1213 1262 B
1224 1239 1264 1270 1);
1291 1237 1385 1263 Berlin
1399 1236 1525 1271 Phillipp.
1540 1237 1585 1263 lat.
1601 1241 1666 1264 1668
1686 1236 1772 1269 (Rose
1783 1237 1828 1269 46)
1842 1237 1874 1269 (s.
1888 1236 1939 1269 X.)

279 1282 300 1314 f.
315 1280 349 1312 1⁴,
359 1282 429 1306 cont.
441 1278 570 1305 &Laehr
582 1279 627 1310 (=
636 1278 701 1311 Ph),·
724 1277 984 1305 Florent.Laurent.
996 1279 1069 1306 Plut.
1081 1279 1255 1306 LXXXIX
1271 1288 1330 1313 sup.
1340 1284 1369 1307 15
1381 1279 1412 1313 (s.
1425 1280 1567 1314 X.-XI.)
1577 1281 1597 1314 f.
1608 1285 1630 1309 1.
1648 1282 1684 1314 cf.
1697 1280 1730 1306 L.
1741 1279 1896 1306 Bethmann
1908 1279 1940 1305 in

279 1322 398 1350 ‘Archiv’
411 1322 481 1354 XII,
494 1325 547 1355 722,
572 1324 641 1348 omit.
656 1321 692 1348 E.
703 1321 791 1348 Perels
810 1322 853 1354 (=
866 1322 905 1355 F)
912 1333 922 1353 ,-
945 1321 1052 1355 Oxford
1065 1322 1103 1349 St.
1114 1322 1188 1349 John
1200 1326 1247 1349 128
1265 1324 1297 1356 (s.
1309 1323 1375 1357 XI.)
1393 1324 1414 1356 f.
1428 1328 1449 1355 1,
1468 1323 1506 1355 ef.
1518 1323 1555 1350 H.
1569 1323 1598 1350 O.
1612 1323 1680 1350 Coae
1694 1322 1779 1350 Gatal.
1792 1322 1864 1349 codd.
1878 1330 1938 1349 mss.

280 1367 327 1401 qui
344 1366 375 1392 in
393 1365 507 1399 collegatis
526 1365 648 1398 aulisque
665 1364 860 1392 oxoniensibus
879 1365 956 1392 hodie
974 1365 1155 1392 adservantur
1169 1365 1209 1392 II
1219 1368 1310 1400 (1852)
1324 1374 1393 1400 pars
1409 1366 1453 1392 VI
1465 1375 1495 1401 p.
1508 1369 1550 1400 38,
1568 1369 1639 1393 cont.
1654 1366 1690 1392 K.
1701 1366 1808 1399 Hanffe
1826 1366 1870 1398 (=
1888 1365 1936 1399 0),-

285 1409 307 1436 Ο
324 1409 464 1435 nonnullis
488 1408 551 1434 locis
573 1416 658 1434 manu
675 1415 741 1435 saec.
757 1408 828 1435 XII.
847 1411 978 1435 correctus
997 1412 1048 1441 est,'
1072 1417 1104 1435 ea:
1122 1417 1151 1435 eo
1169 1412 1285 1436 correcto
1302 1409 1436 1436 den'vatus
1454 1411 1492 1435 est
1513 1409 1618 1442 Oxford
1636 1409 1777 1436 Bodleian.
1790 1417 1802 1435 e
1822 1408 1936 1434 Musaeo

279 1461 307 1479 n.
325 1455 374 1478 134
393 1452 466 1485 (148)
488 1452 518 1485 (s.
536 1451 633 1484 XIII.)
649 1459 678 1484 p.
693 1455 714 1483 1,
738 1459 768 1477 c..
782 1451 908 1478 Bernard
928 1451 1011 1478 Catal.
1030 1452 1088 1478 libr.
1108 1460 1168 1479 mss.
1182 1452 1300 1487 Anytiae
1325 1455 1348 1479 et
1368 1453 1515 1479 Hiberniae
1533 1453 1556 1486 1,
1571 1457 1584 1479 1
1602 1454 1690 1486 (1697)
1713 1461 1741 1486 1³·
1757 1455 1802 1478 172
1823 1460 1851 1478 n.
1866 1455 1938 1484 3614,

281 1498 350 1522 cont.
369 1495 412 1521 W.
426 1494 538 1521 Levison
562 1495 606 1526 (=
626 1493 694 1526 01),·
723 1494 887 1528 Carpentras
910 1498 943 1521 32
967 1497 998 1526 (s.
1019 1496 1103 1529 XII.)
1128 1496 1149 1528 f.
1169 1499 1211 1527 92,
1238 1496 1273 1527 ef.
1285 1495 1384 1522 ‘Gatal
1402 1495 1512 1529 general
1534 1495 1580 1522 des
1598 1495 1665 1523 Mss.
1679 1494 1800 1528 Depart?
1819 1495 1861 1528 (in
1888 1495 1936 1527 8⁰)

283 1538 430 1569 XXXIV,
443 1541 484 1569 20,
503 1539 572 1563 cont.
588 1537 623 1562 E.
637 1536 724 1563 Perels
742 1538 787 1569 (=
803 1537 850 1568 0)‚·
866 1538 947 1572 Lyon
962 1538 1152 1571 ‘szliothbque
1179 1539 1210 1564 de
1237 1539 1264 1564 la
1290 1538 1358 1565 ‘ville’
1376 1542 1428 1565 598
1453 1541 1523 1571 (512)
1548 1539 1580 1571 (s.
1597 1539 1681 1573 XII.)
1706 1539 1728 1571 f.
1742 1543 1763 1571 1,
1790 1538 1826 1570 ef.
1837 1537 1936 1564 ‘0atal.

279 1581 388 1614 qeneral
407 1580 451 1606 cles
470 1580 537 1606 Mss.
550 1579 674 1613 Depart?
692 1579 737 1612 (in
754 1581 802 1613 8⁰)
823 1579 922 1613 XXX,
936 1584 989 1613 153,
1007 1584 1074 1608 cont.
1088 1581 1207 1614 Leopold
1225 1581 1312 1608 Perels
1330 1589 1375 1615 (=
1389 1582 1426 1614 L)
1432 1592 1441 1614 ‚·
1465 1582 1555 1609 Paris.
1575 1582 1621 1608 lat.
1641 1585 1703 1608 2612
1729 1583 1760 1615 (s.
1777 1581 1866 1607 XIII.
1885 1580 1936 1614 in.)

279 1627 301 1658 f.
316 1626 353 1657 1¹,
371 1625 406 1658 cf.
420 1623 457 1650 K.
472 1623 578 1656 Hampe
595 1622 625 1648 in
641 1622 740 1648 ‘Neues
758 1622 866 1649 Archiv'
883 1623 1004 1656 XXIII,
1018 1627 1077 1656 630,
1096 1626 1164 1651 cont.
1177 1624 1284 1657 Hampe
1302 1625 1344 1658 (=
1360 1625 1403 1657 P).
1423 1640 1456 1643 —
1475 1624 1540 1651 Non
1558 1624 1675 1651 adhibiti
1692 1627 1757 1651 suut
1774 1624 1803 1650 Iti
1821 1623 1938 1650 codices:

280 1666 339 1693 Vat.
359 1667 405 1693 lat.
426 1670 473 1692 176
491 1670 522 1698 (s.
544 1664 637 1698 XIV.)
656 1667 677 1700 f.
698 1667 722 1691 1¹
741 1667 765 1692 et
784 1669 829 1692 177
845 1666 879 1699 (s.
900 1666 1121 1700 XIII—XIV.)
1146 1668 1166 1701 f.
1181 1670 1211 1698 2,-
1237 1667 1293 1693 Vat.
1313 1666 1398 1693 Urbin
1410 1668 1456 1694 lat.
1476 1671 1508 1693 62
1525 1667 1556 1700 (s.
1573 1667 1655 1694 XIV.
1673 1667 1727 1700 in.)
1751 1668 1773 1700 f.
1786 1669 1825 1697 12·
1849 1666 1936 1692 Venet.

281 1711 370 1737 Marc.
383 1709 453 1742 LII,
463 1713 494 1736 26
507 1709 603 1742 (Class.
614 1708 679 1740 VII,
690 1710 714 1740 1)
725 1709 757 1741 (s.
769 1709 877 1742 XIII),
896 1717 961 1743 quos
979 1709 1096 1743 inspeoeit
1109 1710 1144 1737 E.
1155 1710 1254 1743 Perels;
1275 1709 1360 1736 Tours
1372 1713 1423 1737 338
1441 1710 1515 1743 (olim
1534 1718 1554 1736 s.
1570 1710 1702 1736 Gratiani
1716 1710 1773 1740 118)
1796 1711 1829 1742 (s.
1840 1709 1938 1741 XIII.)

280 1755 300 1787 f.
311 1756 352 1784 33,
364 1752 504 1784 cfi‘Catal.
515 1751 623 1786 general
634 1751 680 1778 des
692 1752 758 1778 Mss.
768 1751 891 1785 De'part.’
901 1751 943 1785 (in
954 1752 998 1785 8⁰)
1014 1752 1174 1785 XXXVII,
1185 1756 1243 1784 257³·
1258 1752 1388 1779 Toulouse
1402 1757 1446 1780 150
1458 1756 1490 1786 (s.
1503 1753 1610 1786 XIII),
1623 1753 1764 1787 cfi‘Oatal.
1772 1752 1881 1786 qe'neml
1892 1752 1938 1778 des

283 1796 348 1822 Mss.
360 1794 483 1828 Depart?
495 1795 538 1827 (in
550 1796 596 1827 4⁰)
622 1794 687 1826 VII,
698 1798 745 1825 68,·
762 1794 844 1821 Paris
862 1796 908 1821 lat.
919 1798 981 1822 1618
997 1797 1029 1825 (s.
1042 1794 1134 1828 XII.),
1149 1799 1209 1822 1619
1228 1796 1260 1829 (s.
1273 1795 1376 1828 XIV),
1398 1799 1425 1822 15
1434 1799 1481 1822 629
1498 1796 1530 1828 (s.
1547 1796 1655 1828 XIII),
1673 1799 1703 1822 15
1715 1799 1765 1823 687
1781 1799 1812 1829 (s.
1826 1794 1936 1828 XIII),

280 1843 312 1865 17
319 1842 367 1866 341
384 1839 414 1871 (s.
430 1838 538 1871 XIII),
558 1841 648 1864 18105
667 1838 698 1870 (s.
714 1837 824 1870 XIII),
844 1837 878 1869 cf.
896 1837 981 1872 Thery
999 1838 1030 1863 in
1046 1838 1146 1865 ‘Revue
1164 1838 1300 1865 d'histoire
1317 1838 1520 1871 eccle'sia‘stique’
1534 1839 1620 1872 XXI,
1634 1843 1680 1871 455
1707 1838 1791 1865 Paris
1808 1838 1892 1866 ‘Bibi
1906 1838 1938 1864 (le

281 1880 428 1908 Z'Arsenal’
442 1884 492 1908 349
510 1882 541 1913 (s.
557 1880 653 1913 XIII.)
671 1881 691 1914 f.
705 1883 762 1912 128,
781 1883 816 1912 cf.
827 1880 930 1907 ‘Catal
941 1880 1048 1914 general
1064 1881 1109 1907 des
1124 1881 1188 1908 Mss.
1202 1881 1290 1914 Paris,
1309 1881 1379 1908 Bibl.
1392 1881 1423 1907 de
1442 1881 1585 1908 l’Arsenal’
1598 1881 1623 1914 Ι,
1639 1885 1694 1909 213.

384 1932 470 1959 Edit:
488 1932 610 1959 Usserius
622 1932 743 1958 Veterum
751 1932 924 1965 epistolarum
935 1932 1144 1959 Hiberniearum
1153 1933 1251 1968 sylloge
1261 1933 1349 1966 (1632)
1355 1941 1383 1965 p.
1393 1938 1424 1960 45
1437 1945 1469 1955 =
1480 1934 1574 1967 Miyne
1586 1933 1660 1960 Patr.
1671 1934 1717 1960 lat.
1731 1933 1869 1966 CXXIX,
1882 1937 1938 1962 739.

283 1976 364 2003 Floss
384 1976 460 2010 apud
479 1975 574 2010 Miqne
592 1975 669 2002 Patr.
682 1975 729 2002 lat.
745 1974 870 2008 CXXII,
885 1978 950 2002 1026
968 1983 1000 2002 ex
1018 1975 1048 2002 F
1065 1976 1186 2003 adhibila
1204 1975 1319 2002 editione
1342 1976 1496 2004 Usseriana.

391 2114 416 2147 ²⁸²)
436 2113 591 2147 Sequuntur
611 2113 642 2139 in
659 2114 686 2139 B
702 2115 726 2140 et
746 2113 804 2139 01:
833 2113 958 2147 Explicit
984 2114 1122 2149 prologus.
1159 2114 1264 2148 Incipit
1289 2114 1394 2148 passim
1419 2114 1450 2140 ‘in
1472 2114 1532 2141 02.-
1558 2113 1633 2140 Finit
1658 2114 1797 2148 prologus.
1835 2114 1939 2149 Incipit

436 2156 542 2190 passio;
568 2156 599 2182 in
620 2155 684 2182 03:
708 2156 814 2190 Incipit
837 2156 931 2190 passio
955 2159 1115 2184 sanctorum
1138 2159 1292 2191 martyrum
1311 2157 1428 2184 Achacii
1452 2157 1630 2192 primicherii
1658 2159 1687 2184 et
1707 2157 1834 2185 Heliadis
1860 2158 1938 2185 ducis

437 2201 466 2226 et
486 2199 623 2225 Theodori
642 2199 771 2234 magistri
789 2199 911 2226 militum
931 2202 959 2227 et
978 2201 1097 2228 Carterii
1117 2201 1333 2235 campidoctoris
1352 2209 1404 2228 con
1425 2201 1509 2228 sociis
1535 2209 1630 2228 eorum
1649 2201 1676 2227 X
1693 2201 1781 2229 milia.
1819 2201 1878 2235 Quo,
1897 2202 1939 2228 est

438 2242 510 2268 Χπῑ]ο
530 2242 567 2268 kl.
581 2241 655 2268 Iulii.

385 2321 408 2353 ⁸)
427 2321 463 2346 sie
483 2320 510 2352 Ο,
524 2320 573 2352 01,
590 2320 649 2350 02,·
666 2321 826 2346 traderemus
844 2321 876 2352 B,
891 2321 915 2345 B
926 2324 951 2351 1;
969 2322 1126 2348 traderemus
1144 2323 1237 2348 Latino
1258 2322 1310 2348 03.
1380 2322 1406 2355 b)
1424 2323 1465 2348 liic
1483 2322 1586 2355 explicit
1603 2322 1630 2348 0.
1702 2322 1724 2355 ⁰)
1745 2323 1818 2354 Quod
1832 2323 1865 2354 B,
1877 2323 1942 2352 131,-

278 2373 330 2397 pro
349 2365 578 2397 Sed—imperitia
595 2364 688 2389 habent
708 2363 820 2390 01—3:
849 2365 897 2390 Sed
916 2366 1078 2391 considerans
1097 2374 1144 2398 ego
1162 2367 1323 2399 imperitiam.
1408 2365 1432 2398 d)
1450 2367 1499 2392 hoe
1518 2367 1621 2398 quidem
1641 2365 1664 2391 0
1669 2368 1693 2392 3.
1776 2365 1798 2398 θ)
1818 2375 1866 2392 om.
1882 2367 1938 2392 03.

282 2406 300 2438 f)
318 2407 412 2432 dehinc
430 2405 502 2439 (vero
520 2406 581 2439 om.)
601 2406 656 2432 03.
741 2405 767 2439 8)
781 2416 832 2440 pro
851 2409 1174 2442 paternitati-refugiens
1193 2409 1286 2434 habent
1306 2408 1418 2435 01—3:
1439 2413 1484 2440 tue
1501 2410 1650 2442 paternitati
1668 2410 1799 2443 refugiens
1817 2417 1939 2442 apparere

282 2450 438 2475 inobediens.
497 2449 524 2482 h)
543 2458 608 2483 pene
625 2451 693 2483 apud
707 2449 765 2482 015
782 2451 852 2483 apud
867 2450 889 2475 O'
899 2453 922 2477 2.
974 2450 993 2484 i)
1012 2453 1039 2477 in
1051 2461 1104 2477 ras.
1118 2452 1156 2481 B,·
1175 2461 1222 2477 om.
1238 2452 1260 2477 0
1270 2454 1294 2477 3.
1357 2451 1383 2484 k)
1402 2456 1472 2477 tuam
1491 2453 1673 2485 paternitatem
1687 2451 1764 2477 01—
1773 2453 1796 2478 3.
1855 2450 1875 2484 l)
1894 2456 1940 2478 tua

282 2494 407 2518 sanctitas
422 2493 525 2518 01—3.
602 2492 635 2525 ¹³³)
654 2502 720 2518 corr.
734 2502 764 2519 ex
782 2502 852 2519 more
864 2494 904 2524 B:
921 2503 1033 2520 amorem
1052 2496 1143 2520 horum
1158 2494 1209 2521 03.
1280 2494 1305 2527 ¹¹)
1323 2504 1372 2528 pro
1390 2495 1647 2521 rusticitatem—est
1665 2495 1758 2520 liabent
1778 2495 1820 2520 01
1838 2500 1861 2521 et
1880 2494 1902 2520 0
1911 2496 1939 2521 3:

282 2536 452 2561 rusticitatem
464 2537 577 2562 attendat
589 2537 680 2569 lingue
692 2537 827 2570 peregrine
838 2537 984 2570 (peregrine
995 2538 1086 2570 lingue
1099 2538 1121 2563 0
1130 2538 1158 2571 3)
1177 2539 1384 2564 transformatam
1398 2539 1424 2564 in
1435 2539 1530 2564 Athica
1548 2539 1699 2570 loquutione
1712 2537 1855 2571 (Atthicam
1869 2538 1940 2564 locu-

283 2579 378 2604 tionem
399 2578 421 2604 0
430 2578 458 2611 3)
464 2588 472 2609 ,·
492 2579 514 2604 0
524 2582 553 2604 2.·
570 2580 738 2605 rusticitatem
756 2581 872 2606 attendat
888 2581 979 2613 lingue
997 2583 1204 2607 transformatam
1223 2590 1256 2608 ex
1267 2582 1353 2607 Attica
1369 2582 1499 2607 locutione
1517 2582 1544 2606 in
1556 2582 1684 2608 Latinam.
1781 2581 1806 2613 θ)
1824 2582 1860 2606 sic
1877 2581 1939 2611 131,-

283 2622 427 2654 apostolum
446 2631 513 2648 corr.
526 2631 557 2647 ex
575 2623 705 2656 apostolus
718 2623 749 2648 B.
812 2623 836 2656 Ρ)
856 2627 881 2649 et
896 2623 949 2649 03.
981 2630 983 2633 ·
1012 2624 1036 2656 q)
1053 2625 1118 2650 seire
1130 2624 1162 2656 B,
1179 2624 1200 2649 O
1210 2626 1233 2650 3.
1294 2623 1315 2658 r)
1334 2625 1393 2650 hinc
1411 2615 1490 2658 usqae
1508 2625 1544 2650 ad
1555 2625 1637 2658 finem
1651 2624 1745 2650 01—3
1764 2625 1799 2650 sic
1815 2629 1939 2658 pergunt:

283 2665 444 2690 considerare
462 2664 506 2697 (ex
524 2674 575 2699 qua
593 2670 618 2692 et
636 2667 796 2692 considerare
816 2665 874 2698 02)
893 2667 986 2697 valent,
1011 2668 1120 2699 qualiter
1144 2676 1205 2701 erga.
1230 2668 1322 2693 horum
1346 2671 1493 2693 sanctorum
1519 2668 1710 2694 multitudinem
1736 2669 1875 2693 maximam
1894 2676 1939 2693 ex-

284 2707 390 2733 hibeant
406 2710 605 2742 venerationem,
625 2715 733 2742 quoi-um
752 2708 809 2743 (qui
826 2717 914 2735 eorum
934 2708 991 2743 02)
1011 2711 1146 2743 participes
1169 2719 1225 2736 esse
1243 2711 1270 2736 in
1288 2719 1367 2744 regno
1386 2712 1435 2736 Dei
1453 2719 1553 2744 semper
1571 2719 1599 2737 se
1619 2714 1715 2744 optant.
1753 2712 1822 2737 Bene
1841 2711 1938 2736 diutius

284 2750 372 2775 valeat
389 2754 435 2776 tua
453 2753 593 2785 paternitas
610 2753 638 2778 in
656 2754 765 2779 Domino
783 2761 814 2779 ac
833 2761 877 2786 pro
896 2754 969 2779 nobis
988 2762 1086 2787 semper
1105 2762 1178 2779 orare
1196 2754 1325 2786 dignetur.
1396 2754 1417 2786 ⁵)
1436 2755 1572 2780 attendant
1591 2754 1623 2781 B.
1694 2753 1714 2787 t)
1733 2755 1836 2780 Summe
1854 2753 1887 2779 B.

1965 700 1989 718 10

1966 1163 1990 1183 15

1963 1377 1989 1396 20

1965 1591 1989 1612 25

1965 1806 1990 1826 30

1966 2127 1990 2146 ³5

1965 2376 1991 2395 40

1965 2590 1990 2609 45
