<?xml version="1.0" encoding="UTF-8"?>
<!DOCTYPE html PUBLIC "-//W3C//DTD XHTML 1.0 Transitional//EN"
    "http://www.w3.org/TR/xhtml1/DTD/xhtml1-transitional.dtd">
<html xmlns="http://www.w3.org/1999/xhtml" xml:lang="en" lang="en">
 <head>
  <title>
</title>
<meta http-equiv="Content-Type" content="text/html;charset=utf-8" />
  <meta name='ocr-system' content='tesseract 3.04.00' />
  <meta name='ocr-capabilities' content='ocr_page ocr_carea ocr_par ocr_line ocrx_word'/>
</head>
<body>
  <div class='ocr_page' id='page_1' title='image "./monumentagerman07geseuoft_0187.png"; bbox 0 0 2189 3042; ppageno 0'>
   <div class='ocr_carea' id='block_1_1' title="bbox 152 770 175 789">
    <p class='ocr_par' dir='ltr' id='par_1_1' title="bbox 152 770 175 789">
     <span class='ocr_line' id='line_1_1' title="bbox 152 770 175 789; baseline -0.043 0"><span class='ocrx_word' id='word_1_1' title='bbox 152 770 175 789; x_wconf 74' lang='lat' dir='ltr'>io</span> 
     </span>
    </p>
   </div>
   <div class='ocr_carea' id='block_1_2' title="bbox 151 1027 174 1045">
    <p class='ocr_par' dir='ltr' id='par_1_2' title="bbox 151 1027 174 1045">
     <span class='ocr_line' id='line_1_2' title="bbox 151 1027 174 1045; baseline 0 0"><span class='ocrx_word' id='word_1_2' title='bbox 151 1027 174 1045; x_wconf 81' lang='lat'>15</span> 
     </span>
    </p>
   </div>
   <div class='ocr_carea' id='block_1_3' title="bbox 149 1283 174 1303">
    <p class='ocr_par' dir='ltr' id='par_1_3' title="bbox 149 1283 174 1303">
     <span class='ocr_line' id='line_1_3' title="bbox 149 1283 174 1303; baseline 0 0"><span class='ocrx_word' id='word_1_3' title='bbox 149 1283 174 1303; x_wconf 80' lang='lat'>20</span> 
     </span>
    </p>
   </div>
   <div class='ocr_carea' id='block_1_4' title="bbox 147 1541 173 1561">
    <p class='ocr_par' dir='ltr' id='par_1_4' title="bbox 147 1541 173 1561">
     <span class='ocr_line' id='line_1_4' title="bbox 147 1541 173 1561; baseline -0.038 0"><span class='ocrx_word' id='word_1_4' title='bbox 147 1541 173 1561; x_wconf 77' lang='lat'>25</span> 
     </span>
    </p>
   </div>
   <div class='ocr_carea' id='block_1_5' title="bbox 148 1799 173 1818">
    <p class='ocr_par' dir='ltr' id='par_1_5' title="bbox 148 1799 173 1818">
     <span class='ocr_line' id='line_1_5' title="bbox 148 1799 173 1818; baseline 0 0"><span class='ocrx_word' id='word_1_5' title='bbox 148 1799 173 1818; x_wconf 87' lang='grc'>30</span> 
     </span>
    </p>
   </div>
   <div class='ocr_carea' id='block_1_6' title="bbox 148 2056 171 2075">
    <p class='ocr_par' dir='ltr' id='par_1_6' title="bbox 148 2056 171 2075">
     <span class='ocr_line' id='line_1_6' title="bbox 148 2056 171 2075; baseline 0 0"><span class='ocrx_word' id='word_1_6' title='bbox 148 2056 171 2075; x_wconf 82' lang='lat'>35</span> 
     </span>
    </p>
   </div>
   <div class='ocr_carea' id='block_1_7' title="bbox 146 2484 172 2502">
    <p class='ocr_par' dir='ltr' id='par_1_7' title="bbox 146 2484 172 2502">
     <span class='ocr_line' id='line_1_7' title="bbox 146 2484 172 2502; baseline 0 0"><span class='ocrx_word' id='word_1_7' title='bbox 146 2484 172 2502; x_wconf 82' lang='lat'>40</span> 
     </span>
    </p>
   </div>
   <div class='ocr_carea' id='block_1_8' title="bbox 627 214 1843 248">
    <p class='ocr_par' dir='ltr' id='par_1_8' title="bbox 627 214 1843 248">
     <span class='ocr_line' id='line_1_8' title="bbox 627 214 1843 248; baseline 0.002 -8"><span class='ocrx_word' id='word_1_8' title='bbox 627 214 804 241; x_wconf 85' lang='lat' dir='ltr'>IOHANNIS</span> <span class='ocrx_word' id='word_1_9' title='bbox 824 214 897 241; x_wconf 83' lang='lat' dir='ltr'>VIII.</span> <span class='ocrx_word' id='word_1_10' title='bbox 919 214 1036 240; x_wconf 82' lang='lat' dir='ltr'><strong>PAPAE</strong></span> <span class='ocrx_word' id='word_1_11' title='bbox 1060 214 1256 241; x_wconf 84' lang='lat' dir='ltr'>EPISTOLAE</span> <span class='ocrx_word' id='word_1_12' title='bbox 1282 215 1338 241; x_wconf 86' lang='lat'>196.</span> <span class='ocrx_word' id='word_1_13' title='bbox 1360 215 1416 242; x_wconf 84' lang='lat'><strong>197.</strong></span> <span class='ocrx_word' id='word_1_14' title='bbox 1786 219 1843 248; x_wconf 79' lang='lat'>157</span> 
     </span>
    </p>
   </div>
   <div class='ocr_carea' id='block_1_9' title="bbox 189 319 1843 2191">
    <p class='ocr_par' dir='ltr' id='par_1_9' title="bbox 229 319 1810 479">
     <span class='ocr_line' id='line_1_9' title="bbox 229 319 1810 351; baseline 0.001 -9"><span class='ocrx_word' id='word_1_15' title='bbox 229 319 532 343; x_wconf 71' lang='lat' dir='ltr'>REVERENTissmns</span> <span class='ocrx_word' id='word_1_16' title='bbox 555 319 598 342; x_wconf 82' lang='lat' dir='ltr'>ET</span> <span class='ocrx_word' id='word_1_17' title='bbox 622 319 851 343; x_wconf 72' lang='lat' dir='ltr'>SANCTissnxns</span> <span class='ocrx_word' id='word_1_18' title='bbox 874 320 1044 344; x_wconf 80' lang='lat' dir='ltr'>EPISCOPIS</span> <span class='ocrx_word' id='word_1_19' title='bbox 1064 320 1180 344; x_wconf 56' lang='lat' dir='ltr'>viram</span> <span class='ocrx_word' id='word_1_20' title='bbox 1203 321 1390 351; x_wconf 64' lang='lat' dir='ltr'>IADRANSD,</span> <span class='ocrx_word' id='word_1_21' title='bbox 1414 321 1583 346; x_wconf 74' lang='lat' dir='ltr'>Dominico</span> <span class='ocrx_word' id='word_1_22' title='bbox 1606 320 1810 346; x_wconf 75' lang='lat' dir='ltr'>ABSARENSI2</span> 
     </span>
     <span class='ocr_line' id='line_1_10' title="bbox 230 361 1810 400; baseline 0.002 -16"><span class='ocrx_word' id='word_1_23' title='bbox 230 361 459 391; x_wconf 57' lang='lat' dir='ltr'>CETERISQUEa</span> <span class='ocrx_word' id='word_1_24' title='bbox 484 361 654 385; x_wconf 80' lang='lat' dir='ltr'>EPISCOPIS</span> <span class='ocrx_word' id='word_1_25' title='bbox 686 362 900 387; x_wconf 76' lang='lat' dir='ltr'>DALMATINIS</span> <span class='ocrx_word' id='word_1_26' title='bbox 935 363 997 387; x_wconf 78' lang='lat' dir='ltr'>SEU</span> <span class='ocrx_word' id='word_1_27' title='bbox 1026 363 1171 387; x_wconf 88' lang='lat' dir='ltr'>IOHANNI</span> <span class='ocrx_word' id='word_1_28' title='bbox 1198 364 1524 389; x_wconf 72' lang='lat' dir='ltr'>ARCHlPRESBYTERO</span> <span class='ocrx_word' id='word_1_29' title='bbox 1552 364 1683 400; x_wconf 61' lang='lat' dir='ltr'>SANC&#39;H}</span> <span class='ocrx_word' id='word_1_30' title='bbox 1716 364 1810 388; x_wconf 77' lang='lat' dir='ltr'>SEDIS</span> 
     </span>
     <span class='ocr_line' id='line_1_11' title="bbox 273 403 1766 438; baseline 0.002 -10"><span class='ocrx_word' id='word_1_31' title='bbox 273 403 507 438; x_wconf 58' lang='lat' dir='ltr'>SALONITAngss</span> <span class='ocrx_word' id='word_1_32' title='bbox 529 403 750 435; x_wconf 74' lang='lat' dir='ltr'>OMNIBUSQUE</span> <span class='ocrx_word' id='word_1_33' title='bbox 774 405 1028 429; x_wconf 74' lang='lat' dir='ltr'>SACERDOTIBUS</span> <span class='ocrx_word' id='word_1_34' title='bbox 1053 406 1096 429; x_wconf 87' lang='lat' dir='ltr'>ET</span> <span class='ocrx_word' id='word_1_35' title='bbox 1119 406 1317 430; x_wconf 75' lang='lat' dir='ltr'>SENIORIBUS</span> <span class='ocrx_word' id='word_1_36' title='bbox 1340 407 1465 431; x_wconf 86' lang='lat' dir='ltr'>POPULI</span> <span class='ocrx_word' id='word_1_37' title='bbox 1489 408 1766 431; x_wconf 75' lang='lat' dir='ltr'>HABITATORIBUS</span> 
     </span>
     <span class='ocr_line' id='line_1_12' title="bbox 341 446 1699 479; baseline 0.003 -9"><span class='ocrx_word' id='word_1_38' title='bbox 341 447 569 471; x_wconf 77' lang='lat' dir='ltr'>SPALATENSIS</span> <span class='ocrx_word' id='word_1_39' title='bbox 591 446 780 470; x_wconf 58' lang='lat' dir='ltr'>ClVITATIS*</span> <span class='ocrx_word' id='word_1_40' title='bbox 799 448 914 478; x_wconf 80' lang='lat' dir='ltr'><strong>ATQUE</strong></span> <span class='ocrx_word' id='word_1_41' title='bbox 937 449 1164 472; x_wconf 75' lang='lat' dir='ltr'><strong>ZADARENSIS⁵</strong></span> <span class='ocrx_word' id='word_1_42' title='bbox 1183 448 1479 479; x_wconf 78' lang='lat' dir='ltr'>CETERARUMQUEb</span> <span class='ocrx_word' id='word_1_43' title='bbox 1499 450 1699 474; x_wconf 78' lang='lat' dir='ltr'>CIVITATUM.</span> 
     </span>
    </p>

    <p class='ocr_par' dir='ltr' id='par_1_10' title="bbox 189 500 1843 2191">
     <span class='ocr_line' id='line_1_13' title="bbox 301 500 1842 546; baseline 0.003 -14"><span class='ocrx_word' id='word_1_44' title='bbox 301 501 461 532; x_wconf 77' lang='lat' dir='ltr'>Pastorali</span> <span class='ocrx_word' id='word_1_45' title='bbox 485 500 696 531; x_wconf 86' lang='lat' dir='ltr'>sollicitudine</span> <span class='ocrx_word' id='word_1_46' title='bbox 720 502 799 531; x_wconf 88' lang='lat' dir='ltr'>moti</span> <span class='ocrx_word' id='word_1_47' title='bbox 823 511 878 531; x_wconf 84' lang='lat' dir='ltr'>vos</span> <span class='ocrx_word' id='word_1_48' title='bbox 903 502 993 542; x_wconf 87' lang='lat' dir='ltr'>quasi</span> <span class='ocrx_word' id='word_1_49' title='bbox 1014 507 1106 532; x_wconf 81' lang='lat' dir='ltr'>ovesc</span> <span class='ocrx_word' id='word_1_50' title='bbox 1122 502 1307 534; x_wconf 85' lang='lat' dir='ltr'>Dominicas</span> <span class='ocrx_word' id='word_1_51' title='bbox 1324 504 1415 534; x_wconf 90' lang='lat' dir='ltr'>nobis</span> <span class='ocrx_word' id='word_1_52' title='bbox 1435 505 1467 534; x_wconf 93' lang='lat' dir='ltr'>in</span> <span class='ocrx_word' id='word_1_53' title='bbox 1485 504 1578 535; x_wconf 85' lang='lat' dir='ltr'>beato</span> <span class='ocrx_word' id='word_1_54' title='bbox 1596 505 1694 535; x_wconf 87' lang='lat' dir='ltr'>Petro</span> <span class='ocrx_word' id='word_1_55' title='bbox 1712 508 1842 546; x_wconf 85' lang='lat' dir='ltr'>aposto-</span> 
     </span>
     <span class='ocr_line' id='line_1_14' title="bbox 195 550 1843 597; baseline 0.001 -14"><span class='ocrx_word' id='word_1_56' title='bbox 195 553 297 583; x_wconf 90' lang='lat' dir='ltr'>lorum</span> <span class='ocrx_word' id='word_1_57' title='bbox 328 553 471 593; x_wconf 78' lang='lat' dir='ltr'>principe</span> <span class='ocrx_word' id='word_1_58' title='bbox 502 553 700 591; x_wconf 84' lang='lat' dir='ltr'>commissas,</span> <span class='ocrx_word' id='word_1_59' title='bbox 730 552 856 583; x_wconf 88' lang='lat' dir='ltr'>dicento</span> <span class='ocrx_word' id='word_1_60' title='bbox 885 552 1038 583; x_wconf 81' lang='lat' dir='ltr'>Domine:</span> <span class='ocrx_word' id='word_1_61' title='bbox 1065 550 1113 583; x_wconf 79' lang='lat' dir='ltr'>‘Si</span> <span class='ocrx_word' id='word_1_62' title='bbox 1143 553 1248 593; x_wconf 83' lang='lat' dir='ltr'>diligis</span> <span class='ocrx_word' id='word_1_63' title='bbox 1276 565 1342 595; x_wconf 88' lang='lat' dir='ltr'>me,</span> <span class='ocrx_word' id='word_1_64' title='bbox 1368 555 1476 585; x_wconf 83' lang='lat' dir='ltr'>Simon</span> <span class='ocrx_word' id='word_1_65' title='bbox 1505 556 1617 594; x_wconf 80' lang='lat' dir='ltr'>Petre,</span> <span class='ocrx_word' id='word_1_66' title='bbox 1642 566 1738 597; x_wconf 85' lang='lat' dir='ltr'>pasce</span> <span class='ocrx_word' id='word_1_67' title='bbox 1768 565 1843 587; x_wconf 84' lang='lat' dir='ltr'>oves</span> 
     </span>
     <span class='ocr_line' id='line_1_15' title="bbox 195 603 1842 648; baseline 0.002 -14"><span class='ocrx_word' id='word_1_68' title='bbox 195 603 305 643; x_wconf 76' lang='lat' dir='ltr'>meas’,</span> <span class='ocrx_word' id='word_1_69' title='bbox 329 604 404 634; x_wconf 87' lang='lat' dir='ltr'>licet</span> <span class='ocrx_word' id='word_1_70' title='bbox 427 614 484 644; x_wconf 87' lang='lat' dir='ltr'>pro</span> <span class='ocrx_word' id='word_1_71' title='bbox 501 603 629 634; x_wconf 83' lang='lat' dir='ltr'>assidua</span> <span class='ocrx_word' id='word_1_72' title='bbox 645 604 789 643; x_wconf 84' lang='lat' dir='ltr'>gentium</span> <span class='ocrx_word' id='word_1_73' title='bbox 806 604 1030 643; x_wconf 74' lang='lat' dir='ltr'>persecutione</span> <span class='ocrx_word' id='word_1_74' title='bbox 1049 614 1130 634; x_wconf 91' lang='lat' dir='ltr'>nunc</span> <span class='ocrx_word' id='word_1_75' title='bbox 1147 615 1246 644; x_wconf 85' lang='lat' dir='ltr'>usque</span> <span class='ocrx_word' id='word_1_76' title='bbox 1264 606 1441 646; x_wconf 68' lang='lat' dir='ltr'>impeditid,</span> <span class='ocrx_word' id='word_1_77' title='bbox 1465 607 1514 637; x_wconf 88' lang='lat' dir='ltr'>his</span> <span class='ocrx_word' id='word_1_78' title='bbox 1530 608 1625 638; x_wconf 88' lang='lat' dir='ltr'>modo</span> <span class='ocrx_word' id='word_1_79' title='bbox 1644 608 1842 648; x_wconf 84' lang='lat' dir='ltr'>apostolatus</span> 
     </span>
     <span class='ocr_line' id='line_1_16' title="bbox 194 654 1842 699; baseline 0.002 -13"><span class='ocrx_word' id='word_1_80' title='bbox 194 655 294 686; x_wconf 85' lang='lat' dir='ltr'>nostri</span> <span class='ocrx_word' id='word_1_81' title='bbox 318 655 431 686; x_wconf 89' lang='lat' dir='ltr'>litteris</span> <span class='ocrx_word' id='word_1_82' title='bbox 448 655 576 686; x_wconf 81' lang='lat' dir='ltr'>visitare</span> <span class='ocrx_word' id='word_1_83' title='bbox 594 654 783 693; x_wconf 73' lang='lat' dir='ltr'>curavimus,</span> <span class='ocrx_word' id='word_1_84' title='bbox 809 658 1029 685; x_wconf 77' lang='lat' dir='ltr'>ammonentes</span> <span class='ocrx_word' id='word_1_85' title='bbox 1053 655 1285 686; x_wconf 77' lang='lat' dir='ltr'>fraternitatem</span> <span class='ocrx_word' id='word_1_86' title='bbox 1304 660 1452 697; x_wconf 78' lang='lat' dir='ltr'>vestram,</span> <span class='ocrx_word' id='word_1_87' title='bbox 1468 661 1503 688; x_wconf 90' lang='lat' dir='ltr'>ut</span> <span class='ocrx_word' id='word_1_88' title='bbox 1518 669 1606 689; x_wconf 88' lang='lat' dir='ltr'>more</span> <span class='ocrx_word' id='word_1_89' title='bbox 1624 670 1842 699; x_wconf 71' lang='lat' dir='ltr'>precessorum</span> 
     </span>
     <span class='ocr_line' id='line_1_17' title="bbox 194 705 1841 748; baseline 0.002 -11"><span class='ocrx_word' id='word_1_90' title='bbox 194 709 372 737; x_wconf 84' lang='lat' dir='ltr'>vestrorum</span> <span class='ocrx_word' id='word_1_91' title='bbox 396 706 437 737; x_wconf 83' lang='lat' dir='ltr'>ad</span> <span class='ocrx_word' id='word_1_92' title='bbox 461 706 571 737; x_wconf 89' lang='lat' dir='ltr'>sedem</span> <span class='ocrx_word' id='word_1_93' title='bbox 596 706 683 737; x_wconf 86' lang='lat' dir='ltr'>beati</span> <span class='ocrx_word' id='word_1_94' title='bbox 707 705 796 736; x_wconf 87' lang='lat' dir='ltr'>Petri</span> <span class='ocrx_word' id='word_1_95' title='bbox 822 706 969 746; x_wconf 88' lang='lat' dir='ltr'>apostoli,</span> <span class='ocrx_word' id='word_1_96' title='bbox 995 716 1055 747; x_wconf 70' lang='lat' dir='ltr'>que</span> <span class='ocrx_word' id='word_1_97' title='bbox 1073 710 1168 747; x_wconf 81' lang='lat' dir='ltr'>caput</span> <span class='ocrx_word' id='word_1_98' title='bbox 1192 710 1224 737; x_wconf 86' lang='lat' dir='ltr'>et</span> <span class='ocrx_word' id='word_1_99' title='bbox 1244 708 1397 748; x_wconf 80' lang='lat' dir='ltr'>magistra</span> <span class='ocrx_word' id='word_1_100' title='bbox 1413 712 1461 739; x_wconf 90' lang='lat' dir='ltr'>est</span> <span class='ocrx_word' id='word_1_101' title='bbox 1478 711 1617 740; x_wconf 88' lang='lat' dir='ltr'>omnium</span> <span class='ocrx_word' id='word_1_102' title='bbox 1636 710 1841 741; x_wconf 87' lang='lat' dir='ltr'>ecclesiarum</span> 
     </span>
     <span class='ocr_line' id='line_1_18' title="bbox 193 757 1843 801; baseline 0.003 -13"><span class='ocrx_word' id='word_1_103' title='bbox 193 757 270 797; x_wconf 90' lang='lat' dir='ltr'>Dei,</span> <span class='ocrx_word' id='word_1_104' title='bbox 301 760 333 788; x_wconf 90' lang='lat' dir='ltr'>et</span> <span class='ocrx_word' id='word_1_105' title='bbox 360 758 401 788; x_wconf 91' lang='lat' dir='ltr'>ad</span> <span class='ocrx_word' id='word_1_106' title='bbox 429 768 500 795; x_wconf 88' lang='lat' dir='ltr'>nos,</span> <span class='ocrx_word' id='word_1_107' title='bbox 533 758 586 799; x_wconf 79' lang='lat' dir='ltr'>quj</span> <span class='ocrx_word' id='word_1_108' title='bbox 615 758 644 788; x_wconf 92' lang='lat' dir='ltr'>ei</span> <span class='ocrx_word' id='word_1_109' title='bbox 676 757 825 788; x_wconf 86' lang='lat' dir='ltr'>divinitus</span> <span class='ocrx_word' id='word_1_110' title='bbox 853 757 1066 798; x_wconf 66' lang='lat' dir='ltr'>presidemus,</span> <span class='ocrx_word' id='word_1_111' title='bbox 1098 761 1164 789; x_wconf 88' lang='lat' dir='ltr'>toto</span> <span class='ocrx_word' id='word_1_112' title='bbox 1196 759 1301 789; x_wconf 80' lang='lat' dir='ltr'>animo</span> <span class='ocrx_word' id='word_1_113' title='bbox 1331 759 1508 801; x_wconf 79' lang='lat' dir='ltr'>libentique</span> <span class='ocrx_word' id='word_1_114' title='bbox 1538 762 1701 792; x_wconf 77' lang='lat' dir='ltr'>voluntate</span> <span class='ocrx_word' id='word_1_115' title='bbox 1726 764 1843 793; x_wconf 85' lang='lat' dir='ltr'>reverti</span> 
     </span>
     <span class='ocr_line' id='line_1_19' title="bbox 194 809 1841 854; baseline 0.002 -14"><span class='ocrx_word' id='word_1_116' title='bbox 194 809 364 849; x_wconf 78' lang='lat' dir='ltr'>studeatis,</span> <span class='ocrx_word' id='word_1_117' title='bbox 397 812 555 850; x_wconf 87' lang='lat' dir='ltr'>quatenus</span> <span class='ocrx_word' id='word_1_118' title='bbox 582 809 656 840; x_wconf 89' lang='lat' dir='ltr'>inde</span> <span class='ocrx_word' id='word_1_119' title='bbox 687 810 802 839; x_wconf 90' lang='lat' dir='ltr'>summi</span> <span class='ocrx_word' id='word_1_120' title='bbox 831 809 987 840; x_wconf 86' lang='lat' dir='ltr'>honorem</span> <span class='ocrx_word' id='word_1_121' title='bbox 1017 810 1185 840; x_wconf 85' lang='lat' dir='ltr'>sacerdotii</span> <span class='ocrx_word' id='word_1_122' title='bbox 1216 813 1248 840; x_wconf 88' lang='lat' dir='ltr'>et</span> <span class='ocrx_word' id='word_1_123' title='bbox 1277 811 1373 841; x_wconf 85' lang='lat' dir='ltr'>totius</span> <span class='ocrx_word' id='word_1_124' title='bbox 1396 811 1601 843; x_wconf 82' lang='lat' dir='ltr'>institutionis</span> <span class='ocrx_word' id='word_1_125' title='bbox 1626 814 1841 854; x_wconf 68' lang='lat' dir='ltr'>ecclesiastice</span> 
     </span>
     <span class='ocr_line' id='line_1_20' title="bbox 193 860 1843 904; baseline 0.003 -13"><span class='ocrx_word' id='word_1_126' title='bbox 193 861 329 891; x_wconf 87' lang='lat' dir='ltr'>formam</span> <span class='ocrx_word' id='word_1_127' title='bbox 358 861 504 900; x_wconf 84' lang='lat' dir='ltr'>sumatis,</span> <span class='ocrx_word' id='word_1_128' title='bbox 532 860 616 891; x_wconf 90' lang='lat' dir='ltr'>unde</span> <span class='ocrx_word' id='word_1_129' title='bbox 644 863 796 901; x_wconf 85' lang='lat' dir='ltr'>parentes</span> <span class='ocrx_word' id='word_1_130' title='bbox 820 871 858 891; x_wconf 82' lang='lat' dir='ltr'>ac</span> <span class='ocrx_word' id='word_1_131' title='bbox 882 871 1085 901; x_wconf 67' lang='lat' dir='ltr'>precessores</span> <span class='ocrx_word' id='word_1_132' title='bbox 1108 863 1230 891; x_wconf 85' lang='lat' dir='ltr'>vestros</span> <span class='ocrx_word' id='word_1_133' title='bbox 1252 861 1405 892; x_wconf 81' lang='lat' dir='ltr'>melliflua</span> <span class='ocrx_word' id='word_1_134' title='bbox 1429 867 1536 902; x_wconf 68' lang='lat' dir='ltr'>sancte</span> <span class='ocrx_word' id='word_1_135' title='bbox 1560 864 1787 904; x_wconf 82' lang='lat' dir='ltr'>predicationis</span> <span class='ocrx_word' id='word_1_136' title='bbox 1811 868 1843 896; x_wconf 92' lang='lat' dir='ltr'>et</span> 
     </span>
     <span class='ocr_line' id='line_1_21' title="bbox 193 911 1841 955; baseline 0.003 -13"><span class='ocrx_word' id='word_1_137' title='bbox 193 911 335 952; x_wconf 72' lang='lat' dir='ltr'>doctrine</span> <span class='ocrx_word' id='word_1_138' title='bbox 361 912 536 953; x_wconf 73' lang='lat' dir='ltr'>apostolice</span> <span class='ocrx_word' id='word_1_139' title='bbox 560 916 688 952; x_wconf 85' lang='lat' dir='ltr'>potasse</span> <span class='ocrx_word' id='word_1_140' title='bbox 712 913 832 943; x_wconf 84' lang='lat' dir='ltr'>fluenta</span> <span class='ocrx_word' id='word_1_141' title='bbox 856 912 1006 942; x_wconf 86' lang='lat' dir='ltr'>recolitis.</span> <span class='ocrx_word' id='word_1_142' title='bbox 1050 912 1224 943; x_wconf 88' lang='lat' dir='ltr'>Reminisci</span> <span class='ocrx_word' id='word_1_143' title='bbox 1247 923 1385 954; x_wconf 88' lang='lat' dir='ltr'>namque</span> <span class='ocrx_word' id='word_1_144' title='bbox 1410 914 1543 953; x_wconf 75' lang='lat' dir='ltr'>debetis,</span> <span class='ocrx_word' id='word_1_145' title='bbox 1569 920 1686 955; x_wconf 88' lang='lat' dir='ltr'>quanta</span> <span class='ocrx_word' id='word_1_146' title='bbox 1711 916 1841 947; x_wconf 82' lang='lat' dir='ltr'>eosdem</span> 
     </span>
     <span class='ocr_line' id='line_1_22' title="bbox 193 963 1843 1008; baseline 0.002 -14"><span class='ocrx_word' id='word_1_147' title='bbox 193 973 396 1004; x_wconf 65' lang='lat' dir='ltr'>precessores</span> <span class='ocrx_word' id='word_1_148' title='bbox 419 966 542 994; x_wconf 84' lang='lat' dir='ltr'>vestros</span> <span class='ocrx_word' id='word_1_149' title='bbox 566 974 721 1005; x_wconf 81' lang='lat' dir='ltr'>prospera</span> <span class='ocrx_word' id='word_1_150' title='bbox 744 964 982 995; x_wconf 81' lang='lat' dir='ltr'>evidentissime</span> <span class='ocrx_word' id='word_1_151' title='bbox 1007 963 1251 1002; x_wconf 76' lang='lat' dir='ltr'>comitabantur,</span> <span class='ocrx_word' id='word_1_152' title='bbox 1276 964 1404 1004; x_wconf 87' lang='lat' dir='ltr'>quando</span> <span class='ocrx_word' id='word_1_153' title='bbox 1428 965 1468 995; x_wconf 87' lang='lat' dir='ltr'>ad</span> <span class='ocrx_word' id='word_1_154' title='bbox 1485 966 1594 996; x_wconf 83' lang='lat' dir='ltr'>limina</span> <span class='ocrx_word' id='word_1_155' title='bbox 1611 967 1699 998; x_wconf 85' lang='lat' dir='ltr'>Petri</span> <span class='ocrx_word' id='word_1_156' title='bbox 1717 968 1843 1008; x_wconf 69' lang='lat' dir='ltr'>celestis</span> 
     </span>
     <span class='ocr_line' id='line_1_23' title="bbox 193 1015 1842 1057; baseline 0.002 -11"><span class='ocrx_word' id='word_1_157' title='bbox 193 1016 283 1056; x_wconf 84' lang='lat' dir='ltr'>regni</span> <span class='ocrx_word' id='word_1_158' title='bbox 308 1015 459 1056; x_wconf 83' lang='lat' dir='ltr'>clavigeri</span> <span class='ocrx_word' id='word_1_159' title='bbox 484 1015 601 1046; x_wconf 83' lang='lat' dir='ltr'>devoto</span> <span class='ocrx_word' id='word_1_160' title='bbox 626 1019 756 1056; x_wconf 87' lang='lat' dir='ltr'>pectore</span> <span class='ocrx_word' id='word_1_161' title='bbox 782 1015 872 1056; x_wconf 82' lang='lat' dir='ltr'>quasi</span> <span class='ocrx_word' id='word_1_162' title='bbox 895 1016 1015 1056; x_wconf 89' lang='lat' dir='ltr'>proprii</span> <span class='ocrx_word' id='word_1_163' title='bbox 1038 1015 1094 1045; x_wconf 90' lang='lat' dir='ltr'>filii</span> <span class='ocrx_word' id='word_1_164' title='bbox 1115 1015 1333 1056; x_wconf 86' lang='lat' dir='ltr'>confluebant,</span> <span class='ocrx_word' id='word_1_165' title='bbox 1359 1019 1390 1046; x_wconf 93' lang='lat' dir='ltr'>et</span> <span class='ocrx_word' id='word_1_166' title='bbox 1407 1021 1525 1057; x_wconf 86' lang='lat' dir='ltr'>quanta</span> <span class='ocrx_word' id='word_1_167' title='bbox 1542 1019 1745 1057; x_wconf 86' lang='lat' dir='ltr'>postmodum</span> <span class='ocrx_word' id='word_1_168' title='bbox 1761 1030 1842 1049; x_wconf 89' lang='lat' dir='ltr'>nunc</span> 
     </span>
     <span class='ocr_line' id='line_1_24' title="bbox 191 1066 1843 1108; baseline 0.002 -11"><span class='ocrx_word' id='word_1_169' title='bbox 191 1077 291 1108; x_wconf 88' lang='lat' dir='ltr'>usque</span> <span class='ocrx_word' id='word_1_170' title='bbox 316 1067 529 1097; x_wconf 86' lang='lat' dir='ltr'>sustinueritis</span> <span class='ocrx_word' id='word_1_171' title='bbox 552 1066 697 1107; x_wconf 78' lang='lat' dir='ltr'>adversa,</span> <span class='ocrx_word' id='word_1_172' title='bbox 722 1078 794 1097; x_wconf 90' lang='lat' dir='ltr'>cum</span> <span class='ocrx_word' id='word_1_173' title='bbox 818 1066 858 1097; x_wconf 88' lang='lat' dir='ltr'>ab</span> <span class='ocrx_word' id='word_1_174' title='bbox 884 1077 922 1097; x_wconf 84' lang='lat' dir='ltr'>ea</span> <span class='ocrx_word' id='word_1_175' title='bbox 946 1077 1001 1097; x_wconf 88' lang='lat' dir='ltr'>vos</span> <span class='ocrx_word' id='word_1_176' title='bbox 1026 1066 1117 1107; x_wconf 73' lang='lat' dir='ltr'>quasi</span> <span class='ocrx_word' id='word_1_177' title='bbox 1140 1066 1262 1097; x_wconf 87' lang='lat' dir='ltr'>alienos</span> <span class='ocrx_word' id='word_1_178' title='bbox 1286 1077 1436 1108; x_wconf 88' lang='lat' dir='ltr'>separare</span> <span class='ocrx_word' id='word_1_179' title='bbox 1461 1078 1522 1098; x_wconf 89' lang='lat' dir='ltr'>non</span> <span class='ocrx_word' id='word_1_180' title='bbox 1541 1069 1717 1100; x_wconf 86' lang='lat' dir='ltr'>dubitastis.</span> <span class='ocrx_word' id='word_1_181' title='bbox 1756 1070 1843 1106; x_wconf 79' lang='lat' dir='ltr'>Qua—</span> 
     </span>
     <span class='ocr_line' id='line_1_25' title="bbox 191 1118 1841 1162; baseline 0.002 -13"><span class='ocrx_word' id='word_1_182' title='bbox 191 1122 323 1159; x_wconf 85' lang='lat' dir='ltr'>propter</span> <span class='ocrx_word' id='word_1_183' title='bbox 346 1128 402 1149; x_wconf 88' lang='lat' dir='ltr'>vos</span> <span class='ocrx_word' id='word_1_184' title='bbox 425 1118 597 1159; x_wconf 87' lang='lat' dir='ltr'>plurimum</span> <span class='ocrx_word' id='word_1_185' title='bbox 622 1119 804 1159; x_wconf 72' lang='lat' dir='ltr'>diligentes,</span> <span class='ocrx_word' id='word_1_186' title='bbox 829 1123 1050 1159; x_wconf 79' lang='lat' dir='ltr'>nequaqname</span> <span class='ocrx_word' id='word_1_187' title='bbox 1067 1121 1183 1158; x_wconf 84' lang='lat' dir='ltr'>vestra,</span> <span class='ocrx_word' id='word_1_188' title='bbox 1207 1118 1264 1149; x_wconf 90' lang='lat' dir='ltr'>sed</span> <span class='ocrx_word' id='word_1_189' title='bbox 1288 1129 1344 1149; x_wconf 82' lang='lat' dir='ltr'>vos</span> <span class='ocrx_word' id='word_1_190' title='bbox 1368 1123 1548 1160; x_wconf 68' lang='lat' dir='ltr'>querentes,</span> <span class='ocrx_word' id='word_1_191' title='bbox 1572 1124 1706 1161; x_wconf 76' lang='lat' dir='ltr'>paterna</span> <span class='ocrx_word' id='word_1_192' title='bbox 1730 1122 1841 1162; x_wconf 83' lang='lat' dir='ltr'>benig-</span> 
     </span>
     <span class='ocr_line' id='line_1_26' title="bbox 191 1169 1842 1213; baseline 0.001 -13"><span class='ocrx_word' id='word_1_193' title='bbox 191 1170 290 1201; x_wconf 85' lang='lat' dir='ltr'>nitate</span> <span class='ocrx_word' id='word_1_194' title='bbox 315 1180 482 1200; x_wconf 87' lang='lat' dir='ltr'>monemus</span> <span class='ocrx_word' id='word_1_195' title='bbox 506 1173 602 1211; x_wconf 88' lang='lat' dir='ltr'>atque</span> <span class='ocrx_word' id='word_1_196' title='bbox 623 1170 797 1210; x_wconf 79' lang='lat' dir='ltr'>hortamur,</span> <span class='ocrx_word' id='word_1_197' title='bbox 822 1172 865 1210; x_wconf 86' lang='lat' dir='ltr'>ut,</span> <span class='ocrx_word' id='word_1_198' title='bbox 890 1170 970 1200; x_wconf 87' lang='lat' dir='ltr'>sicut</span> <span class='ocrx_word' id='word_1_199' title='bbox 995 1169 1143 1209; x_wconf 75' lang='lat' dir='ltr'>diximus,</span> <span class='ocrx_word' id='word_1_200' title='bbox 1167 1170 1209 1200; x_wconf 85' lang='lat' dir='ltr'>ad</span> <span class='ocrx_word' id='word_1_201' title='bbox 1232 1171 1389 1210; x_wconf 83' lang='lat' dir='ltr'>gremium</span> <span class='ocrx_word' id='word_1_202' title='bbox 1413 1174 1521 1211; x_wconf 69' lang='lat' dir='ltr'>sancte</span> <span class='ocrx_word' id='word_1_203' title='bbox 1538 1171 1683 1212; x_wconf 70' lang='lat' dir='ltr'>Romane</span> <span class='ocrx_word' id='word_1_204' title='bbox 1709 1172 1842 1213; x_wconf 61' lang='lat' dir='ltr'>ecclesie</span> 
     </span>
     <span class='ocr_line' id='line_1_27' title="bbox 192 1221 1843 1265; baseline 0.002 -13"><span class='ocrx_word' id='word_1_205' title='bbox 192 1222 303 1252; x_wconf 89' lang='lat' dir='ltr'>matris</span> <span class='ocrx_word' id='word_1_206' title='bbox 326 1226 431 1261; x_wconf 74' lang='lat' dir='ltr'>vestre</span> <span class='ocrx_word' id='word_1_207' title='bbox 456 1222 562 1253; x_wconf 87' lang='lat' dir='ltr'>redire</span> <span class='ocrx_word' id='word_1_208' title='bbox 587 1225 719 1253; x_wconf 81' lang='lat' dir='ltr'>ovanter</span> <span class='ocrx_word' id='word_1_209' title='bbox 742 1222 948 1258; x_wconf 76' lang='lat' dir='ltr'>adtendatisf,</span> <span class='ocrx_word' id='word_1_210' title='bbox 972 1225 1007 1252; x_wconf 89' lang='lat' dir='ltr'>ut</span> <span class='ocrx_word' id='word_1_211' title='bbox 1031 1222 1151 1252; x_wconf 87' lang='lat' dir='ltr'>electus</span> <span class='ocrx_word' id='word_1_212' title='bbox 1175 1232 1193 1251; x_wconf 79' lang='lat' dir='ltr'>a</span> <span class='ocrx_word' id='word_1_213' title='bbox 1217 1221 1306 1252; x_wconf 86' lang='lat' dir='ltr'>vobis</span> <span class='ocrx_word' id='word_1_214' title='bbox 1331 1224 1483 1253; x_wconf 87' lang='lat' dir='ltr'>canonice</span> <span class='ocrx_word' id='word_1_215' title='bbox 1504 1223 1764 1265; x_wconf 80' lang='lat' dir='ltr'>archiepiscopus</span> <span class='ocrx_word' id='word_1_216' title='bbox 1781 1235 1843 1255; x_wconf 86' lang='lat' dir='ltr'>una</span> 
     </span>
     <span class='ocr_line' id='line_1_28' title="bbox 193 1273 1841 1319; baseline 0.001 -15"><span class='ocrx_word' id='word_1_217' title='bbox 193 1283 264 1304; x_wconf 90' lang='lat' dir='ltr'>cum</span> <span class='ocrx_word' id='word_1_218' title='bbox 288 1276 415 1304; x_wconf 75' lang='lat' dir='ltr'>vestrog</span> <span class='ocrx_word' id='word_1_219' title='bbox 432 1274 571 1304; x_wconf 88' lang='lat' dir='ltr'>omnium</span> <span class='ocrx_word' id='word_1_220' title='bbox 598 1284 753 1304; x_wconf 88' lang='lat' dir='ltr'>consensu</span> <span class='ocrx_word' id='word_1_221' title='bbox 778 1276 810 1304; x_wconf 88' lang='lat' dir='ltr'>et</span> <span class='ocrx_word' id='word_1_222' title='bbox 825 1274 989 1319; x_wconf 72' lang='lat' dir='ltr'>voluntate</span> <span class='ocrx_word' id='word_1_223' title='bbox 1014 1273 1054 1304; x_wconf 88' lang='lat' dir='ltr'>ad</span> <span class='ocrx_word' id='word_1_224' title='bbox 1071 1284 1128 1303; x_wconf 90' lang='lat' dir='ltr'>nos</span> <span class='ocrx_word' id='word_1_225' title='bbox 1145 1274 1275 1304; x_wconf 84' lang='lat' dir='ltr'>veniens</span> <span class='ocrx_word' id='word_1_226' title='bbox 1291 1274 1449 1314; x_wconf 83' lang='lat' dir='ltr'>gratian1¹¹</span> <span class='ocrx_word' id='word_1_227' title='bbox 1468 1275 1658 1316; x_wconf 86' lang='lat' dir='ltr'>episcopalis</span> <span class='ocrx_word' id='word_1_228' title='bbox 1675 1286 1841 1306; x_wconf 87' lang='lat' dir='ltr'>consecra-</span> 
     </span>
     <span class='ocr_line' id='line_1_29' title="bbox 191 1325 1842 1368; baseline 0.001 -13"><span class='ocrx_word' id='word_1_229' title='bbox 191 1325 286 1355; x_wconf 87' lang='lat' dir='ltr'>tionis</span> <span class='ocrx_word' id='word_1_230' title='bbox 303 1335 492 1366; x_wconf 86' lang='lat' dir='ltr'>sacrumque</span> <span class='ocrx_word' id='word_1_231' title='bbox 506 1326 637 1366; x_wconf 86' lang='lat' dir='ltr'>pallium</span> <span class='ocrx_word' id='word_1_232' title='bbox 655 1336 673 1356; x_wconf 87' lang='lat' dir='ltr'>a</span> <span class='ocrx_word' id='word_1_233' title='bbox 687 1325 776 1356; x_wconf 90' lang='lat' dir='ltr'>nobis</span> <span class='ocrx_word' id='word_1_234' title='bbox 789 1335 877 1355; x_wconf 88' lang='lat' dir='ltr'>more</span> <span class='ocrx_word' id='word_1_235' title='bbox 891 1325 1024 1365; x_wconf 88' lang='lat' dir='ltr'>pristino</span> <span class='ocrx_word' id='word_1_236' title='bbox 1038 1325 1258 1355; x_wconf 79' lang='lat' dir='ltr'>incunctanter</span> <span class='ocrx_word' id='word_1_237' title='bbox 1269 1325 1436 1365; x_wconf 86' lang='lat' dir='ltr'>percipiat,</span> <span class='ocrx_word' id='word_1_238' title='bbox 1449 1329 1483 1356; x_wconf 89' lang='lat' dir='ltr'>ut</span> <span class='ocrx_word' id='word_1_239' title='bbox 1496 1327 1631 1368; x_wconf 76' lang='lat' dir='ltr'>gratiam</span> <span class='ocrx_word' id='word_1_240' title='bbox 1646 1330 1678 1357; x_wconf 90' lang='lat' dir='ltr'>et</span> <span class='ocrx_word' id='word_1_241' title='bbox 1690 1326 1842 1358; x_wconf 88' lang='lat' dir='ltr'>benedic-</span> 
     </span>
     <span class='ocr_line' id='line_1_30' title="bbox 191 1376 1843 1419; baseline 0.001 -12"><span class='ocrx_word' id='word_1_242' title='bbox 191 1377 312 1407; x_wconf 87' lang='lat' dir='ltr'>tionem</span> <span class='ocrx_word' id='word_1_243' title='bbox 329 1377 429 1407; x_wconf 81' lang='lat' dir='ltr'>sancti</span> <span class='ocrx_word' id='word_1_244' title='bbox 441 1376 531 1408; x_wconf 88' lang='lat' dir='ltr'>Petri</span> <span class='ocrx_word' id='word_1_245' title='bbox 548 1387 584 1407; x_wconf 85' lang='lat' dir='ltr'>ac</span> <span class='ocrx_word' id='word_1_246' title='bbox 600 1376 753 1407; x_wconf 83' lang='lat' dir='ltr'>nostrami</span> <span class='ocrx_word' id='word_1_247' title='bbox 767 1376 924 1407; x_wconf 84' lang='lat' dir='ltr'>habentes</span> <span class='ocrx_word' id='word_1_248' title='bbox 941 1387 959 1406; x_wconf 90' lang='lat' dir='ltr'>a</span> <span class='ocrx_word' id='word_1_249' title='bbox 976 1376 1068 1406; x_wconf 88' lang='lat' dir='ltr'>malis</span> <span class='ocrx_word' id='word_1_250' title='bbox 1085 1376 1230 1406; x_wconf 90' lang='lat' dir='ltr'>omnibus</span> <span class='ocrx_word' id='word_1_251' title='bbox 1246 1376 1339 1407; x_wconf 89' lang='lat' dir='ltr'>liberi</span> <span class='ocrx_word' id='word_1_252' title='bbox 1357 1381 1389 1407; x_wconf 91' lang='lat' dir='ltr'>et</span> <span class='ocrx_word' id='word_1_253' title='bbox 1404 1377 1495 1407; x_wconf 90' lang='lat' dir='ltr'>bonis</span> <span class='ocrx_word' id='word_1_254' title='bbox 1511 1379 1666 1408; x_wconf 80' lang='lat' dir='ltr'>universis</span> <span class='ocrx_word' id='word_1_255' title='bbox 1683 1378 1796 1419; x_wconf 88' lang='lat' dir='ltr'>repleti</span> <span class='ocrx_word' id='word_1_256' title='bbox 1811 1382 1843 1409; x_wconf 86' lang='lat' dir='ltr'>et</span> 
     </span>
     <span class='ocr_line' id='line_1_31' title="bbox 192 1427 1841 1469; baseline 0.001 -11"><span class='ocrx_word' id='word_1_257' title='bbox 192 1429 243 1459; x_wconf 89' lang='lat' dir='ltr'>hic</span> <span class='ocrx_word' id='word_1_258' title='bbox 271 1429 302 1458; x_wconf 93' lang='lat' dir='ltr'>in</span> <span class='ocrx_word' id='word_1_259' title='bbox 327 1428 467 1468; x_wconf 71' lang='lat' dir='ltr'>presenti</span> <span class='ocrx_word' id='word_1_260' title='bbox 491 1428 598 1467; x_wconf 69' lang='lat' dir='ltr'>seculo</span> <span class='ocrx_word' id='word_1_261' title='bbox 622 1427 792 1469; x_wconf 81' lang='lat' dir='ltr'>gaudeatis</span> <span class='ocrx_word' id='word_1_262' title='bbox 817 1433 848 1458; x_wconf 90' lang='lat' dir='ltr'>et</span> <span class='ocrx_word' id='word_1_263' title='bbox 871 1428 902 1457; x_wconf 91' lang='lat' dir='ltr'>in</span> <span class='ocrx_word' id='word_1_264' title='bbox 928 1427 1034 1458; x_wconf 85' lang='lat' dir='ltr'>futuro</span> <span class='ocrx_word' id='word_1_265' title='bbox 1059 1438 1130 1458; x_wconf 89' lang='lat' dir='ltr'>cum</span> <span class='ocrx_word' id='word_1_266' title='bbox 1153 1427 1291 1458; x_wconf 89' lang='lat' dir='ltr'>Domino</span> <span class='ocrx_word' id='word_1_267' title='bbox 1316 1429 1383 1459; x_wconf 89' lang='lat' dir='ltr'>sine</span> <span class='ocrx_word' id='word_1_268' title='bbox 1407 1429 1469 1459; x_wconf 91' lang='lat' dir='ltr'>fine</span> <span class='ocrx_word' id='word_1_269' title='bbox 1494 1429 1605 1469; x_wconf 89' lang='lat' dir='ltr'>procul</span> <span class='ocrx_word' id='word_1_270' title='bbox 1629 1429 1726 1460; x_wconf 90' lang='lat' dir='ltr'>dubio</span> <span class='ocrx_word' id='word_1_271' title='bbox 1752 1430 1841 1461; x_wconf 85' lang='lat' dir='ltr'>exul-</span> 
     </span>
     <span class='ocr_line' id='line_1_32' title="bbox 191 1478 1841 1520; baseline 0.001 -10"><span class='ocrx_word' id='word_1_272' title='bbox 191 1481 276 1512; x_wconf 87' lang='lat' dir='ltr'>tetis.</span> <span class='ocrx_word' id='word_1_273' title='bbox 311 1479 410 1510; x_wconf 88' lang='lat' dir='ltr'>Porro</span> <span class='ocrx_word' id='word_1_274' title='bbox 435 1480 460 1510; x_wconf 88' lang='lat' dir='ltr'>si</span> <span class='ocrx_word' id='word_1_275' title='bbox 484 1479 605 1520; x_wconf 85' lang='lat' dir='ltr'>aliquid</span> <span class='ocrx_word' id='word_1_276' title='bbox 630 1479 669 1510; x_wconf 92' lang='lat' dir='ltr'>de</span> <span class='ocrx_word' id='word_1_277' title='bbox 693 1482 784 1520; x_wconf 84' lang='lat' dir='ltr'>parte</span> <span class='ocrx_word' id='word_1_278' title='bbox 810 1478 985 1510; x_wconf 84' lang='lat' dir='ltr'>Grecorum</span> <span class='ocrx_word' id='word_1_279' title='bbox 1010 1478 1062 1509; x_wconf 89' lang='lat' dir='ltr'>vel</span> <span class='ocrx_word' id='word_1_280' title='bbox 1079 1478 1265 1509; x_wconf 79' lang='lat' dir='ltr'>Sclavorum</span> <span class='ocrx_word' id='word_1_281' title='bbox 1290 1490 1386 1520; x_wconf 82' lang='lat' dir='ltr'>super</span> <span class='ocrx_word' id='word_1_282' title='bbox 1409 1483 1514 1510; x_wconf 85' lang='lat' dir='ltr'>vestra</span> <span class='ocrx_word' id='word_1_283' title='bbox 1530 1480 1571 1511; x_wconf 87' lang='lat' dir='ltr'>ad</span> <span class='ocrx_word' id='word_1_284' title='bbox 1588 1491 1645 1511; x_wconf 88' lang='lat' dir='ltr'>nos</span> <span class='ocrx_word' id='word_1_285' title='bbox 1660 1481 1841 1511; x_wconf 83' lang='lat' dir='ltr'>reversione</span> 
     </span>
     <span class='ocr_line' id='line_1_33' title="bbox 192 1530 1841 1573; baseline 0.001 -11"><span class='ocrx_word' id='word_1_286' title='bbox 192 1531 244 1562; x_wconf 91' lang='lat' dir='ltr'>vel</span> <span class='ocrx_word' id='word_1_287' title='bbox 260 1532 500 1562; x_wconf 84' lang='lat' dir='ltr'>consecratione</span> <span class='ocrx_word' id='word_1_288' title='bbox 517 1535 572 1561; x_wconf 86' lang='lat' dir='ltr'>aut</span> <span class='ocrx_word' id='word_1_289' title='bbox 588 1531 627 1562; x_wconf 90' lang='lat' dir='ltr'>de</span> <span class='ocrx_word' id='word_1_290' title='bbox 645 1530 734 1571; x_wconf 87' lang='lat' dir='ltr'>pallii</span> <span class='ocrx_word' id='word_1_291' title='bbox 750 1531 957 1572; x_wconf 87' lang='lat' dir='ltr'>perceptione</span> <span class='ocrx_word' id='word_1_292' title='bbox 976 1530 1138 1571; x_wconf 72' lang='lat' dir='ltr'>dubitatis,</span> <span class='ocrx_word' id='word_1_293' title='bbox 1161 1531 1274 1562; x_wconf 88' lang='lat' dir='ltr'>scitote</span> <span class='ocrx_word' id='word_1_294' title='bbox 1296 1542 1353 1572; x_wconf 90' lang='lat' dir='ltr'>pro</span> <span class='ocrx_word' id='word_1_295' title='bbox 1371 1535 1468 1571; x_wconf 85' lang='lat' dir='ltr'>certo,</span> <span class='ocrx_word' id='word_1_296' title='bbox 1486 1533 1635 1573; x_wconf 83' lang='lat' dir='ltr'>quoniam</span> <span class='ocrx_word' id='word_1_297' title='bbox 1652 1543 1708 1563; x_wconf 85' lang='lat' dir='ltr'>nos</span> <span class='ocrx_word' id='word_1_298' title='bbox 1729 1543 1841 1563; x_wconf 88' lang='lat' dir='ltr'>secun-</span> 
     </span>
     <span class='ocr_line' id='line_1_34' title="bbox 192 1582 1840 1624; baseline 0.001 -11"><span class='ocrx_word' id='word_1_299' title='bbox 192 1583 268 1613; x_wconf 90' lang='lat' dir='ltr'>dum</span> <span class='ocrx_word' id='word_1_300' title='bbox 292 1586 472 1614; x_wconf 86' lang='lat' dir='ltr'>sanctorum</span> <span class='ocrx_word' id='word_1_301' title='bbox 490 1586 615 1624; x_wconf 87' lang='lat' dir='ltr'>patrum</span> <span class='ocrx_word' id='word_1_302' title='bbox 633 1582 925 1624; x_wconf 80' lang='lat' dir='ltr'>decessorumquek</span> <span class='ocrx_word' id='word_1_303' title='bbox 943 1586 1123 1613; x_wconf 87' lang='lat' dir='ltr'>nostrorum</span> <span class='ocrx_word' id='word_1_304' title='bbox 1140 1583 1325 1624; x_wconf 87' lang='lat' dir='ltr'>pontificum</span> <span class='ocrx_word' id='word_1_305' title='bbox 1350 1587 1468 1614; x_wconf 86' lang='lat' dir='ltr'>statuta</span> <span class='ocrx_word' id='word_1_306' title='bbox 1485 1595 1539 1615; x_wconf 86' lang='lat' dir='ltr'>vos</span> <span class='ocrx_word' id='word_1_307' title='bbox 1560 1585 1712 1615; x_wconf 85' lang='lat' dir='ltr'>adiuvare</span> <span class='ocrx_word' id='word_1_308' title='bbox 1732 1588 1840 1615; x_wconf 83' lang='lat' dir='ltr'>aucto—</span> 
     </span>
     <span class='ocr_line' id='line_1_35' title="bbox 190 1634 1840 1675; baseline 0.001 -10"><span class='ocrx_word' id='word_1_309' title='bbox 190 1635 286 1665; x_wconf 88' lang='lat' dir='ltr'>ritate</span> <span class='ocrx_word' id='word_1_310' title='bbox 303 1634 493 1667; x_wconf 80' lang='lat' dir='ltr'>curabimus,</span> <span class='ocrx_word' id='word_1_311' title='bbox 529 1634 623 1670; x_wconf 84' lang='lat' dir='ltr'>Quod</span> <span class='ocrx_word' id='word_1_312' title='bbox 647 1635 673 1665; x_wconf 89' lang='lat' dir='ltr'>si</span> <span class='ocrx_word' id='word_1_313' title='bbox 696 1634 778 1665; x_wconf 84' lang='lat' dir='ltr'>forte</span> <span class='ocrx_word' id='word_1_314' title='bbox 795 1634 878 1665; x_wconf 90' lang='lat' dir='ltr'>hanc</span> <span class='ocrx_word' id='word_1_315' title='bbox 892 1638 1034 1665; x_wconf 86' lang='lat' dir='ltr'>nostram</span> <span class='ocrx_word' id='word_1_316' title='bbox 1059 1635 1269 1675; x_wconf 82' lang='lat' dir='ltr'>apostolicam</span> <span class='ocrx_word' id='word_1_317' title='bbox 1293 1636 1566 1674; x_wconf 75' lang='lat' dir='ltr'>ammonitionem,</span> <span class='ocrx_word' id='word_1_318' title='bbox 1591 1637 1688 1667; x_wconf 88' lang='lat' dir='ltr'>immo</span> <span class='ocrx_word' id='word_1_319' title='bbox 1713 1637 1840 1667; x_wconf 82' lang='lat' dir='ltr'>canoni-</span> 
     </span>
     <span class='ocr_line' id='line_1_36' title="bbox 191 1685 1842 1728; baseline 0.002 -12"><span class='ocrx_word' id='word_1_320' title='bbox 191 1696 262 1716; x_wconf 88' lang='lat' dir='ltr'>cam</span> <span class='ocrx_word' id='word_1_321' title='bbox 278 1686 518 1727; x_wconf 88' lang='lat' dir='ltr'>preceptionem</span> <span class='ocrx_word' id='word_1_322' title='bbox 543 1697 600 1727; x_wconf 89' lang='lat' dir='ltr'>pro</span> <span class='ocrx_word' id='word_1_323' title='bbox 624 1686 740 1717; x_wconf 87' lang='lat' dir='ltr'>nichilo</span> <span class='ocrx_word' id='word_1_324' title='bbox 759 1685 912 1717; x_wconf 84' lang='lat' dir='ltr'>ducentes</span> <span class='ocrx_word' id='word_1_325' title='bbox 937 1686 983 1716; x_wconf 79' lang='lat' dir='ltr'>ad</span> <span class='ocrx_word' id='word_1_326' title='bbox 1002 1686 1113 1717; x_wconf 91' lang='lat' dir='ltr'>sedem</span> <span class='ocrx_word' id='word_1_327' title='bbox 1137 1687 1347 1727; x_wconf 89' lang='lat' dir='ltr'>apostolicam</span> <span class='ocrx_word' id='word_1_328' title='bbox 1364 1687 1510 1728; x_wconf 70' lang='lat' dir='ltr'>Romane</span> <span class='ocrx_word' id='word_1_329' title='bbox 1532 1689 1666 1728; x_wconf 67' lang='lat' dir='ltr'>ecclesie</span> <span class='ocrx_word' id='word_1_330' title='bbox 1688 1688 1792 1719; x_wconf 84' lang='lat' dir='ltr'>redire</span> <span class='ocrx_word' id='word_1_331' title='bbox 1811 1692 1842 1719; x_wconf 90' lang='lat' dir='ltr'>et</span> 
     </span>
     <span class='ocr_line' id='line_1_37' title="bbox 190 1737 1840 1780; baseline 0.001 -12"><span class='ocrx_word' id='word_1_332' title='bbox 190 1737 264 1768; x_wconf 92' lang='lat' dir='ltr'>inde</span> <span class='ocrx_word' id='word_1_333' title='bbox 288 1737 463 1768; x_wconf 87' lang='lat' dir='ltr'>secundum</span> <span class='ocrx_word' id='word_1_334' title='bbox 487 1739 651 1778; x_wconf 83' lang='lat' dir='ltr'>antiquam</span> <span class='ocrx_word' id='word_1_335' title='bbox 676 1748 820 1768; x_wconf 90' lang='lat' dir='ltr'>normam</span> <span class='ocrx_word' id='word_1_336' title='bbox 845 1738 1120 1768; x_wconf 86' lang='lat' dir='ltr'>consecrationem</span> <span class='ocrx_word' id='word_1_337' title='bbox 1145 1738 1375 1779; x_wconf 86' lang='lat' dir='ltr'>episcopalem¹</span> <span class='ocrx_word' id='word_1_338' title='bbox 1393 1749 1583 1780; x_wconf 85' lang='lat' dir='ltr'>sacrumque</span> <span class='ocrx_word' id='word_1_339' title='bbox 1605 1739 1736 1780; x_wconf 85' lang='lat' dir='ltr'>pallium</span> <span class='ocrx_word' id='word_1_340' title='bbox 1760 1740 1840 1770; x_wconf 88' lang='lat' dir='ltr'>reci-</span> 
     </span>
     <span class='ocr_line' id='line_1_38' title="bbox 191 1789 1840 1830; baseline 0.001 -11"><span class='ocrx_word' id='word_1_341' title='bbox 191 1799 268 1830; x_wconf 85' lang='lat' dir='ltr'>pere</span> <span class='ocrx_word' id='word_1_342' title='bbox 287 1789 552 1830; x_wconf 83' lang='lat' dir='ltr'>contempseritis,</span> <span class='ocrx_word' id='word_1_343' title='bbox 570 1790 655 1820; x_wconf 92' lang='lat' dir='ltr'>omni</span> <span class='ocrx_word' id='word_1_344' title='bbox 672 1789 890 1820; x_wconf 79' lang='lat' dir='ltr'>ecclesiastica</span> <span class='ocrx_word' id='word_1_345' title='bbox 906 1800 963 1819; x_wconf 75' lang='lat' dir='ltr'>vos</span> <span class='ocrx_word' id='word_1_346' title='bbox 984 1789 1208 1819; x_wconf 88' lang='lat' dir='ltr'>communione</span> <span class='ocrx_word' id='word_1_347' title='bbox 1229 1789 1342 1820; x_wconf 85' lang='lat' dir='ltr'>scitote</span> <span class='ocrx_word' id='word_1_348' title='bbox 1364 1791 1491 1830; x_wconf 85' lang='lat' dir='ltr'>penitus</span> <span class='ocrx_word' id='word_1_349' title='bbox 1508 1790 1840 1821; x_wconf 73' lang='lat' dir='ltr'>excommunicandos.</span> 
     </span>
     <span class='ocr_line' id='line_1_39' title="bbox 189 1840 1841 1882; baseline 0.001 -11"><span class='ocrx_word' id='word_1_350' title='bbox 189 1840 323 1871; x_wconf 89' lang='lat' dir='ltr'>Interim</span> <span class='ocrx_word' id='word_1_351' title='bbox 348 1844 455 1872; x_wconf 86' lang='lat' dir='ltr'>tamen</span> <span class='ocrx_word' id='word_1_352' title='bbox 479 1842 672 1872; x_wconf 84' lang='lat' dir='ltr'>auctoritate</span> <span class='ocrx_word' id='word_1_353' title='bbox 690 1841 752 1872; x_wconf 91' lang='lat' dir='ltr'>Dei</span> <span class='ocrx_word' id='word_1_354' title='bbox 774 1844 806 1872; x_wconf 88' lang='lat' dir='ltr'>et</span> <span class='ocrx_word' id='word_1_355' title='bbox 827 1842 928 1872; x_wconf 85' lang='lat' dir='ltr'>sancti</span> <span class='ocrx_word' id='word_1_356' title='bbox 944 1841 1035 1872; x_wconf 86' lang='lat' dir='ltr'>Petri</span> <span class='ocrx_word' id='word_1_357' title='bbox 1050 1842 1140 1872; x_wconf 85' lang='lat' dir='ltr'>vobis</span> <span class='ocrx_word' id='word_1_358' title='bbox 1158 1842 1362 1882; x_wconf 77' lang='lat' dir='ltr'>precipimuS,</span> <span class='ocrx_word' id='word_1_359' title='bbox 1386 1844 1421 1872; x_wconf 89' lang='lat' dir='ltr'>ut</span> <span class='ocrx_word' id='word_1_360' title='bbox 1436 1852 1499 1872; x_wconf 87' lang='lat' dir='ltr'>non</span> <span class='ocrx_word' id='word_1_361' title='bbox 1516 1841 1663 1872; x_wconf 82' lang='lat' dir='ltr'>habeatis</span> <span class='ocrx_word' id='word_1_362' title='bbox 1679 1842 1841 1873; x_wconf 83' lang='lat' dir='ltr'>licentiam</span> 
     </span>
     <span class='ocr_line' id='line_1_40' title="bbox 190 1892 1842 1934; baseline 0.001 -11"><span class='ocrx_word' id='word_1_363' title='bbox 190 1892 318 1923; x_wconf 88' lang='lat' dir='ltr'>aliunde</span> <span class='ocrx_word' id='word_1_364' title='bbox 348 1894 621 1924; x_wconf 82' lang='lat' dir='ltr'>consecrationem</span> <span class='ocrx_word' id='word_1_365' title='bbox 651 1893 848 1934; x_wconf 86' lang='lat' dir='ltr'>palliumque</span> <span class='ocrx_word' id='word_1_366' title='bbox 880 1894 1042 1933; x_wconf 87' lang='lat' dir='ltr'>recipere;</span> <span class='ocrx_word' id='word_1_367' title='bbox 1074 1904 1147 1923; x_wconf 82' lang='lat' dir='ltr'>nam</span> <span class='ocrx_word' id='word_1_368' title='bbox 1177 1893 1202 1923; x_wconf 87' lang='lat' dir='ltr'>si</span> <span class='ocrx_word' id='word_1_369' title='bbox 1230 1893 1386 1933; x_wconf 83' lang='lat' dir='ltr'>feceritis,</span> <span class='ocrx_word' id='word_1_370' title='bbox 1411 1893 1501 1934; x_wconf 85' lang='lat' dir='ltr'>quasi</span> <span class='ocrx_word' id='word_1_371' title='bbox 1528 1896 1781 1933; x_wconf 80' lang='lat' dir='ltr'>transgressores</span> <span class='ocrx_word' id='word_1_372' title='bbox 1810 1897 1842 1925; x_wconf 89' lang='lat' dir='ltr'>et</span> 
     </span>
     <span class='ocr_line' id='line_1_41' title="bbox 189 1944 1841 1985; baseline 0 -11"><span class='ocrx_word' id='word_1_373' title='bbox 189 1944 411 1984; x_wconf 73' lang='lat' dir='ltr'>inobedientes</span> <span class='ocrx_word' id='word_1_374' title='bbox 427 1956 483 1976; x_wconf 90' lang='lat' dir='ltr'>vos</span> <span class='ocrx_word' id='word_1_375' title='bbox 500 1946 566 1976; x_wconf 89' lang='lat' dir='ltr'>sine</span> <span class='ocrx_word' id='word_1_376' title='bbox 586 1945 681 1975; x_wconf 90' lang='lat' dir='ltr'>dubio</span> <span class='ocrx_word' id='word_1_377' title='bbox 700 1945 922 1975; x_wconf 85' lang='lat' dir='ltr'>iudicabimus.</span> <span class='ocrx_word' id='word_1_378' title='bbox 957 1944 1050 1975; x_wconf 89' lang='lat' dir='ltr'>Hanc</span> <span class='ocrx_word' id='word_1_379' title='bbox 1067 1948 1174 1975; x_wconf 84' lang='lat' dir='ltr'>autem</span> <span class='ocrx_word' id='word_1_380' title='bbox 1188 1945 1288 1975; x_wconf 90' lang='lat' dir='ltr'>nostri</span> <span class='ocrx_word' id='word_1_381' title='bbox 1298 1945 1498 1985; x_wconf 82' lang='lat' dir='ltr'>apostolatus</span> <span class='ocrx_word' id='word_1_382' title='bbox 1516 1945 1712 1985; x_wconf 86' lang='lat' dir='ltr'>epistolamm</span> <span class='ocrx_word' id='word_1_383' title='bbox 1727 1944 1841 1975; x_wconf 82' lang='lat' dir='ltr'>frater-</span> 
     </span>
     <span class='ocr_line' id='line_1_42' title="bbox 190 1995 1841 2037; baseline 0.001 -12"><span class='ocrx_word' id='word_1_384' title='bbox 190 1995 282 2026; x_wconf 87' lang='lat' dir='ltr'>nitati</span> <span class='ocrx_word' id='word_1_385' title='bbox 306 1999 410 2036; x_wconf 71' lang='lat' dir='ltr'>vestre</span> <span class='ocrx_word' id='word_1_386' title='bbox 435 2007 493 2037; x_wconf 86' lang='lat' dir='ltr'>per</span> <span class='ocrx_word' id='word_1_387' title='bbox 516 1997 599 2028; x_wconf 88' lang='grc'><strong>1111110</strong></span> <span class='ocrx_word' id='word_1_388' title='bbox 615 2000 798 2037; x_wconf 69' lang='lat' dir='ltr'>presentem</span> <span class='ocrx_word' id='word_1_389' title='bbox 814 1996 992 2026; x_wconf 86' lang='lat' dir='ltr'>Iohannem</span> <span class='ocrx_word' id='word_1_390' title='bbox 1009 1995 1227 2026; x_wconf 87' lang='lat' dir='ltr'>venerabilem</span> <span class='ocrx_word' id='word_1_391' title='bbox 1246 1996 1480 2036; x_wconf 82' lang='lat' dir='ltr'>presbyterum⁷</span> <span class='ocrx_word' id='word_1_392' title='bbox 1503 1995 1634 2026; x_wconf 87' lang='lat' dir='ltr'>fidelem</span> <span class='ocrx_word' id='word_1_393' title='bbox 1651 1995 1841 2026; x_wconf 79' lang='lat' dir='ltr'>familiarem</span> 
     </span>
     <span class='ocr_line' id='line_1_43' title="bbox 190 2047 1840 2088; baseline 0 -11"><span class='ocrx_word' id='word_1_394' title='bbox 190 2049 333 2077; x_wconf 87' lang='lat' dir='ltr'>nostrum</span> <span class='ocrx_word' id='word_1_395' title='bbox 343 2049 364 2087; x_wconf 61' lang='grc' dir='ltr'>ὅ,</span> <span class='ocrx_word' id='word_1_396' title='bbox 390 2048 578 2088; x_wconf 82' lang='lat' dir='ltr'>direximus,</span> <span class='ocrx_word' id='word_1_397' title='bbox 604 2049 653 2078; x_wconf 85' lang='lat' dir='ltr'>eui</span> <span class='ocrx_word' id='word_1_398' title='bbox 678 2048 800 2078; x_wconf 89' lang='lat' dir='ltr'>scilicet</span> <span class='ocrx_word' id='word_1_399' title='bbox 823 2048 931 2088; x_wconf 83' lang='lat' dir='ltr'>aliqua</span> <span class='ocrx_word' id='word_1_400' title='bbox 956 2047 1150 2078; x_wconf 83' lang='lat' dir='ltr'>iniunximus</span> <span class='ocrx_word' id='word_1_401' title='bbox 1174 2047 1264 2078; x_wconf 88' lang='lat' dir='ltr'>vobis</span> <span class='ocrx_word' id='word_1_402' title='bbox 1287 2047 1481 2078; x_wconf 83' lang='lat' dir='ltr'>verbotenus</span> <span class='ocrx_word' id='word_1_403' title='bbox 1502 2047 1686 2084; x_wconf 87' lang='lat' dir='ltr'>referenda;</span> <span class='ocrx_word' id='word_1_404' title='bbox 1712 2050 1744 2077; x_wconf 88' lang='lat' dir='ltr'>et</span> <span class='ocrx_word' id='word_1_405' title='bbox 1767 2047 1840 2078; x_wconf 90' lang='lat' dir='ltr'>ideo</span> 
     </span>
     <span class='ocr_line' id='line_1_44' title="bbox 190 2098 1840 2140; baseline 0.001 -12"><span class='ocrx_word' id='word_1_406' title='bbox 190 2098 236 2128; x_wconf 91' lang='lat' dir='ltr'>illi</span> <span class='ocrx_word' id='word_1_407' title='bbox 270 2100 390 2137; x_wconf 83' lang='lat' dir='ltr'>omnia,</span> <span class='ocrx_word' id='word_1_408' title='bbox 424 2110 484 2140; x_wconf 73' lang='lat' dir='ltr'>que</span> <span class='ocrx_word' id='word_1_409' title='bbox 514 2099 554 2130; x_wconf 90' lang='lat' dir='ltr'>de</span> <span class='ocrx_word' id='word_1_410' title='bbox 586 2102 676 2140; x_wconf 86' lang='lat' dir='ltr'>parte</span> <span class='ocrx_word' id='word_1_411' title='bbox 706 2102 815 2130; x_wconf 85' lang='lat' dir='ltr'>nostra</span> <span class='ocrx_word' id='word_1_412' title='bbox 839 2099 957 2130; x_wconf 82' lang='lat' dir='ltr'>dixerit</span> <span class='ocrx_word' id='word_1_413' title='bbox 980 2099 1085 2137; x_wconf 86' lang='lat' dir='ltr'>vobis,</span> <span class='ocrx_word' id='word_1_414' title='bbox 1116 2098 1247 2129; x_wconf 84' lang='lat' dir='ltr'>credere</span> <span class='ocrx_word' id='word_1_415' title='bbox 1272 2099 1453 2129; x_wconf 83' lang='lat' dir='ltr'>nullatenus</span> <span class='ocrx_word' id='word_1_416' title='bbox 1478 2098 1643 2135; x_wconf 88' lang='lat' dir='ltr'>dubitetis;</span> <span class='ocrx_word' id='word_1_417' title='bbox 1674 2099 1840 2139; x_wconf 79' lang='lat' dir='ltr'>ipsamque</span> 
     </span>
     <span class='ocr_line' id='line_1_45' title="bbox 191 2150 1839 2191; baseline 0 -11"><span class='ocrx_word' id='word_1_418' title='bbox 191 2150 371 2191; x_wconf 84' lang='lat' dir='ltr'>epistolam,</span> <span class='ocrx_word' id='word_1_419' title='bbox 395 2153 429 2181; x_wconf 81' lang='lat' dir='ltr'>ut</span> <span class='ocrx_word' id='word_1_420' title='bbox 453 2151 493 2181; x_wconf 82' lang='lat' dir='ltr'>ad</span> <span class='ocrx_word' id='word_1_421' title='bbox 518 2151 657 2181; x_wconf 88' lang='lat' dir='ltr'>omnium</span> <span class='ocrx_word' id='word_1_422' title='bbox 681 2154 823 2182; x_wconf 84' lang='lat' dir='ltr'>vestrum</span> <span class='ocrx_word' id='word_1_423' title='bbox 847 2151 994 2181; x_wconf 87' lang='lat' dir='ltr'>notitiam</span> <span class='ocrx_word' id='word_1_424' title='bbox 1012 2151 1144 2189; x_wconf 83' lang='lat' dir='ltr'>feratur,</span> <span class='ocrx_word' id='word_1_425' title='bbox 1168 2150 1255 2181; x_wconf 87' lang='lat' dir='ltr'>bulla</span> <span class='ocrx_word' id='word_1_426' title='bbox 1271 2153 1379 2181; x_wconf 81' lang='lat' dir='ltr'>nostra</span> <span class='ocrx_word' id='word_1_427' title='bbox 1396 2151 1542 2181; x_wconf 87' lang='lat' dir='ltr'>iussimus</span> <span class='ocrx_word' id='word_1_428' title='bbox 1558 2151 1590 2181; x_wconf 89' lang='lat' dir='ltr'>in</span> <span class='ocrx_word' id='word_1_429' title='bbox 1607 2150 1694 2181; x_wconf 88' lang='lat' dir='ltr'>calce</span> <span class='ocrx_word' id='word_1_430' title='bbox 1712 2151 1839 2191; x_wconf 80' lang='lat' dir='ltr'>signari.</span> 
     </span>
    </p>
   </div>
   <div class='ocr_carea' id='block_1_10' title="bbox 293 2219 1076 2251">
    <p class='ocr_par' dir='ltr' id='par_1_11' title="bbox 293 2219 1076 2251">
     <span class='ocr_line' id='line_1_46' title="bbox 293 2219 1076 2251; baseline 0.001 -8"><span class='ocrx_word' id='word_1_431' title='bbox 293 2219 387 2243; x_wconf 87' lang='lat' dir='ltr'><strong>DATA</strong></span> <span class='ocrx_word' id='word_1_432' title='bbox 406 2220 435 2243; x_wconf 86' lang='lat' dir='ltr'>X.</span> <span class='ocrx_word' id='word_1_433' title='bbox 456 2220 514 2244; x_wconf 87' lang='lat' dir='ltr'>DIE</span> <span class='ocrx_word' id='word_1_434' title='bbox 538 2220 659 2244; x_wconf 78' lang='lat' dir='ltr'>MENSIS</span> <span class='ocrx_word' id='word_1_435' title='bbox 682 2221 780 2251; x_wconf 77' lang='lat' dir='ltr'>1UN11,</span> <span class='ocrx_word' id='word_1_436' title='bbox 800 2221 999 2245; x_wconf 85' lang='lat' dir='ltr'>INDICTIONE</span> <span class='ocrx_word' id='word_1_437' title='bbox 1019 2221 1076 2244; x_wconf 89' lang='lat' dir='ltr'>XII.</span> 
     </span>
    </p>
   </div>
   <div class='ocr_carea' id='block_1_11' title="bbox 189 2362 1840 2564">
    <p class='ocr_par' dir='ltr' id='par_1_12' title="bbox 189 2362 1840 2564">
     <span class='ocr_line' id='line_1_47' title="bbox 981 2362 1050 2391; baseline 0.014 -1"><span class='ocrx_word' id='word_1_438' title='bbox 981 2362 1050 2391; x_wconf 56' lang='lat'><strong>¹197.</strong></span> 
     </span>
     <span class='ocr_line' id='line_1_48' title="bbox 300 2420 1840 2461; baseline -0.001 -11"><span class='ocrx_word' id='word_1_439' title='bbox 300 2420 458 2451; x_wconf 77' lang='lat' dir='ltr'>Iohannes</span> <span class='ocrx_word' id='word_1_440' title='bbox 480 2420 573 2451; x_wconf 87' lang='lat' dir='ltr'>VIII.</span> <span class='ocrx_word' id='word_1_441' title='bbox 598 2430 686 2460; x_wconf 75' lang='lat' dir='ltr'>papa</span> <span class='ocrx_word' id='word_1_442' title='bbox 715 2420 874 2461; x_wconf 66' lang='lat' dir='ltr'>Rostayno</span> <span class='ocrx_word' id='word_1_443' title='bbox 897 2421 1091 2458; x_wconf 62' lang='lat' dir='ltr'>Arelatensi,</span> <span class='ocrx_word' id='word_1_444' title='bbox 1122 2421 1267 2460; x_wconf 69' lang='lat' dir='ltr'>Siyeboclo</span> <span class='ocrx_word' id='word_1_445' title='bbox 1296 2421 1512 2458; x_wconf 73' lang='lat' dir='ltr'>Narbonensi,</span> <span class='ocrx_word' id='word_1_446' title='bbox 1542 2420 1674 2451; x_wconf 79' lang='lat' dir='ltr'>Roberto</span> <span class='ocrx_word' id='word_1_447' title='bbox 1698 2420 1840 2459; x_wconf 66' lang='lat' dir='ltr'>qutcnsi</span> 
     </span>
     <span class='ocr_line' id='line_1_49' title="bbox 191 2470 1840 2512; baseline -0.001 -10"><span class='ocrx_word' id='word_1_448' title='bbox 191 2470 432 2511; x_wconf 75' lang='lat' dir='ltr'>archiepiscopis</span> <span class='ocrx_word' id='word_1_449' title='bbox 450 2472 618 2512; x_wconf 73' lang='lat' dir='ltr'>praecipit,</span> <span class='ocrx_word' id='word_1_450' title='bbox 642 2475 678 2503; x_wconf 76' lang='lat' dir='ltr'>ut</span> <span class='ocrx_word' id='word_1_451' title='bbox 694 2472 730 2503; x_wconf 76' lang='lat' dir='ltr'>de</span> <span class='ocrx_word' id='word_1_452' title='bbox 749 2472 876 2503; x_wconf 73' lang='lat' dir='ltr'>Gibcrto</span> <span class='ocrx_word' id='word_1_453' title='bbox 892 2472 1103 2503; x_wconf 75' lang='lat' dir='ltr'>Nemausensi</span> <span class='ocrx_word' id='word_1_454' title='bbox 1117 2473 1265 2511; x_wconf 72' lang='lat' dir='ltr'>episcopo,</span> <span class='ocrx_word' id='word_1_455' title='bbox 1282 2472 1465 2503; x_wconf 78' lang='lat' dir='ltr'>monasterii</span> <span class='ocrx_word' id='word_1_456' title='bbox 1481 2473 1519 2511; x_wconf 86' lang='lat' dir='ltr'>(s.</span> <span class='ocrx_word' id='word_1_457' title='bbox 1534 2472 1685 2511; x_wconf 68' lang='lat' dir='ltr'>Aeqidz&#39;i),</span> <span class='ocrx_word' id='word_1_458' title='bbox 1702 2471 1783 2510; x_wconf 74' lang='lat' dir='ltr'>quod</span> <span class='ocrx_word' id='word_1_459' title='bbox 1797 2471 1840 2501; x_wconf 70' lang='lat' dir='ltr'>ad</span> 
     </span>
     <span class='ocr_line' id='line_1_50' title="bbox 189 2522 1751 2564; baseline 0 -11"><span class='ocrx_word' id='word_1_460' title='bbox 189 2523 240 2554; x_wconf 79' lang='lat' dir='ltr'>ius</span> <span class='ocrx_word' id='word_1_461' title='bbox 262 2523 288 2554; x_wconf 87' lang='lat' dir='ltr'>b.</span> <span class='ocrx_word' id='word_1_462' title='bbox 307 2522 396 2554; x_wconf 63' lang='lat' dir='ltr'>Petri</span> <span class='ocrx_word' id='word_1_463' title='bbox 413 2524 561 2564; x_wconf 77' lang='lat' dir='ltr'>pertinet,</span> <span class='ocrx_word' id='word_1_464' title='bbox 585 2523 737 2561; x_wconf 77' lang='lat' dir='ltr'>invasore,</span> <span class='ocrx_word' id='word_1_465' title='bbox 762 2535 832 2554; x_wconf 82' lang='lat' dir='ltr'>cum</span> <span class='ocrx_word' id='word_1_466' title='bbox 854 2524 1042 2564; x_wconf 65' lang='lat' dir='ltr'>coepiscopis</span> <span class='ocrx_word' id='word_1_467' title='bbox 1065 2524 1221 2554; x_wconf 73' lang='lat' dir='ltr'>iudicium</span> <span class='ocrx_word' id='word_1_468' title='bbox 1244 2525 1360 2561; x_wconf 75' lang='lat' dir='ltr'>ferant.</span> <span class='ocrx_word' id='word_1_469' title='bbox 1526 2524 1589 2553; x_wconf 73' lang='lat'>879</span> <span class='ocrx_word' id='word_1_470' title='bbox 1613 2523 1688 2553; x_wconf 70' lang='lat' dir='ltr'>Iun.</span> <span class='ocrx_word' id='word_1_471' title='bbox 1701 2522 1751 2553; x_wconf 69' lang='lat'>14.</span> 
     </span>
    </p>
   </div>
   <div class='ocr_carea' id='block_1_12' title="bbox 296 2585 1734 2593">
    <p class='ocr_par' dir='ltr' id='par_1_13' title="bbox 296 2585 1734 2593">
     <span class='ocr_line' id='line_1_51' title="bbox 296 2585 1734 2593; baseline 0 0"><span class='ocrx_word' id='word_1_472' title='bbox 296 2585 1734 2593; x_wconf 95' lang='lat' dir='ltr'> </span> 
     </span>
    </p>
   </div>
   <div class='ocr_carea' id='block_1_13' title="bbox 188 2625 1836 2745">
    <p class='ocr_par' dir='ltr' id='par_1_14' title="bbox 188 2625 1836 2745">
     <span class='ocr_line' id='line_1_52' title="bbox 293 2625 1836 2658; baseline -0.002 -8"><span class='ocrx_word' id='word_1_473' title='bbox 293 2625 349 2651; x_wconf 80' lang='lat'>196.</span> <span class='ocrx_word' id='word_1_474' title='bbox 379 2628 402 2658; x_wconf 71' lang='lat'>³⁴)</span> <span class='ocrx_word' id='word_1_475' title='bbox 421 2634 568 2655; x_wconf 67' lang='lat' dir='ltr'>careamus</span> <span class='ocrx_word' id='word_1_476' title='bbox 586 2627 618 2652; x_wconf 78' lang='lat' dir='ltr'>B.</span> <span class='ocrx_word' id='word_1_477' title='bbox 689 2626 714 2658; x_wconf 84' lang='lat' dir='ltr'>b)</span> <span class='ocrx_word' id='word_1_478' title='bbox 734 2634 947 2656; x_wconf 76' lang='lat' dir='ltr'>CETERORUMQUE</span> <span class='ocrx_word' id='word_1_479' title='bbox 966 2627 997 2652; x_wconf 75' lang='lat' dir='ltr'>R.</span> <span class='ocrx_word' id='word_1_480' title='bbox 1069 2628 1091 2657; x_wconf 80' lang='lat' dir='ltr'>c)</span> <span class='ocrx_word' id='word_1_481' title='bbox 1109 2636 1125 2651; x_wconf 88' lang='grc' dir='ltr'><strong><em>ν</em></strong></span> <span class='ocrx_word' id='word_1_482' title='bbox 1139 2636 1246 2652; x_wconf 60' lang='lat' dir='ltr'>coronex</span> <span class='ocrx_word' id='word_1_483' title='bbox 1259 2628 1275 2651; x_wconf 84' lang='lat' dir='ltr'>b</span> <span class='ocrx_word' id='word_1_484' title='bbox 1294 2627 1326 2651; x_wconf 80' lang='lat' dir='ltr'>R.</span> <span class='ocrx_word' id='word_1_485' title='bbox 1397 2625 1420 2658; x_wconf 83' lang='lat' dir='ltr'>d)</span> <span class='ocrx_word' id='word_1_486' title='bbox 1439 2636 1504 2651; x_wconf 78' lang='lat' dir='ltr'>corr.</span> <span class='ocrx_word' id='word_1_487' title='bbox 1515 2635 1545 2651; x_wconf 68' lang='lat' dir='ltr'>ex</span> <span class='ocrx_word' id='word_1_488' title='bbox 1562 2627 1665 2658; x_wconf 85' lang='lat' dir='ltr'>impedit</span> <span class='ocrx_word' id='word_1_489' title='bbox 1679 2626 1712 2649; x_wconf 77' lang='lat' dir='ltr'>al.</span> <span class='ocrx_word' id='word_1_490' title='bbox 1724 2634 1792 2649; x_wconf 76' lang='lat' dir='ltr'>mun,</span> <span class='ocrx_word' id='word_1_491' title='bbox 1806 2625 1836 2648; x_wconf 65' lang='lat' dir='ltr'>lt.</span> 
     </span>
     <span class='ocr_line' id='line_1_53' title="bbox 189 2667 1836 2702; baseline -0.002 -9"><span class='ocrx_word' id='word_1_492' title='bbox 189 2669 211 2699; x_wconf 62' lang='grc' dir='ltr'>ἓ)</span> <span class='ocrx_word' id='word_1_493' title='bbox 231 2677 315 2700; x_wconf 82' lang='lat' dir='ltr'>nequa</span> <span class='ocrx_word' id='word_1_494' title='bbox 334 2678 400 2694; x_wconf 82' lang='lat' dir='ltr'>corr.</span> <span class='ocrx_word' id='word_1_495' title='bbox 413 2670 440 2693; x_wconf 79' lang='lat' dir='ltr'>in</span> <span class='ocrx_word' id='word_1_496' title='bbox 458 2672 476 2693; x_wconf 74' lang='grc' dir='ltr'>ι’]</span> <span class='ocrx_word' id='word_1_497' title='bbox 496 2670 527 2695; x_wconf 79' lang='lat' dir='ltr'>R.</span> <span class='ocrx_word' id='word_1_498' title='bbox 616 2668 635 2702; x_wconf 67' lang='lat'>¹“)</span> <span class='ocrx_word' id='word_1_499' title='bbox 655 2678 720 2694; x_wconf 84' lang='lat' dir='ltr'>corr.</span> <span class='ocrx_word' id='word_1_500' title='bbox 734 2678 765 2694; x_wconf 70' lang='lat' dir='ltr'>cx</span> <span class='ocrx_word' id='word_1_501' title='bbox 783 2670 921 2694; x_wconf 83' lang='lat' dir='ltr'>adtenditis</span> <span class='ocrx_word' id='word_1_502' title='bbox 941 2670 972 2694; x_wconf 79' lang='lat' dir='ltr'>R.</span> <span class='ocrx_word' id='word_1_503' title='bbox 1058 2670 1083 2701; x_wconf 71' lang='grc' dir='ltr'>ἕ)</span> <span class='ocrx_word' id='word_1_504' title='bbox 1103 2679 1168 2695; x_wconf 74' lang='lat' dir='ltr'>corr.</span> <span class='ocrx_word' id='word_1_505' title='bbox 1183 2679 1213 2694; x_wconf 68' lang='lat' dir='ltr'>cz</span> <span class='ocrx_word' id='word_1_506' title='bbox 1231 2674 1345 2695; x_wconf 74' lang='lat' dir='ltr'>vestrum</span> <span class='ocrx_word' id='word_1_507' title='bbox 1364 2670 1396 2694; x_wconf 73' lang='lat' dir='ltr'>R.</span> <span class='ocrx_word' id='word_1_508' title='bbox 1480 2668 1505 2701; x_wconf 85' lang='lat' dir='ltr'>h)</span> <span class='ocrx_word' id='word_1_509' title='bbox 1524 2670 1570 2701; x_wconf 61' lang='lat' dir='ltr'>gr]</span> <span class='ocrx_word' id='word_1_510' title='bbox 1588 2669 1619 2693; x_wconf 83' lang='lat' dir='ltr'>R.</span> <span class='ocrx_word' id='word_1_511' title='bbox 1702 2667 1719 2698; x_wconf 89' lang='lat' dir='ltr'>i)</span> <span class='ocrx_word' id='word_1_512' title='bbox 1740 2669 1785 2691; x_wconf 58' lang='lat' dir='ltr'>nr]</span> <span class='ocrx_word' id='word_1_513' title='bbox 1805 2667 1836 2691; x_wconf 70' lang='lat' dir='ltr'>le.</span> 
     </span>
     <span class='ocr_line' id='line_1_54' title="bbox 188 2710 1527 2745; baseline 0 -9"><span class='ocrx_word' id='word_1_514' title='bbox 188 2710 213 2743; x_wconf 85' lang='lat' dir='ltr'>k)</span> <span class='ocrx_word' id='word_1_515' title='bbox 233 2712 431 2744; x_wconf 83' lang='lat' dir='ltr'>decesorumque</span> <span class='ocrx_word' id='word_1_516' title='bbox 450 2712 482 2738; x_wconf 83' lang='lat' dir='ltr'>R.</span> <span class='ocrx_word' id='word_1_517' title='bbox 569 2711 588 2744; x_wconf 92' lang='lat' dir='ltr'>l)</span> <span class='ocrx_word' id='word_1_518' title='bbox 604 2713 717 2744; x_wconf 77' lang='lat' dir='ltr'>primum</span> <span class='ocrx_word' id='word_1_519' title='bbox 736 2722 751 2745; x_wconf 93' lang='lat' dir='ltr'>p</span> <span class='ocrx_word' id='word_1_520' title='bbox 770 2721 836 2737; x_wconf 84' lang='lat' dir='ltr'>corr.</span> <span class='ocrx_word' id='word_1_521' title='bbox 849 2722 880 2738; x_wconf 71' lang='lat' dir='ltr'>ex</span> <span class='ocrx_word' id='word_1_522' title='bbox 898 2722 912 2738; x_wconf 84' lang='lat' dir='ltr'>e</span> <span class='ocrx_word' id='word_1_523' title='bbox 930 2713 962 2738; x_wconf 82' lang='lat' dir='ltr'>B.</span> <span class='ocrx_word' id='word_1_524' title='bbox 1051 2714 1082 2741; x_wconf 85' lang='lat'>¹¹¹)</span> <span class='ocrx_word' id='word_1_525' title='bbox 1102 2722 1168 2738; x_wconf 80' lang='lat' dir='ltr'>corr.</span> <span class='ocrx_word' id='word_1_526' title='bbox 1182 2722 1212 2738; x_wconf 77' lang='lat' dir='ltr'>ex</span> <span class='ocrx_word' id='word_1_527' title='bbox 1231 2713 1339 2745; x_wconf 82' lang='lat' dir='ltr'>epistola</span> <span class='ocrx_word' id='word_1_528' title='bbox 1357 2713 1391 2737; x_wconf 81' lang='lat' dir='ltr'>al.</span> <span class='ocrx_word' id='word_1_529' title='bbox 1408 2721 1476 2737; x_wconf 67' lang='lat' dir='ltr'>onan.</span> <span class='ocrx_word' id='word_1_530' title='bbox 1498 2713 1527 2736; x_wconf 79' lang='lat' dir='ltr'>B.</span> 
     </span>
    </p>
   </div>
   <div class='ocr_carea' id='block_1_14' title="bbox 190 2780 1835 2860">
    <p class='ocr_par' dir='ltr' id='par_1_15' title="bbox 190 2780 1835 2860">
     <span class='ocr_line' id='line_1_55' title="bbox 296 2780 1835 2817; baseline -0.002 -8"><span class='ocrx_word' id='word_1_531' title='bbox 296 2785 320 2815; x_wconf 88' lang='lat'>1)</span> <span class='ocrx_word' id='word_1_532' title='bbox 340 2783 450 2815; x_wconf 76' lang='lat' dir='ltr'>Jadera,</span> <span class='ocrx_word' id='word_1_533' title='bbox 471 2783 548 2810; x_wconf 78' lang='lat' dir='ltr'>hodie</span> <span class='ocrx_word' id='word_1_534' title='bbox 565 2784 665 2811; x_wconf 76' lang='lat' dir='ltr'>‘Zara’.</span> <span class='ocrx_word' id='word_1_535' title='bbox 737 2785 763 2817; x_wconf 84' lang='lat'>2)</span> <span class='ocrx_word' id='word_1_536' title='bbox 785 2784 871 2810; x_wconf 69' lang='lat' dir='ltr'>Hodie</span> <span class='ocrx_word' id='word_1_537' title='bbox 883 2784 995 2817; x_wconf 78' lang='lat' dir='ltr'>‘Absor&#39;,</span> <span class='ocrx_word' id='word_1_538' title='bbox 1014 2793 1033 2810; x_wconf 88' lang='grc'><strong>0.</strong></span> <span class='ocrx_word' id='word_1_539' title='bbox 1047 2788 1163 2811; x_wconf 81' lang='grc'><strong>870-0.</strong></span> <span class='ocrx_word' id='word_1_540' title='bbox 1176 2788 1238 2810; x_wconf 69' lang='grc'><strong>880.</strong></span> <span class='ocrx_word' id='word_1_541' title='bbox 1309 2784 1336 2816; x_wconf 85' lang='grc'>3)</span> <span class='ocrx_word' id='word_1_542' title='bbox 1357 2783 1442 2809; x_wconf 77' lang='lat' dir='ltr'>Hodie</span> <span class='ocrx_word' id='word_1_543' title='bbox 1455 2783 1585 2809; x_wconf 67' lang='grc' dir='ltr'><strong>’80101ιαῖ</strong></span> <span class='ocrx_word' id='word_1_544' title='bbox 1656 2783 1681 2814; x_wconf 84' lang='grc'>4)</span> <span class='ocrx_word' id='word_1_545' title='bbox 1699 2780 1835 2813; x_wconf 58' lang='lat' dir='ltr'>‘Spalatol</span> 
     </span>
     <span class='ocr_line' id='line_1_56' title="bbox 190 2825 1542 2860; baseline -0.001 -8"><span class='ocrx_word' id='word_1_546' title='bbox 190 2827 216 2859; x_wconf 86' lang='lat'>5)</span> <span class='ocrx_word' id='word_1_547' title='bbox 234 2826 338 2852; x_wconf 70' lang='grc' dir='ltr'>ιΖανα’.</span> <span class='ocrx_word' id='word_1_548' title='bbox 428 2827 453 2859; x_wconf 90' lang='lat'>6)</span> <span class='ocrx_word' id='word_1_549' title='bbox 476 2827 608 2860; x_wconf 61' lang='lat' dir='ltr'>Venetam,</span> <span class='ocrx_word' id='word_1_550' title='bbox 626 2827 673 2859; x_wconf 74' lang='lat' dir='ltr'>qui</span> <span class='ocrx_word' id='word_1_551' title='bbox 691 2827 767 2853; x_wconf 77' lang='lat' dir='ltr'>etiam</span> <span class='ocrx_word' id='word_1_552' title='bbox 787 2835 824 2860; x_wconf 78' lang='lat' dir='ltr'>ep.</span> <span class='ocrx_word' id='word_1_553' title='bbox 844 2835 871 2854; x_wconf 76' lang='lat' dir='ltr'>n.</span> <span class='ocrx_word' id='word_1_554' title='bbox 886 2831 930 2853; x_wconf 83' lang='lat'>191</span> <span class='ocrx_word' id='word_1_555' title='bbox 947 2827 1063 2853; x_wconf 75' lang='lat' dir='ltr'>eiusdem</span> <span class='ocrx_word' id='word_1_556' title='bbox 1079 2828 1132 2859; x_wconf 80' lang='lat' dir='ltr'>scre</span> <span class='ocrx_word' id='word_1_557' title='bbox 1151 2827 1299 2860; x_wconf 67' lang='lat' dir='ltr'>amumenti</span> <span class='ocrx_word' id='word_1_558' title='bbox 1318 2826 1426 2852; x_wconf 75' lang='lat' dir='ltr'>Nonam</span> <span class='ocrx_word' id='word_1_559' title='bbox 1444 2825 1542 2851; x_wconf 67' lang='lat' dir='ltr'>detulit.</span> 
     </span>
    </p>
   </div>
   <div class='ocr_carea' id='block_1_15' title="bbox 1858 561 1975 585">
    <p class='ocr_par' dir='ltr' id='par_1_16' title="bbox 1858 561 1975 585">
     <span class='ocr_line' id='line_1_57' title="bbox 1858 561 1975 585; baseline 0.017 -5"><span class='ocrx_word' id='word_1_560' title='bbox 1858 561 1887 580; x_wconf 77' lang='lat' dir='ltr'>Io.</span> <span class='ocrx_word' id='word_1_561' title='bbox 1900 563 1931 585; x_wconf 67' lang='lat'>21,</span> <span class='ocrx_word' id='word_1_562' title='bbox 1944 563 1975 583; x_wconf 92' lang='grc'>17.</span> 
     </span>
    </p>
   </div>
   <div class='ocr_carea' id='block_1_16' title="bbox 1857 1130 2032 1152">
    <p class='ocr_par' dir='ltr' id='par_1_17' title="bbox 1857 1130 2032 1152">
     <span class='ocr_line' id='line_1_58' title="bbox 1857 1130 2032 1152; baseline 0.006 -2"><span class='ocrx_word' id='word_1_563' title='bbox 1857 1131 1885 1152; x_wconf 69' lang='lat' dir='ltr'>cf.</span> <span class='ocrx_word' id='word_1_564' title='bbox 1900 1130 1956 1152; x_wconf 77' lang='lat' dir='ltr'>Phil.</span> <span class='ocrx_word' id='word_1_565' title='bbox 1969 1133 1987 1152; x_wconf 67' lang='lat'>2,</span> <span class='ocrx_word' id='word_1_566' title='bbox 1998 1132 2032 1151; x_wconf 82' lang='lat'>21.</span> 
     </span>
    </p>
   </div>
  </div>
 </body>
</html>
