2189 3042
229 811 253 830 10

229 1068 252 1086 15

228 1327 252 1346 20

227 1584 251 1603 25

226 1840 251 1860 30

227 2132 250 2149 35

226 2344 252 2362 40

227 2558 251 2576 45

641 161 868 188 FRAGMENTA
888 161 1057 189 REGISTRI
1080 162 1257 188 IOHANNIS
1280 163 1350 189 VIII.
1372 162 1488 188 PAPAE
1510 163 1552 189 41.
1857 166 1918 195 297

1073 260 1123 288 41.

380 311 537 342 Iohannes
560 310 655 342 VIII.
673 321 763 350 papa
787 312 980 343 Luam-immi
1004 312 1086 351 (III.
1107 313 1277 353 simiorem)
1301 315 1329 343 et
1352 312 1510 344 Karolum
1533 313 1634 352 (III.)
1662 313 1744 352 filios
1767 313 1920 344 Ladoitici

273 363 490 402 (Germanici)
513 364 622 399 neonet,
646 365 683 392 at
702 365 810 401 partos
832 363 919 402 regyni
942 362 1090 394 Loiharii
1109 364 1168 404 (I.)
1195 364 1392 403 imperatoris
1415 367 1524 395 eontra
1547 365 1599 395 ius
1624 367 1791 403 occupatas
1813 364 1919 395 Ludo-

272 414 338 445 vico
355 413 433 452 (II.)
457 414 640 452 imperatori
662 414 805 444 reddant.
1580 416 1748 455 (SM-75
1775 416 1832 455 in.)

380 472 440 498 Con.
454 480 527 498 ccm.:
555 472 579 498 A
599 474 618 505 f.
634 474 693 498 130¹
714 480 752 504 ep.
766 476 805 498 38.

376 515 443 541 Ea„-
473 514 571 540 Ewald
590 514 651 540 NA.
677 515 705 547 V,
721 518 770 541 310
788 523 814 540 n.
827 518 860 541 38
878 523 910 541 ca:
928 517 961 542 A.
984 531 1012 534 —
1032 516 1223 548 Jaffe‘AEwald
1243 517 1306 550 Rng.
1320 519 1396 542 3000.

687 595 895 630 [LUDOVIC]O¹
916 599 959 622 ET
978 599 1152 624 KAROL022
1172 598 1282 630 [FILHS
1305 597 1506 630 LU]1)OV1('1³.

381 650 424 687 (l)
450 646 642 690 [melatumb
655 651 704 678 est
720 647 820 686 nobis,
839 648 923 689 quod
941 649 1095 689 quasdam
1113 652 1214 680 sortes
1231 650 1321 689 regni
1339 649 1499 689 quondam
1518 650 1590 680 dive
1606 650 1761 681 memorie
1775 650 1920 681 Lotharii

271 699 499 740 imperatoris⁴
533 699 794 730 inconvenienter
826 700 1010 730 retineatis⁵
1045 703 1077 731 et
1111 703 1216 731 vestro
1252 711 1308 741 pro
1344 700 1437 730 libitu
1466 704 1576 732 contra
1608 712 1734 732 omnem
1762 702 1919 732 iusticiam

274 750 460 791 disponatis,
512 750 622 791 Ipsum
657 750 816 791 siquidem
844 761 978 791 regnum
1010 755 1142 792 paterno
1173 755 1270 792 atque
1300 751 1441 783 fraterno
1473 753 1541 783 iure
1572 753 1712 793 piissimo
1744 756 1775 783 et
1803 764 1821 784 a
1848 753 1919 784 Deo

274 802 493 833 conservando
529 802 645 833 domno
676 802 840 833 Ludovico
874 808 1018 843 semper-⁰
1053 803 1220 844 augustoss,
1257 804 1343 844 quod
1375 807 1406 835 et
1436 814 1492 834 vos
1522 804 1624 834 latere
1657 815 1718 834 non
1751 804 1918 844 credimus,

272 853 379 884 multis
406 853 509 884 modis
539 853 684 885 debetur.
734 853 775 884 Et
802 863 857 884 vos
886 864 984 894 quare
1012 855 1180 893 terminos,
1212 864 1290 894 quos
1319 854 1516 894 posueruntd
1542 858 1649 895 patres
1676 855 1787 893 vestri,
1816 857 1917 885 trans-

271 904 462 946 grediamini
497 908 607 935 contra
642 904 690 935 fas
720 905 902 944 retinendo,
937 906 1097 936 miramur.
1152 906 1203 936 An
1238 906 1407 946 ignoratis,
1441 906 1526 946 quod
1555 909 1620 936 tam
1648 907 1717 946 ipse
1750 906 1920 937 Lotharius

273 956 486 997 imperator²³⁷
515 959 548 987 et
576 956 710 987 dilectus
739 956 821 986 filius
853 959 962 987 noster
992 956 1196 987 Ludovicusss
1224 957 1350 997 genitor
1377 960 1483 988 vester
1516 960 1612 997 atque
1640 957 1797 987 Karolus⁹
1827 967 1921 997 reges

271 1008 354 1038 inter
370 1018 403 1038 se
421 1007 611 1038 divisionem
623 1007 650 1025 ¹⁰
667 1006 811 1047 fecerint,
834 1007 885 1038 utf
900 1007 959 1037 sibi
977 1010 1009 1038 et
1029 1007 1100 1038 filiis
1120 1008 1184 1038 suis
1207 1008 1349 1047 singulas
1366 1011 1469 1038 metas
1486 1008 1526 1038 ad
1543 1009 1679 1038 invicem
1697 1011 1921 1038 conservantes

272 1062 304 1090 et
328 1059 508 1090 amiciciam
531 1062 676 1089 mutuam
699 1059 907 1089 custodierint
931 1062 963 1090 et
985 1069 1079 1090 nemo
1105 1069 1214 1089 eorum
1237 1059 1409 1089 fraternam
1433 1062 1551 1090 sortem
1576 1058 1788 1089 transiliretss?
1828 1058 1920 1094 Quod

270 1120 333 1140 non
357 1110 462 1141 verbis
486 1110 543 1141 sed
568 1110 664 1140 etiam
688 1110 905 1141 iuramentoll
922 1109 1015 1140 sunt¹¹
1040 1113 1184 1150 tempore
1208 1109 1263 1140 illo
1288 1110 1421 1150 polliciti
1445 1111 1614 1151 ipsumque
1639 1110 1862 1146 iuramentum,
1886 1113 1921 1140 ut

270 1162 429 1192 removeri
453 1172 516 1192 nou
539 1164 657 1202 posset,
682 1161 750 1192 sedi
774 1161 964 1202 apostolice,
994 1164 1029 1192 ut
1051 1161 1106 1192 illa
1130 1171 1225 1202 super
1247 1161 1307 1192 hoc
1339 1164 1424 1192 esset
1454 1162 1623 1202 posteriori
1655 1165 1800 1202 tempore
1830 1161 1920 1191 testis

272 1216 303 1244 et
326 1213 433 1253 iudex,
460 1214 653 1244 unanimiter
676 1213 919 1243 transmiserunt
942 1216 974 1243 et
997 1223 1059 1243 non
1083 1212 1185 1243 solum
1208 1213 1240 1243 in
1264 1213 1393 1243 archivo
1416 1216 1523 1252 nostre
1549 1213 1683 1252 ecclesie
1707 1222 1788 1243 nunc
1811 1216 1921 1243 manet

270 1264 470 1295 reconditum
481 1264 518 1303 ¹²,
542 1274 651 1295 verum
677 1264 784 1303 etiam,
808 1267 843 1294 ut
865 1264 1000 1294 validius
1024 1264 1249 1305 robustiusque
1274 1268 1401 1304 pactum
1425 1265 1529 1305 ipsum
1557 1264 1761 1295 iureiurando
1777 1264 1921 1295 habitum

271 1318 485 1356 permaneret,
503 1315 644 1346 sinodica
661 1316 829 1346 conventio
847 1315 1053 1346 diffinivitiffi.
1089 1315 1182 1347 Unde
1200 1315 1249 1346 vel
1266 1315 1388 1356 pudeat
1404 1326 1470 1355 VOS,
1492 1316 1589 1346 immo
1606 1315 1817 1356 perterreatk,
1835 1315 1921 1356 quod

271 1367 398 1408 genitor
420 1370 527 1398 vester
543 1367 830 1398 Christianissimus
853 1377 911 1398 rex
935 1367 1028 1397 simul
1052 1377 1122 1397 cum
1147 1367 1209 1397 illis
1232 1367 1386 1398 iuraverit
1409 1370 1442 1398 et
1464 1377 1545 1398 nunc
1562 1366 1676 1405 velitis,
1700 1372 1735 1396 ut
1758 1366 1798 1397 de
1818 1367 1920 1397 amico

270 1419 333 1450 Dei
356 1419 510 1459 inimicus,
534 1419 620 1460 quod
644 1418 737 1458 absit,
761 1429 877 1449 nomen
897 1418 1028 1449 Domini
1051 1418 1225 1459 peieraudo
1250 1419 1470 1449 constituatur.
1510 1419 1741 1449 Verumtamen
1764 1417 1828 1457 ille,
1853 1417 1920 1458 qui1

270 1481 333 1501 non
358 1473 406 1501 est
429 1480 484 1500 sue
508 1470 694 1509 voluntatis,
722 1470 762 1500 ab
787 1470 847 1500 hoc
874 1480 955 1500 nevo
979 1470 1105 1510 peccati
1129 1470 1190 1500 erit
1213 1470 1354 1501 fortassis
1377 1470 1573 1510 immunis14,
1597 1480 1653 1500 vos
1677 1479 1751 1500 vero
1761 1474 1781 1486 ¹¹¹
1805 1479 1919 1500 cavere

272 1525 412 1562 oportet,
443 1532 483 1552 ne
508 1521 688 1552 moriamini
711 1521 742 1551 in
767 1520 884 1552 delicto
908 1521 968 1552 isto
996 1525 1028 1552 et
1058 1521 1232 1552 amittatisn
1256 1522 1351 1552 flores
1380 1525 1484 1553 vestre
1512 1521 1707 1551 nobilissime
1737 1521 1918 1551 iuventutis.

271 1572 376 1603 Huius
399 1573 446 1603 rei
468 1573 572 1613 gratia
594 1583 774 1613 monemus,
803 1572 983 1611 hortamur,
1011 1576 1059 1612 ut,
1090 1573 1194 1613 quod⁰
1219 1573 1258 1603 de
1283 1573 1460 1614 prescripto
1485 1582 1585 1613 regno
1609 1573 1739 1607 tenetis,
1771 1572 1918 1602 continuo

270 1624 436 1664 deseratis,
459 1624 499 1655 ab
523 1624 687 1654 invasione
710 1624 765 1654 illa
787 1625 918 1655 cessetis
943 1627 975 1655 et
998 1624 1117 1655 nullam
1142 1623 1377 1655 ordinationem
1402 1624 1588 1664 nullamque
1611 1626 1806 1664 potestatem
1830 1623 1919 1654 vobis

269 1674 432 1706 vindicare
460 1676 633 1716 conemini,
664 1676 812 1716 quatinus
841 1675 929 1706 idem
959 1676 1200 1706 serenissimus1²
1228 1676 1418 1716 imperator,
1451 1685 1513 1716 que
1542 1686 1599 1705 sua
1630 1678 1717 1715 sunt,
1745 1684 1801 1705 suo
1830 1685 1918 1705 more

270 1726 434 1767 dispenset
457 1729 488 1758 et
512 1727 671 1767 divinitus,
695 1727 785 1758 iuxta
808 1727 894 1768 quod
918 1727 1095 1768 placueritq
1119 1727 1190 1765 sibi,
1215 1726 1374 1768 disponat.
1415 1726 1479 1757 Sed
1504 1730 1537 1757 et
1560 1726 1620 1757 hoc
1644 1726 1862 1756 interdicimus
1882 1736 1919 1756 ac

268 1778 373 1809 modis
397 1778 543 1809 omnibus
565 1778 760 1819 inhibemus,
792 1781 828 1809 ut
850 1789 922 1809 cum
950 1778 1108 1819 aliquibus
1136 1778 1317 1809 hominibus
1345 1789 1402 1819 pro
1433 1778 1645 1809 diminucione
1676 1777 1801 1807 iamfati
1830 1777 1919 1817 regni

270 1829 395 1861 domnir
417 1830 619 1870 imperatoris
642 1832 771 1870 pactum
795 1829 926 1871 aliquod
949 1840 1012 1860 non
1034 1831 1159 1861 ineatis.

371 1929 412 1954 41.
441 1929 463 1961 a)
482 1930 535 1953 Ka‘r
553 1929 587 1954 A.
686 1928 710 1962 b)
730 1929 815 1954 littera
833 1929 940 1954 initialis
959 1929 1027 1954 deest
1045 1929 1077 1954 A.
1178 1929 1200 1961 c)
1220 1936 1266 1961 sep
1286 1929 1318 1954 A.
1424 1928 1448 1961 d)
1468 1933 1611 1961 pnsnerunt
1630 1929 1663 1953 Α,
1768 1927 1790 1958 e)
1810 1936 1876 1952 corr.
1890 1936 1919 1951 ex

268 1973 382 1997 Lotharii
400 1973 560 2004 imperatoris
579 1971 612 1996 A.
710 1971 730 2003 f)
750 1976 774 1997 et
793 1972 830 2003 A,
850 1980 916 1997 corr.
931 1972 1036 2004 Bislwp.
1136 1971 1161 2003 8)
1180 1973 1340 1997 transilirent
1359 1972 1391 1997 A.
1492 1971 1516 2003 ¹¹)
1536 1972 1568 1996 sit
1587 1971 1620 1996 A.
1719 1970 1737 2001 i)
1757 1971 1867 1995 difinivit
1885 1970 1918 1995 A.

268 2014 293 2045 k)
313 2020 399 2047 pti-eat
418 2015 455 2046 A,
480 2024 546 2040 corr.
560 2015 666 2046 Bishop.
760 2013 778 2044 l)
798 2023 834 2039 an
852 2015 987 2046 legendum
1006 2019 1041 2039 est
1060 2015 1139 2047 quia?
1235 2016 1266 2047 m)
1286 2024 1346 2040 vere
1365 2015 1401 2044 A,
1428 2023 1495 2039 corr.
1509 2014 1615 2046 Bislzop.
1711 2012 1736 2045 n)
1756 2013 1866 2038 :unitatis
1886 2013 1918 2037 A.

270 2059 293 2087 ⁰)
312 2065 332 2089 q
351 2058 384 2082 A.
471 2058 495 2086 P)
515 2058 678 2082 serenisimus
698 2058 730 2082 A.
819 2057 843 2088 q)
862 2065 928 2082 corr.
942 2066 972 2082 eae
991 2058 1087 2090 placuit
1108 2057 1139 2082 A.
1229 2058 1250 2087 r)
1270 2058 1347 2082 donni
1368 2058 1400 2082 Δ.

373 2125 398 2156 1)
418 2124 534 2150 Iuniori.
604 2124 630 2157 2)
651 2124 707 2150 III.
778 2125 804 2157 3)
820 2124 982 2150 Germanici.
1011 2124 1094 2156 Apud
1107 2124 1205 2149 Ewalcl
1223 2127 1245 2150 et
1262 2125 1360 2150 iterum
1373 2124 1448 2157 capaci
1464 2123 1635 2149 Mz'dzlbaclzer
1648 2123 1725 2155 Re9.2
1739 2127 1803 2149 1504
1814 2123 1919 2155 (1462)Ζ)

269 2167 335 2193 haec
353 2167 462 2199 epistola
481 2167 517 2192 nd
535 2166 703 2192 Ladon-icam
723 2167 910 2193 Germanicam
927 2169 949 2192 et
968 2167 1103 2192 Karolam
1118 2167 1226 2193 Calvam
1243 2167 1313 2199 filios
1326 2167 1456 2193 Luam-ici·
1477 2167 1523 2192 Pii
1541 2166 1627 2192 relata
1646 2168 1689 2196 est,
1709 2165 1754 2191 sed
1771 2174 1919 2198 perperam,

270 2213 300 2236 at
320 2210 370 2242 ipse
389 2212 533 2242 contextus,
551 2210 596 2235 ubi
609 2209 765 2236 Imdovicus
780 2210 956 2236 Germanicus
974 2209 1084 2243 genitor
1097 2211 1189 2237 vester
1207 2211 1367 2243 appellatur,
1381 2210 1514 2243 patefacit
1534 2210 1579 2243 (cf.
1593 2209 1608 2234 Z.
1623 2209 1680 2242 13),·
1697 2211 1762 2234 'reete
1779 2210 1919 2234 senserant

270 2253 440 2284 Loezrenfeld
458 2253 488 2278 in
505 2252 582 2284 Jaffe'
600 2252 664 2285 Rey.
677 2252 714 2277 II
719 2255 728 2268 ²
741 2252 809 2278 Add.
828 2255 850 2278 et
865 2252 939 2279 Corr.
954 2260 982 2285 12·
996 2256 1051 2284 704,
1071 2252 1264 2285 Damnum-12,
1279 2257 1328 2279 209
1346 2256 1438 2278 cinnat.
1450 2257 1471 2285 1,
1492 2252 1609 2284 Lapdire
1628 2252 1643 2278 I.
1655 2252 1671 2278 l.
1686 2260 1714 2284 p.
1725 2254 1777 2277 ⁴230
1794 2254 1884 2278 armet.
1895 2254 1917 2277 3.

269 2296 499 2327 Karolomamzus,
518 2296 599 2321 trium
618 2296 737 2328 fratrum
752 2296 952 2329 primogenitas,
972 2304 1027 2321 non
1045 2295 1184 2328 laudatur,
1203 2297 1268 2329 qaia
1286 2297 1316 2321 in
1334 2296 1461 2321 divisione
1478 2295 1556 2329 ‘regni
1575 2304 1599 2320 a.
1613 2298 1664 2321 365
1683 2295 1728 2328 (ef.
1746 2294 1919 2319 Malilbacher

272 2339 336 2372 Rey.
351 2342 415 2364 1459
429 2338 526 2371 [1416]
532 2339 560 2371 α)
580 2338 740 2363 Baioariam
761 2341 869 2370 nactas,
893 2341 985 2371 partes
1006 2339 1083 2372 regni
1101 2338 1227 2364 Lothar'ii
1245 2339 1285 2365 II.
1302 2341 1362 2371 post
1382 2338 1539 2363 divisionem
1557 2337 1633 2370 apud
1651 2337 1795 2363 Mem-snam
1817 2338 1918 2368 factam

271 2390 295 2407 a.
310 2385 361 2407 5¹70
384 2381 430 2413 (cf.
450 2380 510 2406 ibid.
525 2384 590 2406 1480
603 2380 709 2414 [1437])
732 2381 762 2406 in
785 2381 870 2406 altera
892 2381 1020 2406 divisione
1040 2390 1065 2407 a.
1079 2384 1127 2407 372
1145 2381 1192 2414 (cf.
1210 2380 1275 2406 ibid.
1290 2384 1356 2406 1490
1369 2380 1465 2413 [1448]
1475 2382 1500 2414 c)
1523 2388 1579 2405 non
1604 2382 1750 2412 acceperat.
1838 2380 1864 2411 4)
1885 2379 1916 2410 L,

270 2427 288 2456 †
301 2428 357 2450 855.
462 2424 489 2456 5)
510 2423 572 2449 Sca.
592 2430 648 2454 eas,
670 2431 737 2455 quae
758 2423 788 2448 in
812 2423 938 2449 divisione
960 2424 1034 2456 apud
1055 2424 1199 2449 Blarsnam
1220 2424 1294 2455 facta
1318 2423 1353 2449 ad
1370 2423 1525 2448 orientalem
1546 2422 1697 2449 Franciam
1716 2424 1738 2448 ct
1757 2422 1858 2455 partim
1881 2422 1918 2447 ad

270 2467 404 2493 Laclorici
426 2467 553 2498 iunioris,
573 2466 676 2498 partim
698 2466 734 2491 ad
756 2466 854 2492 Karoli
872 2467 932 2493 III.
955 2475 1037 2500 reyna
1056 2470 1240 2500 pervenerant.
1346 2467 1372 2500 6)
1396 2467 1435 2492 II.
1454 2465 1620 2498 imperatori,
1643 2468 1673 2490 ut
1697 2465 1808 2498 leyitimo
1831 2464 1917 2490 heredi

271 2509 397 2536 Lotlzarii
416 2509 440 2535 I.
455 2509 545 2541 patris
562 2511 585 2534 et
603 2508 728 2534 Letharii
742 2508 782 2534 ΙΙ.
800 2508 904 2540 fratris.
976 2510 1001 2542 7)
1022 2510 1043 2536 I.
1115 2510 1141 2543 8)
1163 2510 1347 2536 Germanicas.
1418 2510 1444 2541 9)
1466 2509 1570 2534 Calvus.
1644 2508 1684 2539 10)
1704 2508 1789 2540 Apmz
1808 2507 1916 2533 Vir-idn-

270 2561 335 2578 mcm
355 2561 380 2578 a.
393 2555 445 2578 843
464 2551 649 2584 (Midzlbacher
669 2551 749 2583 Re9.2
762 2554 826 2577 1103
839 2551 980 2585 [1069]a),
999 2552 1034 2583 cf.
1050 2552 1187 2578 Diimmler
1206 2553 1221 2578 ῐ.
1235 2553 1250 2578 Ζ.
1271 2553 1293 2584 Ι,
1313 2556 1361 2578 209
1380 2554 1472 2577 annot.
1487 2556 1506 2577 1.
1585 2551 1628 2583 11)
1648 2550 1721 2576 Idem
1739 2551 1916 2575 iuramentum

271 2595 399 2620 laudatur
422 2595 452 2620 in
470 2602 508 2626 ep.
524 2593 666 2619 Hadriani
685 2594 723 2619 ΙΙ.
743 2594 815 2626 (JE.
834 2594 915 2627 2926)
933 2594 973 2620 liis
992 2595 1120 2621 similibus
1137 2596 1230 2621 verbis:
1253 2595 1326 2628 quod
1349 2603 1429 2621 nemo
1448 2596 1571 2620 nostrum
1595 2593 1672 2627 regni
1695 2591 1809 2618 alterius
1828 2593 1916 2617 metas

270 2638 424 2669 invaderet,
443 2640 478 2669 cf.
493 2637 526 2662 M
528 2636 661 2662 iihlbaelzer
674 2637 689 2663 l.
700 2637 716 2662 l.
790 2637 831 2669 12)
851 2636 901 2662 Sed
914 2636 949 2662 acl
962 2640 1053 2662 nostra
1066 2640 1180 2670 tempora
1192 2645 1249 2663 non
1265 2638 1391 2671 pervenit.
1465 2637 1506 2668 13)
1527 2637 1600 2662 Haec
1617 2636 1683 2661 sicat
1696 2634 1915 2660 conservationem

272 2680 415 2706 iuramenti
438 2680 468 2704 in
487 2679 600 2705 archivis
618 2679 757 2704 Romanae
776 2679 899 2705 eeclesiae
922 2679 952 2704 iu
973 2679 1024 2705 hac
1047 2682 1152 2706 tantum
1170 2681 1278 2713 epistola
1296 2681 1420 2712 relatam,
1447 2680 1517 2705 solas
1541 2686 1623 2710 usqae
1644 2685 1719 2702 nanc
1736 2676 1851 2708 Lapara
1869 2676 1885 2702 l.
1899 2676 1915 2701 l.

266 2731 294 2755 p.
309 2726 358 2748 242
377 2722 524 2748 adnotavit.
609 2722 651 2754 14)
671 2721 749 2754 Papa
765 2722 835 2754 filios
853 2725 948 2747 contra
966 2723 1125 2749 voluntatem
1139 2724 1230 2756 patris
1247 2723 1328 2757 eyisse
1344 2725 1440 2755 palare
1459 2721 1560 2747 ridetur
1580 2720 1626 2753 (cf.
1640 2722 1731 2745 annot.
1746 2719 1775 2751 l),
1796 2718 1842 2744 sed
1861 2719 1915 2751 'ipse

229 2769 253 2787 50
273 2765 430 2791 Ludat-icus
447 2764 588 2790 divisiones
606 2772 666 2790 cum
686 2765 788 2791 Karolv
808 2764 885 2790 Calvo
903 2765 988 2796 fratre
1004 2766 1115 2796 fecerat.

377 2816 526 2841 prsromn
544 2815 605 2840 VII.
1677 2812 1710 2838 38

1933 864 1961 884 cf.
1971 864 2035 885 Prov.
2048 865 2081 889 22,
2091 865 2123 884 ΞΒ.

1935 1169 1962 1189 cf.
1974 1169 2015 1191 Ier.
2027 1170 2059 1193 29,
2070 1171 2102 1189 23.
