2189 3042
849 176 963 203 INDEX
983 177 1191 204 INITIORUM.

198 281 204 287 .
225 281 230 287 .
251 281 257 287 .
282 263 464 289 Sabbatinum
482 264 631 294 episcopum
650 264 764 294 primum
782 266 809 288 et
827 265 867 293 86,
879 268 911 289 10.

193 297 388 322 sacerdotalem
407 305 496 322 curam
514 300 541 322 et
559 297 765 322 sollicitudinem
786 299 840 327 193,
851 303 871 323 5.

192 332 280 356 Sacris
298 335 402 356 vestrae
420 332 563 363 imperialis
582 332 735 356 clementiae
753 333 793 361 46,
805 337 837 357 10.

192 366 276 397 Saepe
294 367 406 397 gloriam
425 369 498 390 tuam
517 367 603 390 missis
621 368 688 394 7,20.

192 400 342 431 sagacitati
359 408 388 424 ac
407 401 563 431 prudentiae
582 407 685 424 vestrae
704 403 788 429 74,20.

192 434 348 459 Salonitana
366 435 482 464 ecclesia,
503 443 583 466 quam
602 436 657 459 Deo
677 436 777 464 351‚10.

192 469 290 493 Sancta
310 469 432 493 Romana
451 469 568 498 ecclesia,
588 470 631 493 cui
651 470 674 497 3,
685 474 718 494 20.

191 502 284 528 Sancti
301 504 440 534 magnique
458 504 551 528 Niceni
568 504 675 528 concilii
689 505 729 532 47,
741 508 759 528 1.

191 537 284 562 Sancti
301 538 395 562 Niceni
411 538 517 562 concilii
534 541 666 562 statutum
684 539 741 567 310,
752 542 772 562 5.

191 571 369 596 Sanctitatem
389 580 434 596 seu
453 572 610 596 fidelitatem
629 573 748 597 omnium
768 574 808 602 87,
818 577 851 597 20.

190 605 368 630 sanctitatem
382 609 499 630 vestram
514 607 636 630 nolumus
650 607 769 638 ignorare
786 608 825 636 14,
836 611 869 631 30.
901 608 958 636 243,
970 612 989 632 1.

190 640 368 665 sanctitatem
386 644 501 665 vestram
519 641 585 665 scire
603 642 723 672 cupimus
741 642 797 670 125,
808 645 840 666 15.

190 675 368 699 Sanctitatem
385 678 501 699 vestram
519 675 585 699 scire
603 676 723 699 volumus
741 677 842 704 337‚‘.>5.

190 709 338 733 sanctitati
354 713 416 733 tuae
433 713 527 733 notum
544 710 601 733 ficri
619 711 674 738 124,
685 715 717 734 30.

190 743 337 768 sanctitati
353 747 457 768 vestrae
474 747 568 768 notum
585 747 625 768 est
643 746 683 773 91,
694 749 726 768 10.

190 778 350 802 Sanctitatis
366 782 469 802 vestrae
487 778 655 802 devotionem
671 787 773 810 semper
789 780 846 807 217,
856 783 889 803 35.

190 812 349 836 Sanctorum
367 820 497 836 canonum
515 816 690 844 transgressor
708 817 734 837 et
752 814 810 842 345,
821 818 854 838 25.

188 846 285 878 [SJciat
302 847 384 878 igitur
401 850 490 871 vestra
506 848 639 871 unanimis
656 848 712 876 295,
724 852 756 872 15.

189 881 307 905 scientes
324 881 441 912 profecto
459 889 498 910 ea,
518 889 584 912 quae
602 882 657 910 211,
669 886 688 906 1.

190 915 308 940 Scientes
326 924 372 939 vos
389 916 480 947 procul
498 915 579 939 dubio
599 917 654 944 136,
664 920 684 940 5.

189 949 301 979 Scimus,
321 950 479 974 venerabilis
496 951 648 981 imperator,
668 951 764 974 scimus
783 952 822 979 67,
834 955 866 975 10.

189 984 250 1008 Scio
268 985 340 1008 enim
357 987 384 1008 et
401 988 488 1009 certus
505 985 561 1011 312,
573 989 605 1009 15.

189 1018 261 1043 Scire
278 1019 400 1043 volumus
417 1019 528 1050 gloriam
545 1022 619 1043 tuam
637 1020 720 1048 5.ss25.

190 1053 262 1078 Scire
279 1061 326 1077 vos
344 1053 475 1082 volumus,
494 1054 555 1084 quia
575 1055 629 1081 160,
640 1058 672 1078 10.

190 1087 325 1118 Scriptum
342 1088 475 1111 enimvero
492 1088 520 1111 in
539 1088 678 1112 Salomone
695 1089 735 1117 84,
746 1093 765 1112 1.

189 1122 324 1153 Scriptum
342 1123 439 1146 etenim
457 1125 508 1146 est:
527 1122 598 1146 Deus
618 1123 672 1151 123,
683 1127 716 1146 25.

189 1156 352 1181 Scrutamini
368 1164 454 1180 sacras
471 1156 659 1181 ecclesiasticas
676 1157 703 1180 in
720 1158 777 1185 277,
787 1161 820 1181 20,

190 1191 325 1215 Secretum
343 1191 413 1222 quod
430 1191 485 1215 Deo
504 1191 651 1215 auxiliante
670 1192 725 1220 149,
736 1195 769 1215 15.

190 1225 310 1250 Secundo
328 1226 382 1249 iam
400 1225 469 1249 sedis
487 1226 647 1256 apostolicae
667 1226 750 1254 6220.

190 1260 339 1284 Secundum
350 1267 436 1284 sacros
446 1260 636 1284 venerabilium
647 1263 753 1291 patrum
763 1261 821 1289 205,
831 1263 865 1284 25.
886 1260 943 1289 206,
954 1264 986 1284 25.

189 1294 242 1318 Sed
259 1297 285 1318 et
303 1302 350 1325 pro
367 1294 495 1325 primiciis
512 1295 568 1323 276,
579 1298 599 1318 5.

190 1328 284 1353 Sedem
301 1329 484 1359 apostolicam,
503 1336 582 1360 quam
600 1329 671 1352 Deus
688 1330 729 1357 79,
739 1333 772 1352 30.

191 1363 305 1387 Servans
322 1363 401 1386 fidem
419 1363 578 1387 Francorum
596 1363 700 1394 regibus
720 1364 775 1389 102,
787 1367 818 1387 10.

191 1398 221 1422 Si
237 1398 363 1422 canonica
380 1398 408 1421 in
425 1397 606 1421 consecrandis
623 1398 664 1426 70,
674 1402 693 1422 5.

191 1432 221 1456 Si
238 1439 277 1460 ea,
297 1439 363 1463 quae
381 1432 462 1456 saluti
477 1432 534 1460 256,
546 1436 564 1456 1.

189 1466 219 1491 Si
235 1467 306 1490 enim
323 1466 357 1490 ab
375 1467 416 1490 his
433 1467 490 1494 295,
501 1470 520 1490 5.

189 1499 241 1532 [Si]
260 1508 320 1532 ergo
338 1509 416 1532 super
432 1501 547 1532 apostoli
562 1501 619 1528 294,
629 1504 662 1524 20.

190 1535 220 1559 Si
236 1535 292 1566 ipse
309 1535 445 1559 Deodatus
462 1537 489 1558 et
507 1535 563 1563 279,
574 1539 607 1558 20.

190 1569 219 1594 Si
236 1569 308 1600 quod.
323 1577 377 1593 non
394 1569 524 1594 eredimus
541 1570 629 1597 277,5.

189 1604 218 1628 Si
234 1611 295 1627 vere
312 1604 404 1635 utique
422 1604 547 1635 magister
563 1604 604 1631 48,
615 1607 648 1627 35.

189 1638 242 1670 [S]i
258 1646 329 1667 vero,
349 1638 419 1669 quod
436 1637 507 1662 absit
524 1638 581 1665 296,
591 1641 611 1661 5.

189 1673 219 1697 Si
235 1675 322 1696 vester
339 1673 436 1696 electus
453 1672 547 1696 Petrus
565 1673 622 1700 345,
634 1676 666 1696 15.

187 1707 263 1731 Sicut
280 1707 313 1730 de
330 1707 482 1730 sanctitatis
499 1709 561 1730 tuae
579 1707 619 1735 28,
630 1710 662 1730 25.

187 1741 262 1766 Sicut
279 1741 333 1765 iam
350 1741 415 1765 olim
432 1743 535 1765 vestrae
553 1741 610 1769 208,
620 1744 653 1764 25.

187 1775 262 1800 Sicut
279 1775 355 1799 nobis
372 1775 485 1799 dilectus
502 1783 532 1799 ac
550 1776 650 1803 211,20.

188 1810 262 1834 Sicut
280 1810 355 1834 nobis
371 1810 468 1834 litteris
485 1810 580 1833 vestris
599 1810 654 1838 192,
666 1813 698 1833 10.

188 1844 263 1869 Sicut
280 1844 356 1868 nobis
373 1852 419 1875 per
435 1844 539 1868 litteras
556 1845 613 1872 258,
623 1848 656 1868 30.

188 1878 262 1903 Sicut
280 1881 370 1903 nostro
388 1879 550 1909 praesulatui
567 1878 663 1902 vestris
679 1879 737 1905 208,
748 1882 767 1901 1.

187 1913 262 1937 Sicut
279 1913 440 1944 suggessisti,
458 1913 562 1943 Luponi
580 1913 688 1936 Senensi
705 1913 762 1940 335,
773 1916 792 1936 5.

186 1946 403 1978 Significantibus
418 1947 516 1971 litteris
533 1946 608 1970 nobis
625 1954 641 1970 a
659 1947 715 1975 340,
725 1950 759 1971 25.

187 1981 323 2006 sindulfus
340 1981 468 2012 presbiter
485 1984 512 2004 et
531 1981 711 2004 ministerialis
729 1981 786 2009 275,
797 1984 817 2005 5.

187 2015 323 2046 Siquidem
340 2015 471 2039 Ciceronis
488 2018 528 2039 est
544 2015 591 2038 illa
609 2016 665 2043 304,
675 2019 708 2039 25.

187 2049 323 2081 Siquidem
340 2057 400 2073 cum
417 2050 518 2073 virtute
536 2049 586 2073 Dei
602 2050 659 2078 279,
671 2053 703 2073 1ο.

186 2083 357 2115 spiritalibus
374 2086 401 2107 te
418 2083 560 2107 visceribus
577 2083 649 2107 edito
667 2085 707 2111 58,
718 2087 751 2107 30.

186 2119 302 2149 Spiritus
320 2121 426 2142 sanctus
444 2125 459 2141 a
477 2118 556 2142 Patre
573 2118 630 2146 353,
641 2122 660 2141 1.

186 2152 397 2178 Sollicitudinem
414 2153 532 2176 omnium
549 2152 716 2176 ecclesiarum
734 2159 781 2176 nos
801 2152 855 2180 125,
866 2155 900 2176 25.

186 2187 299 2212 studeat
318 2187 447 2211 sanctitas
465 2190 512 2210 tua
530 2186 675 2210 certissime
693 2187 734 2214 48,
745 2190 778 2210 10.

186 2221 280 2246 Studio
299 2223 354 2250 tuo,
373 2221 443 2252 quod
460 2228 520 2245 cum
537 2221 638 2249 254,30.

295 2850 446 2876 Emsrotn:
464 2849 523 2882 Vll,
537 2852 560 2877 2.

1791 183 1853 214 473

1047 264 1236 293 Successorem,
1259 272 1336 296 quem
1356 265 1508 289 Methodius
1528 265 1635 290 sibimet
1654 267 1756 295 353,2·>.

1048 299 1207 330 Suggerente
1226 299 1380 330 coepiscopo
1399 303 1491 323 nostro
1510 300 1643 324 Adelardo
1662 302 1765 330 242,10.

1047 334 1252 364 Suggerentibus
1270 333 1395 358 videlicet
1412 334 1518 358 filiabus
1536 335 1647 359 Bosonis
1667 337 1723 362 115,
1734 340 1768 360 25.

1047 368 1227 399 Suggessionis
1246 371 1351 392 vestrae
1370 368 1513 399 relegentes
1532 369 1674 400 epistolam
1696 371 1766 399 12,1.

1046 402 1217 432 Summopere
1234 402 1368 426 sciendum
1386 405 1435 431 est,
1456 403 1519 433 qnia
1536 404 1593 432 333,
1604 408 1624 428 5.

1046 436 1130 467 Super
1147 436 1247 460 iudicio
1265 440 1354 460 vestro
1373 437 1401 460 in
1420 438 1459 465 10,
1470 441 1503 461 15.

1046 471 1181 501 Susceptis
1199 474 1280 502 atque
1298 471 1402 495 relectis
1419 471 1518 495 litteris
1535 473 1577 501 33,
1589 476 1622 496 15.

1046 505 1180 536 Susceptis
1196 505 1295 536 gloriae
1312 508 1424 534 vestrae,
1443 506 1571 537 spiritalis
1588 507 1645 533 233.
1657 512 1676 531 1.

1046 540 1180 570 Susceptis
1196 540 1295 563 litteris
1311 540 1411 571 gloriae
1427 543 1532 564 vestrae
1549 541 1607 569 235,
1618 546 1651 565 20.

1046 574 1180 605 Susceptis
1196 577 1300 598 vestrae
1316 574 1494 599 fraternitatis
1511 575 1631 606 apicibus
1648 576 1706 601 265.
1718 581 1751 601 20.

1043 649 1163 682 [TJanta
1180 650 1266 674 cordis
1283 651 1406 682 angustia
1424 654 1567 683 tantusque
1585 653 1644 680 267,
1655 657 1687 676 35.

1043 685 1145 714 Tantis,
1166 685 1215 709 heu
1233 692 1281 715 pro
1299 685 1374 709 dolor
1392 687 1493 714 lssl‚25.

1043 718 1080 743 Te
1098 727 1159 743 vero
1178 719 1242 750 quia
1259 727 1414 743 conversum
1432 721 1491 748 235,
1502 724 1523 744 5.

1048 772 1052 777 .
1101 773 1106 777 .
1132 756 1190 777 toto
1210 753 1287 777 corde
1307 754 1468 783 desiderant,
1489 754 1516 777 in
1535 756 1576 783 50,
1590 759 1609 779 1.

1043 787 1128 812 Triste
1145 788 1197 811 tibi
1214 788 1346 816 nuntium,
1365 795 1412 819 pro
1430 790 1488 816 400,
1499 792 1532 812 25.

1043 821 1138 846 Tristis
1156 830 1203 845 nos
1221 823 1331 846 nuntius
1348 823 1462 853 perculit
1479 824 1537 851 266,
1549 826 1581 847 15.

1042 857 1201 887 Triumphos
1219 857 1347 880 victoriae
1365 857 1462 888 typicis
1479 857 1627 887 palmarum
1645 859 1748 885 336,10.

1042 890 1082 914 Tu
1101 891 1128 914 in
1146 894 1330 922 contemptum
1349 894 1458 915 sanctae
1475 892 1533 920 275,
1544 895 1578 915 25.

1042 926 1113 949 Tuae
1132 925 1282 949 dilectionis
1300 925 1450 949 sinceritati
1466 926 1608 956 pastoralis
1626 928 1667 955 24,
1678 931 1711 951 20.

1043 1000 1202 1027 Universale
1220 1002 1328 1026 tandem
1345 1002 1489 1033 aliquando
1507 1011 1554 1027 nos
1572 1004 1613 1032 53,
1625 1008 1645 1028 5.

1043 1077 1117 1104 vera
1135 1079 1263 1104 relatione
1281 1080 1467 1110 comperimus,
1487 1080 1558 1111 quod
1576 1081 1634 1109 224,
1645 1086 1678 1105 20.

1041 1113 1135 1138 Veraci
1151 1114 1279 1138 relatione
1296 1114 1473 1145 comperimus
1490 1118 1517 1138 te
1534 1116 1594 1144 213,
1605 1120 1625 1139 1.

1042 1148 1180 1172 Veracium
1197 1148 1325 1172 relatione
1343 1149 1518 1179 comperimus
1538 1150 1677 1174 Gibertum
1698 1151 1753 1179 158,
1764 1155 1784 1175 5.

1041 1182 1150 1206 Vestrae
1168 1183 1371 1207 consultationis
1387 1183 1494 1212 litteris,
1514 1184 1610 1214 quibus
1627 1185 1684 1213 331,
1696 1189 1728 1209 15.

1041 1216 1150 1241 Vestrae
1167 1217 1333 1242 fraternitati
1349 1217 1461 1241 fortasse
1479 1226 1532 1241 nou
1549 1219 1607 1247 345,
1618 1223 1637 1243 1.

1041 1251 1149 1275 Vestrae
1167 1252 1287 1275 omnium
1305 1252 1493 1276 innotescimus
1511 1253 1653 1277 sanctitati
1670 1254 1728 1283 316¹,
1739 1258 1759 1278 5.

1042 1285 1150 1309 Vestrae
1168 1286 1254 1317 regiae
1272 1286 1422 1310 sere-nitatis
1439 1286 1571 1310 mellifluis
1591 1288 1646 1315 165,
1658 1292 1676 1311 1.

1042 1320 1143 1344 Vestris
1161 1321 1264 1344 relectis
1283 1320 1412 1351 apicibus,
1433 1324 1533 1352 quanta
1552 1323 1593 1350 71,
1605 1326 1637 1346 10.

1041 1354 1194 1378 Vestrorutn
1212 1355 1331 1378 omnium
1349 1355 1506 1386 religiositas
1524 1363 1569 1380 seu
1588 1357 1628 1385 88,
1640 1360 1672 1380 15.

1042 1389 1120 1413 Vides
1138 1397 1207 1420 ergo,
1225 1389 1263 1412 fili
1280 1389 1416 1413 karissime
1433 1390 1490 1418 305,
1501 1393 1534 1414 25.

1041 1423 1111 1454 [V]ir
1127 1423 1280 1454 spectabilis
1297 1424 1428 1447 Rodulfus
1445 1424 1551 1448 nomine
1568 1425 1625 1453 308,
1636 1429 1669 1449 15.

1042 1458 1200 1482 Visitatione
1219 1461 1274 1486 tua,
1293 1458 1426 1482 carissime
1444 1459 1575 1482 confrater
1593 1459 1649 1488 369,
1662 1464 1680 1483 1.

1041 1492 1122 1515 Vobis
1141 1499 1188 1522 per
1206 1493 1275 1516 hunc
1296 1492 1549 1523 quadragesimalem
1568 1494 1625 1521 302,
1636 1498 1670 1517 25.

1041 1526 1102 1555 Vos,
1122 1526 1261 1550 karissime
1278 1526 1317 1550 fili
1333 1526 1483 1551 Hludovice
1502 1528 1558 1556 106,
1569 1531 1589 1551 5.

1041 1560 1093 1584 Vos
1111 1561 1255 1584 confratres
1273 1564 1299 1584 et
1317 1561 1484 1592 coepiscopos
1503 1562 1558 1590 105,
1569 1565 1602 1586 30.

1041 1627 1108 1653 zelo
1127 1629 1286 1653 christianae
1304 1629 1436 1660 religionis
1454 1630 1561 1653 ecclesia
1579 1631 1636 1660 326,
1648 1635 1680 1656 15.

1035 1739 1124 1770 Ἀξίας
1138 1739 1255 1773 χάριτας,
1274 1739 1411 1772 τιμιώτατε
1427 1740 1527 1773 ἀδελφέ
1536 1742 1592 1769 383,
1602 1746 1635 1767 30.

1039 1808 1077 1833 ‘H
1095 1808 1230 1841 καθολικὴ
1250 1810 1298 1834 τοῦ
1313 1808 1435 1841 Χριστοῦ
1454 1810 1511 1838 380,
1521 1814 1555 1834 20.

1039 1843 1077 1868 ‘H
1094 1844 1143 1869 τοῦ
1156 1842 1225 1868 θεοῦ
1239 1842 1373 1875 καθολική
1391 1845 1447 1872 375,
1459 1848 1491 1868 10.

1037 1910 1112 1936 Meni
1130 1913 1177 1944 τῆς
1194 1912 1243 1937 τοῦ
1257 1910 1327 1937 θεοῦ
1346 1913 1401 1940 188,
1413 1916 1444 1936 15.

1042 1978 1099 2005 Οὐκ
1115 1979 1222 2012 ἀγνοεῖν
1239 1978 1377 2012 συμβαίνει
1396 1979 1465 2013 ἡμᾶς
1484 1981 1541 2009 227,
1552 1985 1586 2005 25.

1039 2047 1080 2073 Τὰ
1095 2047 1159 2073 θεῖα
1175 2047 1220 2073 καὶ
1238 2047 1296 2081 ἱερά
1314 2050 1371 2078 381,
1382 2052 1416 2073 25.

1039 2082 1080 2107 Τὰ
1099 2084 1145 2114 τῆς
1162 2084 1212 2115 σῆς
1228 2082 1379 2115 ἁγιωσύνης
1398 2084 1454 2112 382,
1465 2087 1499 2107 30.

1038 2116 1079 2142 Τὰ
1094 2116 1245 2149 ὑγιαίνοντα
1260 2116 1342 2149 ὑμῶν,
1360 2115 1471 2150 ἀδελφοί
1487 2119 1542 2147 177,
1554 2122 1586 2142 10.

1037 2150 1094 2183 Τὴν
1109 2150 1206 2184 σοφίαν
1219 2151 1265 2177 καὶ
1279 2151 1406 2185 φρόνησιν
1424 2153 1479 2181 181,
1489 2156 1522 2176 30.

1037 2185 1076 2211 Τὸ
1091 2185 1200 2218 γράμμα
1217 2185 1246 2211 τὸ
1260 2185 1333 2219 παρά
1350 2187 1407 2215 372,
1418 2190 1450 2211 15.

1035 2219 1074 2245 Τὸ
1088 2219 1211 2253 καθαρὸν
1224 2219 1269 2246 καὶ
1285 2219 1470 2254 ὑπέρλαμπρον
1488 2221 1542 2250 167,
1554 2225 1573 2245 5.

1595 2850 1628 2877 60
