2189 3042
579 191 807 218 FRAGMENTA
826 191 996 218 REGISTRI
1014 191 1197 218 STEPHANI
1211 192 1243 219 V.
1263 192 1380 219 PAPAE
1398 192 1511 219 21—-23.
1806 197 1866 227 345

864 279 1033 304 EPISCOPIS
1053 278 1225 305 ITALIAEK

328 330 465 361 Vestrae
495 329 684 361 fraternitati
714 329 849 361 fortasse
879 340 942 360 non
970 332 1101 361 maneta
1124 330 1333 372 incognitum,
1358 331 1496 373 qualiter
1518 331 1732 364 Giseldrudab
1756 332 1869 364 relicta

223 381 384 422 quondam
407 381 498 412 Petri
520 381 591 412 Deo
616 383 799 422 contempto
823 383 855 412 et
877 391 967 412 sacro
989 381 1148 412 velamine
1179 382 1290 413 relicto
1323 393 1394 414 cum
1411 383 1609 424 Winigild00
1633 387 1769 426 cognato
1800 395 1868 425 suo,

222 432 309 474 quod
331 433 426 464 valde
451 433 623 464 dolendum
647 432 790 473 dicimus,
813 435 956 473 stuprum
981 436 1029 464 est
1052 436 1194 474 operata.
1242 434 1335 466 Unde
1359 446 1416 466 nos
1439 435 1500 467 hoc
1523 436 1642 474 audito,
1667 435 1742 477 quia
1765 436 1868 477 magis

176 494 188 513 5
219 483 281 515 aed
304 484 428 526 magisd
451 485 514 516 tale
531 485 810 516 nefandissimum⁰
827 484 929 515 scelus
946 484 1046 516 deleri
1062 485 1228 516 volumusf
1249 488 1281 517 et
1304 487 1349 517 ita
1370 489 1522 526 statuere,
1539 497 1578 518 ne
1596 486 1667 518 aliis
1684 487 1868 528 exemplum

220 536 390 574 tribuatur,
415 546 470 567 eos
493 538 644 577 utrosque
668 535 709 567 ad
731 536 980 567 satisfactionem
996 537 1179 567 vocavimus
1196 539 1229 567 et
1251 548 1349 578 saepe
1374 540 1408 568 ut
1424 539 1570 570 venirent
1593 542 1626 569 et
1649 549 1667 569 a
1691 539 1747 569 tali
1770 539 1868 580 impio

219 587 341 618 scelere
366 587 590 628 resipiscerent
612 586 771 619 monendo
795 586 836 617 ad
860 597 917 618 nos
938 587 1046 618 venire
1072 587 1281 620 decrevimus.
1318 589 1403 625 Quig
1420 590 1570 630 quoniam
1586 590 1695 621 venire
1712 590 1868 630 nolentes,

217 638 275 670 sed
308 639 340 669 in
370 638 485 670 eadem
515 638 754 670 inoboedientia
783 641 1049 678 perseverantes&
1077 639 1198 670 monita
1229 643 1337 671 nostra
1369 651 1425 681 pro
1456 641 1554 672 nihilo
1586 641 1761 681 duxerunt,
1793 641 1867 672 ideo

220 690 292 721 illos
323 691 474 722 canonico
506 692 664 721 conventu
691 689 854 721 celebrato
885 690 1231 721 excommunicavimus
1262 694 1295 722 et
1324 692 1383 722 nisi
1413 692 1454 722 ad
1478 703 1587 723 veram
1617 693 1868 724 satisfactionem

162 750 188 770 ιο
222 741 411 773 occurrereh
436 741 624 782 studuerint,
648 739 818 782 perpetuoi
840 740 1039 772 anathemati
1063 741 1307 776 summisimusk.

1013 930 1064 960 22.

325 989 505 1030 Stephanus
522 987 556 1020 V.
571 997 661 1028 papa
678 988 852 1020 Waimarz‘o
868 988 1073 1021 Salernitana
1089 989 1234 1029 principi
1254 989 1361 1021 scribit
1376 990 1412 1021 de
1428 990 1522 1022 Petro
1540 990 1638 1029 electo,
1661 993 1717 1031 qui
1733 992 1865 1024 Romam

220 1040 264 1072 ad
285 1039 524 1072 consecrandum
546 1040 649 1071 venire
672 1040 818 1072 omiserit.
883 1053 892 1060 -
1564 1043 1781 1084 (887-888.)

327 1107 390 1134 Coll.
403 1116 478 1135 cau„-
495 1108 522 1134 A
538 1107 559 1140 f.
573 1110 633 1134 156¹
652 1116 679 1134 u.
693 1111 734 1134 21.

322 1158 392 1186 Ed..·
415 1158 582 1191 Loewenfeld
599 1159 687 1192 Epist.
703 1163 780 1193 pont.
791 1160 868 1187 Rom.
881 1159 997 1186 ineditae
1018 1169 1046 1194 p.
1060 1164 1095 1188 36
1118 1169 1145 1187 u.
1162 1164 1202 1188 64.
1232 1176 1264 1181 —-
1294 1162 1387 1196 Regu:
1416 1162 1512 1189 Ewald
1538 1164 1568 1189 iu
1587 1164 1650 1190 NA.
1668 1164 1696 1196 V,
1710 1169 1757 1192 405
1786 1174 1812 1192 n.
1827 1170 1866 1192 21.

163 1213 187 1232 15
219 1202 297 1235 Jaffe'
314 1205 390 1229 3440.

707 1254 876 1288 [PRIN]CIP1
895 1256 1135 1281 SALERNITANO
1156 1255 1373 1289 [w]AMAR10¹.

327 1305 381 1337 51²
403 1309 510 1338 vester
532 1306 653 1338 electus
676 1306 812 1338 Petrus²
835 1317 958 1338 moram
982 1306 1095 1338 fecerit
1119 1310 1151 1338 et
1173 1309 1282 1339 venire
1311 1308 1463 1346 omiserit.
1494 1309 1590 1340 liceat
1614 1309 1698 1341 clero
1724 1314 1756 1342 et
1779 1311 1867 1352 plebi

221 1357 366 1390 eiusdem
389 1357 556 1398 ecclesiae,
581 1368 676 1399 quem
698 1358 852 1389 idoneum
874 1358 1081 1400 providerint,
1105 1359 1212 1390 statim
1241 1360 1362 1401 eligere
1395 1364 1426 1392 et
1457 1360 1497 1391 ad
1521 1360 1630 1393 sedem
1657 1363 1867 1403 apostolicam

219 1420 278 1451 pro
302 1409 457 1441 sacrando
483 1409 618 1442 deferre.

1017 1557 1067 1588 23.

109 1648 111 1658 ‚
164 1628 190 1649 πο
329 1615 505 1655 Stephanus
527 1614 561 1646 V.
586 1624 678 1656 paspa
700 1615 827 1646 Petrum
857 1614 982 1646 electum
1008 1614 1246 1647 Salernitauum
1278 1619 1386 1655 monet,
1416 1619 1451 1648 ui
1481 1617 1609 1649 taudem
1636 1617 1770 1649 Romam
1800 1627 1869 1649 eon-

215 1667 385 1698 sacrandus
406 1667 519 1698 veniat.
1565 1669 1582 1710 (
1578 1670 1642 1700 887
1646 1688 1686 1693 -
1694 1671 1782 1710 888.)

324 1734 387 1762 Con.
400 1743 473 1761 caris
491 1734 518 1760 A
536 1734 557 1767 f.
571 1737 626 1761 156¹
645 1742 672 1761 u.
685 1737 727 1761 22.

317 1786 385 1813 Ed„-
408 1786 576 1819 Loewenfeld
599 1786 691 1819 Epist.
706 1788 783 1819 pont.
797 1785 875 1813 Rom.
893 1786 1007 1812 ineditae.
1027 1795 1056 1820 p.
1072 1789 1105 1813 37
1127 1796 1155 1813 n.
1168 1791 1209 1814 65.
1238 1803 1271 1807 —
1299 1788 1397 1822 Bega:
1424 1789 1523 1815 Ewald
1545 1790 1576 1815 iri
1594 1789 1658 1815 NA.
1673 1789 1701 1821 V,
1715 1793 1763 1816 405
1787 1797 1815 1816 u.
1829 1793 1868 1815 22.

215 1829 290 1862 Jaffl.3
307 1832 383 1856 3441.

161 1894 186 1914 25
883 1881 1014 1914 [PEJTRO
1031 1883 1164 1908 ELEOTO
1172 1884 1191 1908 ².

325 1934 535 1965 Sanctoruma
558 1934 735 1965 canonum³
758 1937 975 1975 transgressor
990 1937 1022 1965 et
1042 1934 1239 1975 apostolicae
1256 1945 1413 1967 censurae
1430 1936 1567 1967 violator
1583 1936 1701 1967 videris
1718 1937 1868 1977 existere,

218 1995 290 2017 cum
318 1988 461 2016 sanctam
484 1984 717 2017 Salernitanam
744 1985 914 2016 ecclesiam
940 1988 988 2016 tot
1019 1987 1184 2017 retroactis
1216 1987 1419 2028 temporibus
1448 1988 1591 2018 invasam
1620 1989 1760 2019 retineas
1790 1991 1823 2019 et
1852 1999 1870 2019 a

221 2036 312 2068 nobis
335 2037 462 2078 saepius
484 2039 615 2068 vocatus
638 2037 747 2068 venire
770 2037 812 2068 ad
835 2040 867 2068 te
891 2037 1142 2068 consecrandum
1165 2039 1340 2071 renuerisb.
1391 2039 1475 2070 Ecce
1493 2050 1551 2080 pro
1575 2042 1664 2071 tanta
1688 2040 1870 2071 temeritate

220 2089 349 2130 proprio
372 2088 490 2129 privari
517 2088 692 2120 ministerio
717 2087 886 2128 debueras,
916 2099 954 2119 eo
985 2088 1071 2130 quod
1101 2089 1223 2121 electus
1254 2091 1363 2122 venire
1393 2093 1429 2121 ut
1458 2091 1689 2122 consecrareris
1719 2091 1870 2132 nolueris,

162 2156 187 2176 ³0
216 2139 273 2172 sed
299 2142 334 2171 ut
360 2139 530 2171 moechusc
553 2139 722 2170 ecclesiam
750 2139 839 2170 illam
866 2140 1004 2171 retinere
1032 2150 1096 2171 non
1127 2141 1307 2172 formidasti
1338 2145 1370 2173 et
1405 2152 1424 2173 a
1454 2142 1547 2174 nobis
1577 2143 1871 2174 excommunicatus

220 2191 296 2223 olim
316 2194 351 2222 ut
372 2191 513 2222 venisses
532 2192 653 2232 pariter
673 2191 782 2223 venire
806 2191 986 2232 neglexisti.
1023 2190 1117 2223 Unde
1144 2193 1306 2233 miramur,
1331 2204 1394 2235 qua
1419 2194 1610 2225 auctoritate
1629 2205 1734 2236 quove
1758 2197 1869 2226 tenore

328 2320 352 2352 *)
371 2319 480 2345 Lemma
497 2321 522 2345 et
538 2320 726 2354 superscriptio
749 2320 780 2346 in
799 2319 838 2346 D:
866 2319 904 2346 De
924 2320 1209 2348 excommunicatione
1234 2322 1301 2354 eius,
1331 2322 1379 2355 qui
1399 2322 1523 2349 velatam
1547 2322 1673 2349 duxerat.
1712 2322 1870 2356 Stephanus

377 2362 505 2389 omnibus
522 2361 661 2396 episcopis
679 2371 728 2397 per
748 2362 868 2389 Italiam.

317 2439 358 2466 21.
386 2441 409 2472 ⁸)
427 2449 503 2466 mane
522 2440 554 2466 A.
651 2441 674 2473 b)
693 2442 841 2467 Giseltruda
859 2441 893 2468 D.
982 2441 1004 2473 0)
1024 2442 1191 2474 Uuinnigildo
1210 2442 1244 2468 D.
1339 2442 1364 2475 d)
1385 2452 1433 2469 om.
1444 2443 1476 2468 A.
1577 2442 1600 2475 θ)
1620 2445 1817 2469 nefandissimus
1837 2444 1871 2469 A.

164 2491 189 2511 ³⁵
218 2482 237 2516 f)
257 2484 385 2509 voluimus
403 2483 437 2509 D.
508 2484 533 2516 8)
552 2484 846 2517 Qui—perseverantes
865 2493 912 2510 om.
927 2485 959 2510 A.
1030 2483 1055 2517 h)
1073 2493 1208 2511 accurrere
1227 2486 1260 2512 D.
1332 2486 1349 2518 i)
1370 2490 1465 2520 ppetuo
1485 2487 1517 2511 A.
1595 2486 1620 2518 k)
1640 2488 1813 2512 commisimus
1834 2487 1867 2511 D.

322 2534 363 2560 22.
392 2534 416 2567 ⁵)
436 2535 534 2560 Littera
552 2536 658 2560 initialis
677 2536 743 2560 deest
755 2536 788 2561 A.

320 2586 363 2612 23.
389 2588 413 2619 ⁸)
433 2587 531 2612 Littera
548 2587 656 2612 initialis
673 2587 740 2612 deest
752 2587 786 2613 A.
880 2586 903 2619 b)
922 2589 1055 2613 rennueris
1070 2588 1103 2614 A.
1191 2589 1214 2621 e)
1234 2598 1321 2615 mecus
1337 2590 1368 2615 A.

323 2672 347 2705 1)
366 2672 398 2705 L,
417 2680 437 2699 c.
450 2675 599 2704 880—901,
619 2672 654 2704 cf.
667 2671 707 2698 M.
720 2671 820 2705 Schipa
837 2672 868 2697 in
884 2671 977 2699 ‘Areia
990 2674 1054 2699 sior.
1069 2672 1202 2706 Nupolet.²
1222 2682 1242 2700 s.
1253 2674 1273 2700 I
1289 2677 1307 2701 t.
1319 2674 1387 2700 XII
1397 2683 1427 2708 p.
1443 2678 1498 2701 209.
1583 2675 1608 2706 2)
1632 2674 1686 2707 Qui
1704 2674 1758 2699 iam
1777 2683 1801 2700 a.
1815 2677 1869 2700 882

214 2715 355 2749 Ρνίιήιερίο
371 2715 476 2741 cuidam
494 2723 511 2741 a
528 2722 555 2740 se
567 2714 631 2741 dato
647 2714 799 2741 subscribit:
820 2714 917 2741 Petrus
928 2715 980 2742 Dei
999 2715 1093 2749 gratia
1112 2716 1258 2751 episcopus
1273 2717 1320 2751 (cf.
1336 2716 1443 2751 Halmii,
1459 2717 1542 2743 Italia
1556 2725 1633 2743 sacra
1645 2719 1654 2733 ²
1671 2716 1735 2749 VII,
1752 2717 1873 2750 mosa),-

167 2765 193 2784 ιο
221 2760 327 2792 frustra
344 2758 424 2785 etiam
437 2758 523 2792 paulo
540 2761 603 2784 amte
619 2766 636 2784 α
654 2757 788 2791 Stephano
802 2765 879 2792 papa
895 2758 1021 2789 monitus,
1040 2759 1075 2791 cf.
1089 2767 1174 2793 supra
1190 2768 1220 2793 p.
1235 2763 1285 2787 338
1302 2768 1330 2787 n.
1344 2765 1384 2787 10.
1479 2761 1506 2794 3)
1527 2760 1567 2791 Of.
1580 2768 1652 2786 conc.
1668 2759 1788 2786 C'halced.
1802 2768 1823 2787 c.
1838 2764 1868 2786 25

220 2800 331 2834 interpr,
342 2800 483 2836 Dionysio,
501 2800 539 2827 ed.
554 2801 648 2835 Miqne
666 2801 743 2828 Patr.
756 2801 801 2828 lat.
816 2800 871 2827 LX
878 2800 942 2834 VII,
952 2805 1009 2828 176.

329 2851 480 2879 Emsroms
491 2852 552 2883 VII,
565 2853 589 2879 2.
1634 2855 1667 2880 44
