2189 3042
203 532 215 549 5

193 789 217 806 10

193 1046 216 1063 15

193 1303 218 1320 20

193 2087 217 2106 30

192 2434 216 2452 35

192 2697 217 2715 40

664 172 843 200 IOHANNIS
862 173 936 199 VIII.
956 172 1074 198 PAPAE
1096 172 1294 198 EPISTOLAE
1317 172 1375 199 294.
1394 172 1452 198 295.
1821 175 1882 205 257

350 263 424 290 Cocl..·
452 263 479 290 R
498 265 518 297 f.
534 265 587 290 115¹
606 271 632 289 n.
646 266 704 289 296.

338 323 426 349 Edd.:
453 323 545 349 Editio
560 323 684 349 Romana
698 323 786 356 (1591)
799 323 855 355 ΙΙΙ,
870 326 923 349 498
942 331 967 348 n.
979 325 1035 349 233.
1067 323 1163 348 Mansi
1178 322 1252 348 Cone.
1264 323 1320 349 coll.
1336 322 1436 355 XVII,
1450 326 1499 348 209
1517 325 1609 349 21.233.
1640 323 1734 356 Μίφίε
1749 323 1825 350 Patr.
1839 323 1883 350 lat.

236 366 321 392 CXX
329 366 372 399 VI,
393 370 444 393 936
463 374 489 392 n.
502 369 558 392 331.
578 380 610 384 -—
629 365 701 397 Jaffel
721 366 784 399 Ray.
798 369 868 392 3358
886 366 983 399 (2578).

339 461 634 485 REVERENTISSIMO
653 461 696 484 ET
715 461 937 485 SANCTISSIMO
957 461 1186 485 UUILLIBERTO
1205 461 1474 485 ARCHIEPISCOPO
1493 462 1781 486 AGGRIPPINEN811.

322 519 485 549 Almitatis
512 522 564 559 tue
589 519 792 560 prudentiam
821 519 1012 551 sacerdotali
1035 520 1202 561 vigilantia
1229 531 1286 561 pro
1315 520 1423 561 gregis
1447 520 1607 551 Dominici
1635 520 1694 551 sibi
1724 521 1884 552 commissi

236 569 338 600 salute
362 572 459 610 atque
484 570 524 601 de
549 570 640 601 fauce
664 570 764 601 hostis
786 571 934 612 maligni,
966 572 1019 612 qui
1047 581 1175 612 semper
1202 572 1345 603 incautos
1377 571 1418 602 ad
1448 575 1555 612 eterne
1584 573 1695 603 mortis
1724 572 1883 613 profunda

236 621 424 661 pertrahere
448 621 542 652 avide
567 624 678 660 certat,
703 621 892 654 liberatione
917 623 1007 653 iuxta
1030 623 1192 663 pastorale
1216 623 1437 664 magisterium
1461 624 1638 663 reverentie
1662 627 1716 664 tue
1734 623 1884 655 divinitus

236 671 420 713 delegatum
455 672 624 704 sollicitam
660 673 728 704 fore
760 673 874 704 litteris
904 674 1038 705 vestris2
1071 675 1223 715 inspectis
1257 674 1434 705 luculenter
1461 678 1673 715 agnoscentes
1705 675 1884 715 laudamus,

237 733 309 754 cum
326 723 501 764 apostolice
519 724 604 754 sedis
622 725 824 765 privilegium
841 726 1018 766 perspicaci
1034 726 1149 756 mentis
1165 725 1279 755 intuitu
1296 725 1513 756 conservando
1532 726 1613 756 hunc
1630 728 1683 767 tue
1698 721 1884 758 dsoeceseos

236 774 460 815 presbyterum
483 776 611 806 nomine
633 776 750 807 tale1n³
768 776 945 817 Ingiltrude
962 777 1097 807 Bosonis
1114 776 1274 817 quondam
1292 777 1416 807 comitis
1433 777 1525 807 uxori
1542 780 1665 808 torum¹²
1682 778 1883 819 coniugalem

236 829 347 856 contra
371 826 474 867 divine
499 827 580 868 legis
604 831 757 868 precepta
780 828 993 869 relinquenti4
1017 830 1049 859 et
1070 828 1188 858 idcirco
1210 827 1250 859 ab
1273 831 1475 859 antecessore
1492 832 1600 859 nostro
1618 829 1712 869 beate
1729 830 1884 870 memorie

237 887 321 918 papa
345 877 485 908 Nikolao
509 878 653 919 legitime
678 880 976 919 excommunicate⁵
1000 878 1165 920 inprovide
1190 880 1441 910 communicasse
1471 881 1672 920 reppe1·ienS‚
1703 890 1792 911 sacra
1820 881 1885 911 iam

237 929 313 959 olim
337 931 559 961 communione
583 931 724 971 privasti.
772 931 875 967 Quem
900 931 1022 962 scilicet
1045 941 1115 962 cum
1141 933 1193 970 tue
1217 930 1320 961 fidelis
1345 930 1523 961 devotionis
1546 933 1752 962 attestatione
1776 935 1884 962 nostro

235 981 413 1020 presulatui
448 981 588 1022 dirigens
622 981 784 1022 professus
819 992 853 1013 es
884 993 941 1023 per
971 992 1070 1012 annos
1099 981 1247 1012 undecim
1278 981 1400 1012 illatam
1437 981 1497 1012 sibi
1525 982 1884 1013 excommunicationisb

237 1032 428 1062 sententiam
452 1032 614 1064 humiliter
638 1034 823 1064 sustinuisse
848 1036 889 1073 et,
915 1033 1000 1074 quod
1024 1043 1065 1063 ex
1081 1033 1202 1073 pollute
1225 1033 1383 1063 consortio
1405 1032 1522 1073 femine
1547 1044 1663 1064 nevum
1687 1033 1884 1074 adtraxerat,

236 1083 333 1124 longa
367 1084 542 1125 penitentie
578 1085 795 1116 satisfactione
831 1095 997 1126 purgasse,
1034 1095 1052 1115 a
1086 1084 1211 1114 vinculo
1247 1094 1302 1124 sue
1339 1084 1544 1125 obligationis
1571 1088 1605 1115 ut
1634 1084 1884 1124 absolveremus,

235 1134 420 1165 mandastie.
468 1136 534 1167 Nos
558 1146 633 1167 vero
658 1137 875 1177 misericordie
900 1137 1015 1167 intuitu
1038 1135 1187 1176 precibus
1204 1136 1264 1166 tuis
1281 1135 1433 1175 inclinati,
1458 1136 1573 1166 interni
1590 1136 1755 1166 arbitrium
1773 1136 1885 1167 iudicis

236 1189 409 1227 sequentes
439 1188 479 1218 ab
503 1188 601 1229 ipsius
629 1188 967 1219 excommunicationis
990 1187 1129 1227 vinculo,
1162 1187 1187 1217 si
1216 1186 1261 1217 ita
1291 1189 1353 1226 est,
1384 1196 1456 1217 eum
1487 1187 1702 1217 absolvimusd
1730 1190 1761 1218 et
1791 1198 1885 1218 omne

238 1237 378 1268 officium
402 1238 453 1269 vel
477 1239 687 1270 ministerium
712 1238 913 1270 sacerdotale
937 1239 1026 1269 iuxta
1050 1238 1278 1279 precedentem
1304 1238 1568 1269 consuetudinem
1592 1238 1739 1270 iubemus
1756 1239 1885 1270 sollem—

237 1290 321 1320 niter
350 1300 386 1320 ac
415 1290 515 1321 libere
545 1301 616 1321 cum
644 1290 774 1321 Domini
803 1301 932 1331 semper
964 1291 1097 1321 timoree
1126 1300 1291 1331 peragere.
1344 1290 1500 1321 Preterea
1529 1290 1568 1321 de
1599 1289 1770 1330 Gedeone,
1799 1291 1886 1321 cuius

236 1351 370 1372 uxorem
394 1351 466 1372 cum
489 1351 643 1382 germano
668 1342 757 1372 istius
780 1341 974 1372 adulterium
998 1344 1200 1382 perpetrasse
1231 1341 1356 1380 fateris,
1388 1352 1429 1372 ex
1457 1344 1548 1381 parte
1581 1341 1667 1371 dubii
1699 1342 1884 1381 existentes,

236 1392 359 1423 utrumf
380 1403 490 1424 verum
514 1393 564 1432 sit,
589 1393 674 1434 quod
699 1393 738 1424 de
761 1392 822 1423 hoc
846 1393 969 1433 dicitur,
994 1403 1109 1433 necne,
1135 1392 1298 1423 dilectioni
1322 1395 1375 1432 tue
1401 1393 1644 1432 committimus,
1675 1395 1710 1423 ut
1734 1393 1819 1423 omni
1844 1403 1885 1423 ex

236 1446 328 1484 parte
353 1443 561 1485 diligentique
586 1454 660 1475 cura
683 1445 730 1475 rei
757 1444 850 1475 huius
881 1445 1014 1475 veritate
1046 1447 1227 1485 comperta,
1258 1444 1335 1485 quid
1363 1454 1460 1484 super
1487 1444 1548 1475 hoc
1578 1443 1885 1475 excellentissimusg

238 1494 350 1526 doctor
383 1495 497 1526 beatus
524 1496 722 1537 Augustinus
753 1496 784 1526 in
819 1495 928 1526 librish
961 1496 1000 1527 de
1028 1495 1216 1527 adulterinis
1248 1495 1403 1537 coniugiis
1436 1495 1477 1526 ad
1506 1495 1724 1526 Pollentium⁶
1757 1495 1884 1535 dixerit,

209 1561 217 1575 τ»
238 1546 378 1588 quidque
402 1547 516 1578 beatus
532 1547 737 1578 Innocentius
760 1557 845 1588 papa
868 1547 1021 1579 vicesimo
1046 1551 1137 1578 sexto
1160 1547 1319 1588 capitulo7
1345 1546 1504 1578 statueriti
1528 1547 1687 1587 relegens7
1711 1547 1885 1578 secundum

236 1597 350 1628 horum
374 1598 570 1629 sanctionem
594 1599 638 1629 ita
656 1598 791 1629 diffinIre
808 1602 968 1639 procuret,
993 1602 1149 1640 quatenus
1165 1599 1332 1630 animabus
1349 1609 1460 1630 eorum
1476 1609 1534 1639 per
1550 1599 1724 1639 penitentie
1742 1599 1886 1629 remedia

236 1648 417 1680 subvenirik
440 1650 540 1690 possit
564 1653 596 1680 et
619 1659 753 1690 corpora
769 1660 826 1691 per
842 1649 909 1690 tue¹
933 1651 1110 1682 sanctitatis
1126 1650 1359 1691 providentiam
1377 1650 1552 1682 secundum
1570 1649 1674 1681 Deum
1692 1651 1722 1680 in
1740 1650 1886 1681 omnibus

236 1700 422 1741 dirigantur.

1026 1952 1097 1981 295.

345 2023 503 2054 Iohannes
530 2023 626 2054 VIII.
652 2034 741 2063 papa
769 2023 957 2055 Branim'iro
986 2023 1091 2054 comiti
1122 2022 1381 2063 (Clwobatorzmz)
1413 2023 1536 2062 gratias
1570 2022 1635 2061 agit
1670 2022 1706 2052 de
1734 2021 1886 2060 fidelitate

236 2076 368 2111 servata,
392 2074 428 2105 in
450 2084 513 2113 qua
536 2077 571 2105 ut
588 2078 770 2113 perseveret,
793 2075 947 2106 hortatur.
1603 2073 1798 2113 (881—82.)

350 2158 425 2185 Cod.:
454 2159 481 2185 R
498 2161 519 2192 f.
533 2162 579 2185 116
597 2167 624 2185 n.
638 2162 694 2185 297.

339 2219 424 2245 Edeta
452 2218 547 2245 Editio
562 2219 689 2245 Romana
701 2219 786 2253 (1591)
801 2218 858 2250 III,
871 2222 922 2245 499
934 2227 961 2245 η.
974 2221 1033 2245 284.
1061 2218 1156 2245 Mansi
1178 2218 1257 2245 Cone.
1269 2218 1326 2244 coll.
1342 2218 1371 2244 X
1381 2218 1440 2251 VH,
1454 2222 1505 2244 :209
1523 2227 1550 2244 n.
1561 2221 1617 2244 284.
1646 2219 1740 2252 Miqne
1752 2218 1827 2244 Patr.
1839 2219 1884 2245 lat.

237 2261 375 2295 CXXVI,
394 2265 441 2288 918
458 2270 485 2288 n.
499 2265 555 2288 307.
574 2277 607 2280 —
626 2261 701 2293 Jaffe
720 2262 785 2295 Rey.
798 2263 867 2287 3359
885 2261 984 2294 (2554).

339 2387 397 2413 294.
426 2388 448 2419 a)
471 2397 485 2412 0
509 2396 576 2412 corr.
594 2396 624 2412 ea:
645 2396 661 2412 a
683 2387 713 2411 R.
821 2387 845 2418 b)
870 2389 918 2412 -ti-
942 2388 1004 2413 add.
1023 2396 1105 2420 supra
1127 2388 1221 2413 lineam
1239 2388 1271 2413 R.
1378 2388 1399 2420 0)
1423 2397 1490 2413 corr.
1508 2397 1538 2413 ea:
1561 2389 1687 2413 mandatis
1711 2389 1745 2412 αἶ.
1764 2396 1831 2412 man.
1851 2388 1882 2412 B.

236 2430 260 2462 d)
279 2432 361 2456 -imus
380 2432 405 2455 in
424 2440 476 2455 ras.
496 2430 528 2456 R.
605 2430 628 2462 e)
648 2438 714 2455 corr.
727 2439 758 2455 ex
775 2431 864 2455 timere
882 2430 913 2455 R.
993 2430 1011 2461 f)
1029 2440 1096 2456 corr.
1111 2439 1141 2455 ex
1160 2432 1244 2456 virum
1262 2432 1297 2456 al.
1312 2440 1379 2456 man.
1400 2431 1431 2456 R.
1509 2430 1534 2462 8)
1554 2439 1624 2455 -mus
1643 2439 1709 2455 corr.
1723 2439 1754 2455 2ae
1774 2432 1832 2455 -mis
1851 2431 1882 2455 R.

235 2472 260 2505 h)
279 2475 306 2498 in
324 2474 360 2504 li-‚
380 2474 425 2498 -ris
442 2474 470 2498 in
488 2482 540 2498 ναε.
560 2473 593 2498 R.
681 2471 698 2505 i)
719 2475 785 2498 'cm-r.
799 2481 829 2498 ew
847 2474 965 2498 statueris
984 2473 1014 2498 B.
1104 2472 1128 2505 k)
1148 2482 1215 2499 corr.
1228 2483 1258 2499 ex
1277 2475 1414 2499 subvenire
1433 2473 1464 2498 R.
1554 2472 1571 2504 l)
1590 2482 1656 2497 corr.
1671 2481 1700 2498 ex
1718 2477 1763 2498 tua
1782 2473 1813 2498 R.

340 2567 365 2599 1)
383 2570 509 2593 870-89.
600 2567 627 2599 2)
649 2566 722 2600 Quae
740 2574 795 2592 non
813 2569 926 2592 exstant.
1019 2566 1045 2598 3)
1065 2566 1112 2592 Ea:
1130 2567 1234 2592 minuta
1252 2567 1346 2600 iyz'tur,
1368 2567 1399 2592 in
1416 2574 1470 2598 qua
1488 2574 1582 2591 nomm
1601 2565 1746 2598 presbyteri
1764 2564 1883 2590 nondum

234 2609 363 2642 scriptum
382 2612 447 2642 erat,
472 2609 657 2643 apographum
675 2609 781 2643 registri
799 2609 891 2642 sluaeit,
910 2611 944 2642 cf.
965 2609 1028 2635 NA.
1050 2608 1194 2641 XXXVI,
1214 2614 1268 2636 116.
1357 2610 1384 2642 4)
1406 2609 1467 2642 Qua
1486 2608 1517 2634 dc
1535 2615 1618 2634 eausa
1636 2608 1671 2639 cf.
1690 2615 1737 2634 nn.
1754 2612 1807 2639 111,
1828 2611 1883 2633 1:¹9.

236 2653 262 2685 5)
281 2652 318 2678 In
337 2652 441 2686 synodo
460 2652 587 2679 Romana
605 2661 629 2678 a.
643 2655 708 2685 863,
733 2652 767 2683 ct'.
787 2660 870 2685 supra
891 2660 918 2678 n.
932 2656 990 2684 111,
1004 2660 1033 2684 p.
1048 2654 1094 2678 103
1113 2654 1203 2678 annot.
1217 2655 1240 2678 3.
1328 2653 1353 2684 6)
1374 2652 1426 2678 Ed.
1448 2651 1539 2684 Mifflze
1557 2651 1631 2676 Patr.
1646 2650 1690 2676 lat.
1706 2649 1770 2681 XL,
1790 2654 1882 2681 451311.

237 2696 263 2727 7)
286 2694 415 2728 Dionysii
441 2694 504 2721 Coll.
522 2695 590 2721 decr.
609 2695 762 2721 Innocentii
780 2703 800 2720 c.
814 2698 845 2721 26
870 2694 919 2727 (ed.
939 2695 1032 2728 Μᾶρκε
1055 2694 1188 2726 LXVII,
1210 2695 1284 2729 247):
1311 2694 1389 2725 Quod
1413 2694 1455 2725 hi,
1480 2693 1527 2727 qui
1554 2692 1744 2719 intercedente
1767 2691 1882 2725 repudio

237 2737 386 2764 divortium
406 2738 582 2772 pertulerunt
605 2738 723 2771 aliisque
747 2747 775 2764 se
795 2738 942 2764 vinxerunt
960 2737 1079 2771 nuptiis,
1102 2738 1222 2765 adulteri
1246 2747 1304 2765 esse
1327 2737 1515 2764 monstrentur
1537 2736 1636 2768 (ffln'st.
1656 2735 1693 2760 acl
1712 2734 1880 2767 Exuperimn

236 2788 273 2813 ep.
290 2780 458 2813 Tolosanum,
479 2781 542 2814 Rey.
556 2780 629 2812 Jaffe'
646 2784 695 2807 293
714 2780 796 2815 [90]).

340 2832 490 2858 ErisToLAE
509 2832 568 2857 VII.
1641 2830 1674 2855 33
