2189 3042
247 126 308 156 3¹³3
585 120 812 147 FRAGMENTA
834 119 1002 146 REGISTRI
1027 119 1204 146 IOHANNIS
1223 119 1297 146 VIII.
1317 119 1435 146 PAPAE
1458 121 1498 148 54.
1516 122 1559 148 55.

246 211 295 240 vel
320 220 374 239 vos
399 208 596 249 apostolatus
624 207 722 237 nostri
748 205 885 237 decretis
909 206 1040 237 obedire
1065 208 1294 247 postponentes
1317 216 1393 247 sepe
1421 210 1632 239 memoratam
1663 207 1816 239 feminam
1840 213 1895 241 aut

244 265 281 290 αἱ·
298 260 355 289 viri
372 261 532 300 potestate
557 260 612 288 aut
635 262 673 288 aa
689 257 769 298 legis
791 257 938 288 examine
962 257 1048 288 nulla
1071 257 1259 288 racionabili
1283 268 1379 289 causa
1403 261 1533 290 extante
1557 259 1735 291 subducere
1759 260 1895 301 amplius

245 311 348 341 conati
374 310 509 349 fueritis,
535 312 599 340 tam
623 308 677 339 illa
702 319 797 349 quam
822 319 891 349 vos,
916 308 1132 350 Theoburgab
1157 312 1190 340 et
1214 308 1393 350 Adelrich⁰‚
1418 320 1584 352 quousque
1609 311 1765 342 sanctioni
1788 315 1894 351 nostre

244 362 398 403 pareatiS,
423 361 485 392 Dei
509 361 737 401 omnipotentis
761 360 878 391 iudicio
903 364 935 391 et
958 361 1126 391 beatorum
1149 360 1260 392 Petrid
1284 364 1315 392 et
1338 361 1454 393 Paulid
1478 363 1696 403 apostolorum
1719 364 1896 394 sententia⁰

244 413 421 454 principum
446 411 728 443 excommunicatis
744 414 777 442 et
800 423 818 442 a
842 422 975 452 corpore
1001 415 1033 443 et
1056 412 1209 453 sanguine
1234 412 1355 443 domini
1378 413 1475 444 nostri
1493 413 1568 444 Iesu
1584 414 1702 445 Christi
1724 414 1791 445 sitis
1815 414 1894 446 alie-
1926 427 1937 445 5

242 464 308 494 nati
332 474 393 494 una
418 474 488 494 cum
513 462 689 494 fautoribus
713 464 934 494 consentaneis
958 463 1147 505 sequacibus
1171 466 1203 494 et
1227 463 1424 504 conplicibus
1444 466 1557 496 vestris
1581 469 1691 506 utpote
1716 465 1893 497 divinarum

243 521 275 546 ct
298 515 508 546 humanarum
524 515 632 556 legum
650 515 822 546 violatores
846 515 1015 556 sedisqueg
1031 515 1207 556 apostolice
1229 514 1430 547 decretorum
1456 519 1693 558 contemptores
1717 520 1748 548 et
1772 518 1894 548 tociens

242 577 279 598 ac
304 567 521 608 multipliciter
544 566 741 597 infractores.

1043 740 1093 768 55.

349 806 508 837 Iohannes
532 805 629 837 VIII.
647 816 737 845 papa
761 806 948 846 (Ansperto)
973 805 1207 837 Illedz'olanensi
1230 806 1460 846 archiepiscopo
1482 807 1648 846 praecipit,
1671 810 1708 838 ut
1730 817 1796 838 una
1820 817 1890 838 cum

242 858 410 895 Lintsreclo
430 857 460 888 T
461 858 591 888 icinensi
615 860 642 889 et
666 857 769 888 Paulo
793 857 979 888 Placentino
1002 858 1156 897 episcopis
1178 867 1307 888 causam
1331 857 1460 897 Rodzdft
1483 858 1618 890 hominis
1640 859 1839 898 imperatoris
1862 861 1892 890 et
1912 870 1935 889 ιο

241 909 351 940 Barac
374 910 484 940 uxoris
506 909 574 940 eins
597 909 787 948 investiyenl.
1703 911 1760 950 (37
1763 911 1807 948 5.)

346 977 408 1003 Coll.
422 985 495 1003 cam:
524 977 549 1002 A
567 979 587 1010 f.
602 978 662 1003 135¹
681 985 720 1009 ep.
736 981 775 1003 52.
797 991 827 995 —-
848 977 877 1002 D
896 977 937 1003 lib.
955 977 1031 1003 VIII
1045 985 1065 1003 e.
1082 981 1128 1003 119
1145 977 1196 1010 (ed.
1210 977 1315 1003 Fronto
1329 981 1421 1010 1³27?
1437 999 1441 1004 .

345 1032 433 1059 Eam
462 1033 557 1058 Mausi
578 1032 655 1058 Cone.
667 1033 722 1058 coll.
739 1032 836 1064 ΧῘἸΙ,
852 1036 901 1058 24?
917 1040 948 1058 ecc
966 1033 994 1058 D
1015 1044 1046 1054 =
1066 1033 1160 1067 Illique
1177 1033 1252 1058 Patr.
1266 1033 1311 1058 lat.
1332 1032 1418 1058 CXX
1426 1033 1472 1066 1'1,
1494 1036 1541 1060 653
1558 1042 1584 1062 υ.
1599 1039 1623 1060 4.
1643 1049 1674 1053 -
1695 1034 1772 1068 Rea:
1795 1034 1894 1061 Ezealcl

242 1076 305 1103 NA.
330 1076 418 1108 13314
438 1084 463 1102 αι.
476 1079 513 1101 52.
550 1075 623 1107 Jaffe'
643 1075 706 1109 Rey.
722 1078 787 1101 3014
805 1075 901 1108 (2246).
941 1075 982 1107 Cf.
1002 1075 1078 1102 Kehr
1097 1076 1180 1102 Italia
1196 1075 1338 1109 pontificia
1357 1075 1387 1108 V,
1402 1081 1453 1103 444
1472 1085 1499 1103 n.
1514 1082 1539 1103 4.

746 1172 1038 1206 [ANJCHIEPISCOPO
1061 1173 1361 1206 [MED]10LANENS1*
1370 1175 1386 1199 ¹.
1912 1182 1935 1201 15

351 1232 451 1275 [Vbi-²
468 1233 653 1275 spectabilis
664 1232 843 1263 Rodulfusb
860 1234 1017 1274 nominee,
1034 1234 1261 1275 imperatorius
1274 1234 1380 1275 homo,
1398 1245 1455 1265 nos
1471 1245 1572 1275 nuper
1589 1234 1713 1266 adierat
1730 1235 1894 1276 queritans

243 1289 275 1316 et
298 1285 506 1315 asseveransd
531 1295 564 1316 se
588 1295 723 1316 uxorem
747 1295 837 1315 suam
861 1285 989 1316 nomine
1008 1285 1131 1316 Bavam
1154 1285 1223 1316 zelo
1241 1285 1372 1327 pudoris
1390 1285 1533 1317 fervente
1551 1286 1689 1317 obscene
1707 1286 1894 1327 suspicionis

243 1336 368 1367 macula
392 1336 561 1366 denotasse
586 1346 622 1366 ac
646 1337 771 1367 sinistra
796 1336 1018 1368 crebrescente
1042 1337 1129 1367 fama
1154 1337 1289 1368 carnalis
1319 1339 1523 1369 accusatione
1552 1338 1691 1369 criminis
1718 1338 1893 1379 impetisse.

244 1388 306 1423 Qui
330 1398 400 1418 cum
418 1388 499 1418 hanc
522 1387 564 1418 ad
589 1387 789 1428 purgandum
813 1388 989 1419 secundum
1013 1389 1094 1430 legis
1118 1389 1266 1430 proprie²
1284 1393 1430 1420 tenorem
1454 1389 1640 1431 parentibus
1664 1390 1753 1421 eius³
1770 1392 1802 1420 et
1818 1399 1893 1420 con-

243 1439 425 1480 sanguineis
450 1438 642 1478 tradidisset,
667 1439 750 1469 ultra
774 1440 918 1480 spacium
943 1441 1015 1470 anni
1033 1440 1093 1470 abe
1119 1441 1181 1471 eise
1205 1440 1301 1471 fuerit
1317 1441 1375 1472 sub
1393 1442 1604 1472 criminalium
1622 1441 1729 1472 reatuf
1751 1441 1894 1481 calump-
1914 1449 1939 1469 20

242 1491 366 1521 niarum
391 1493 545 1521 retentass.
592 1490 662 1526 Qua
692 1490 731 1521 de
761 1501 795 1521 re
824 1502 881 1521 nos
912 1492 1063 1532 equitatis
1091 1502 1201 1523 amore
1232 1493 1385 1524 succensi*
1406 1493 1584 1533 apostolica
1612 1492 1799 1534 parentibus
1827 1492 1895 1524 eius

243 1543 433 1572 auctoritate
451 1541 684 1582 precepimush,
711 1542 870 1582 quatinusi
899 1543 1062 1574 mediante
1079 1554 1188 1574 mense
1205 1544 1352 1584 Augusto
1370 1545 1522 1585 preterite
1539 1545 1675 1585 septime
1692 1544 1895 1575 indictionis4

243 1593 309 1624 sive
332 1595 501 1634 purgatam
525 1593 591 1623 sive
616 1593 709 1624 aliter
734 1593 871 1624 eandem
896 1594 1048 1625 feminam
1070 1595 1137 1625 viro
1161 1596 1291 1636 proprio
1315 1595 1540 1635 reddidissent,
1564 1595 1650 1626 haud
1672 1595 1802 1626 dubium
1819 1595 1894 1636 quin

244 1643 429 1683 subituram,
454 1644 479 1673 si
503 1654 564 1674 non
589 1644 741 1675 secularis
762 1644 843 1685 legis
860 1645 1008 1685 penamk,
1034 1645 1148 1676 saltem
1165 1646 1379 1687 ecclesiastice
1397 1647 1526 1687 pietatis
1542 1646 1727 1686 medelam1,
1752 1646 1894 1687 alioquin

244 1695 385 1735 corporis
398 1699 430 1726 et
446 1695 608 1736 sanguinis
626 1695 745 1726 domini
762 1696 861 1726 nostri
874 1696 948 1727 Iesu
962 1696 1080 1728 Christi
1097 1707 1130 1727 se
1148 1701 1304 1728 nossentnl
1325 1707 1396 1728 cum
1414 1708 1452 1728 ea
1471 1698 1692 1728 communione
1709 1698 1891 1739 privandos,
1912 1707 1936 1726 25

244 1747 297 1787 qui
321 1757 380 1777 nec
404 1746 636 1777 mundanarum
660 1747 711 1777 vel
744 1747 923 1778 divinarum
951 1748 1060 1789 legum
1089 1758 1270 1789 censuram,
1302 1759 1361 1780 nec
1391 1749 1566 1790 apostolice
1595 1749 1680 1780 sedis
1707 1752 1892 1781 reverentes

244 1798 409 1829 decretum
433 1797 545 1828 horum
569 1798 676 1838 nichil,
701 1802 735 1829 ut
758 1799 921 1839 predictus
945 1800 992 1830 vir
1016 1799 1056 1830 ad
1073 1810 1130 1830 nos
1150 1801 1265 1831 iterato
1282 1801 1412 1831 veniens
1433 1800 1541 1831 retulit
1558 1804 1589 1832 et
1610 1801 1709 1841 ipsius
1725 1801 1771 1831 rei
1788 1801 1892 1832 exitus

242 1849 353 1889 innuit,
378 1859 475 1888 agere
502 1852 701 1880 curaverunt.
734 1850 975 1885 Quamobrem¹¹
992 1852 1075 1882 iam0
1092 1862 1182 1882 sacro
1208 1852 1438 1883 communionis
1453 1862 1595 1893 munere,
1613 1852 1787 1883 secundum
1805 1852 1891 1893 quod

242 1900 304 1930 illis
320 1900 507 1931 intentando
526 1901 730 1932 comminatil'
747 1901 919 1942 fueramus,
938 1913 993 1933 eos
1009 1903 1123 1933 merito
1141 1903 1348 1943 privaremus,
1369 1904 1447 1934 nisiq
1465 1904 1599 1935 alteram
1617 1907 1742 1944 partem
1758 1903 1891 1934 audien-

69 1963 231 1988 cf.(÷:=1.3,20.
244 1951 318 1981 dam
343 1951 410 1982 fore
434 1951 657 1982 indicaremus.
703 1952 811 1992 Unde,
837 1954 911 1994 quia
934 1959 1009 1984 nosr
1032 1954 1131 1985 iustos
1162 1959 1249 1985 esses
1272 1954 1467 1986 mediatores
1491 1957 1630 1995 oportet,
1661 1955 1753 1985 unius
1782 1957 1890 1985 autem
1912 1964 1937 1983 3ο

241 2003 401 2033 mediator
423 2014 485 2034 non
510 2006 558 2034 est
583 2003 779 2044 eosdemque
804 2015 922 2035 vexare
946 2005 1072 2046 longius
1097 2006 1327 2046 proficiscendo
1352 2007 1508 2046 nolumus,
1534 2006 1695 2036 sanctitati
1717 2010 1772 2036 tue
1796 2016 1892 2047 super

242 2053 388 2085 huiuscet
418 2055 652 2086 controversiae
684 2056 941 2087 circumstantiau
970 2057 1040 2087 vice
1071 2060 1178 2087 nostra
1208 2057 1378 2098 delegatav
1406 2057 1585 2097 hortamur,
1616 2060 1651 2087 ut
1680 2059 1799 2088 statuto
1830 2060 1892 2088 etw

352 2169 378 2202 ³³)
398 2169 505 2195 Lemma
525 2173 548 2195 et
566 2171 751 2202 superscriptio
770 2171 799 2196 in
820 2171 860 2196 D:
890 2171 927 2197 De
950 2171 1045 2197 eodem
1069 2173 1097 2198 et
1120 2172 1287 2206 purgatione
1310 2173 1376 2199 eius.
1414 2172 1529 2198 Ioannes
1546 2173 1622 2199 VIII.
1642 2172 1778 2199 Ansberto
1803 2171 1891 2198 arehi—

399 2212 530 2246 episcopo
551 2211 759 2239 Mediolanensi.

347 2290 370 2320 Β)
389 2298 436 2314 om.
457 2290 488 2315 A.
576 2289 601 2320 b)
620 2290 764 2322 Theiberga
785 2290 817 2315 D.
900 2292 923 2322 c)
942 2292 1059 2317 Alderiee
1078 2292 1111 2317 D.
1198 2291 1222 2324 tl)
1242 2294 1269 2318 P.
1289 2293 1321 2318 A.
1403 2294 1425 2325 θ)
1445 2294 1572 2319 sententia
1591 2294 1622 2319 A.
1706 2292 1725 2325 f)
1744 2293 1891 2318 excomuni-
1910 2299 1934 2318 35

244 2333 294 2357 cati
313 2332 346 2358 Α.
435 2333 459 2363 8)
479 2341 544 2364 -que
563 2341 611 2357 om.
626 2333 656 2357 A.

347 2383 386 2408 55.
416 2383 439 2414 a)
459 2384 543 2408 littera
560 2384 668 2408 *initialis
687 2384 753 2409 deest
772 2384 804 2409 A.
881 2383 905 2415 ¹³)
924 2385 1073 2417 Radulphus
1092 2385 1125 2410 D.
1203 2387 1224 2416 c)
1244 2395 1291 2411 om.
1306 2387 1339 2411 A.
1416 2386 1440 2419 d)
1460 2389 1612 2412 asseverans
1632 2387 1664 2412 A.
1746 2387 1767 2418 e)
1788 2395 1836 2412 om.
1851 2387 1887 2411 D.

244 2424 262 2456 f)
282 2430 352 2450 reatu
372 2426 404 2451 A.
487 2426 511 2457 g)
531 2431 628 2458 retepta
648 2426 680 2451 A.
763 2426 788 2457 h)
808 2428 961 2459 precipimus
980 2428 1014 2453 D.
1097 2428 1113 2460 i)
1133 2433 1261 2460 quatenus
1280 2430 1314 2454 D.
1400 2429 1425 2461 k)
1446 2439 1493 2455 om.
1507 2430 1540 2456 D.
1623 2429 1642 2461 l)
1661 2439 1676 2456 a
1695 2439 1762 2455 corr.
1776 2439 1806 2455 eo:
1825 2438 1838 2454 e
1858 2430 1890 2454 A.

243 2467 275 2500 m)
295 2473 399 2493 noscent
418 2469 451 2493 D.
557 2470 582 2496 Π)
601 2478 615 2494 e
634 2478 699 2494 corr.
714 2478 744 2494 ez
762 2479 777 2494 a
795 2470 828 2494 A.
934 2470 957 2501 0)
976 2471 1002 2494 in
1022 2471 1055 2495 D.
1154 2471 1179 2503 Ρ)
1198 2473 1318 2498 cominati
1338 2472 1371 2497 A.
1471 2474 1496 2504 q)
1515 2474 1537 2498 si
1555 2474 1591 2498 sic
1611 2474 1642 2498 A.
1747 2474 1767 2503 r)
1788 2481 1835 2498 om.
1855 2473 1888 2497 A·

244 2512 264 2541 Β)
283 2520 337 2536 esse
356 2512 435 2536 iustos
455 2512 488 2537 D.
576 2511 595 2544 t)
614 2521 659 2544 per
677 2513 753 2537 huius
769 2514 773 2542 Ι
790 2521 834 2545 per
853 2512 884 2537 A.
972 2514 996 2544 u)
1015 2515 1222 2539 cix-constantiam
1242 2515 1275 2540 A.
1364 2516 1387 2547 v)
1407 2516 1490 2541 delata
1509 2516 1541 2540 A.
1629 2516 1658 2547 w)
1678 2517 1701 2541 ei
1719 2516 1752 2541 A.
1909 2522 1934 2540 40

349 2596 374 2627 1)
394 2596 541 2628 Ansperto,
567 2600 698 2622 869—82.
725 2611 757 2615 —
781 2596 824 2622 Dc
849 2605 876 2622 re
899 2599 933 2630 cf.
953 2601 1031 2623 21.54.
1137 2599 1163 2630 2)
1186 2598 1225 2630 Cf.
1246 2599 1335 2626 Edict.
1354 2599 1471 2633 Lanyob.
1491 2600 1537 2634 leq.
1556 2609 1573 2626 ιι
1594 2600 1771 2626 Grimowaldo
1798 2599 1862 2626 add.
1878 2604 1892 2626 Τ

245 2636 326 2669 (MG.
341 2638 398 2664 LL.
418 2639 466 2669 IV,
484 2639 535 2671 94).
615 2639 641 2672 3)
664 2639 809 2673 Tenba-yae
827 2642 849 2665 et
862 2640 990 2672 Αῖὸενίε-ο,
1010 2644 1044 2673 ef.
1058 2649 1083 2666 η.
1100 2645 1140 2667 54.
1219 2642 1246 2669 4)
1266 2643 1288 2668 I.
1303 2650 1323 2669 e.
1342 2646 1438 2669 (1.874.
1476 2643 1568 2676 Itaque
1585 2643 1632 2669 hoc
1646 2645 1817 2676 praeceptum
1836 2651 1892 2668 non

244 2679 302 2711 ipsa
320 2681 427 2713 epistola
446 2690 472 2708 fn.
486 2686 525 2711 54,
545 2682 574 2706 in.
593 2690 644 2714 qua
665 2682 792 2707 terminus
811 2682 916 2708 minime
932 2684 1054 2716 ponitur,
1073 2684 1118 2709 sed
1132 2685 1211 2717 prior
1229 2685 1276 2710 filla
1296 2685 1440 2712 admonitio
1458 2686 1494 2712 ibi
1512 2685 1627 2712 laudata
1645 2686 1692 2720 (ef.
1705 2689 1783 2717 2254.
1800 2693 1828 2718 Ρ.
1841 2688 1894 2712 307

245 2726 338 2749 annot.
354 2724 380 2754 6)
399 2732 452 2749 esse
471 2724 582 2750 ridetur.
