2189 3042
678 95 856 122 IOHANNIS
875 96 950 122 VIII.
970 96 1088 122 PAPAE
1111 96 1310 125 EPISTOLAE
1333 100 1356 125 7.
1376 99 1400 125 8.
1845 104 1863 132 7

214 185 344 215 minime
377 183 557 214 studeretis.
613 182 711 213 Cuius
743 183 789 213 rei
822 183 925 223 gratia
957 193 1013 213 vos
1046 184 1236 214 auctoritate
1266 184 1327 215 Dei
1357 186 1583 226 omnipotentis
1616 189 1862 228 sanctorumque

214 235 433 276 apostolorum
462 234 639 276 principum
672 234 881 273 obtestamur,
912 234 1137 274 presentaliter
1166 235 1207 264 ad
1236 239 1377 267 sanctam
1407 237 1517 268 sedem
1545 239 1768 278 apostolicam,
1800 250 1861 280 que
1906 242 1909 245 '

214 291 293 316 vosst
320 287 418 326 misit,
450 287 757 327 episcopatuumque
787 288 966 316 vestrorum
999 285 1092 316 sedes
1123 287 1310 326 quantocius
1340 288 1489 319 redeatis.
1536 289 1657 320 Verum
1688 290 1745 330 sib,
1778 291 1862 331 quod

214 337 308 379 absit,
332 339 422 369 iuxta
445 337 531 379 quod
554 348 573 369 a
595 337 687 368 nobis
711 337 1053 367 anathematizatorum
1077 337 1254 368 satellites1
1276 339 1462 379 gloriantur,
1487 340 1686 380 quorundam
1702 342 1862 373 violentiis

184 402 194 420 5
214 389 396 420 retinemini
426 392 458 420 et
489 388 530 420 ad
557 389 722 420 mittentes
746 398 802 418 vos
829 389 947 418 reverti
976 398 1038 418 non
1068 389 1302 429 permittimini,
1332 392 1524 431 precipimus
1554 392 1643 422 vobis
1671 394 1861 424 auctoritate

214 441 277 472 Dei
301 445 333 472 et
356 441 475 472 domini
498 441 597 472 nostri
613 440 689 471 Iesu
705 439 832 479 Christi,
858 442 893 469 ut
916 449 1075 470 memores
1100 441 1304 481 antiquorum
1328 445 1435 481 sancte
1452 443 1597 483 Romane
1621 445 1754 484 ecclesie
1771 445 1860 486 lega-

214 495 328 531 torum,
354 493 407 534 qui
430 492 524 523 nullis
547 492 650 531 minis,
675 491 771 521 nullis
795 490 968 522 terroribus
992 491 1149 532 nullisque
1173 491 1329 522 mortibus
1352 503 1371 522 a
1394 494 1458 523 suis
1477 494 1688 535 legationibus
1705 496 1861 527 discesse-

214 547 299 584 runt,
329 544 553 584 presentaliter
576 543 766 575 auctoritate
795 542 886 572 huius
911 543 1044 583 epistole
1073 543 1196 573 initium
1221 543 1262 574 ad
1285 554 1343 573 nos
1367 545 1548 576 revertendi
1575 546 1681 577 facere
1709 547 1863 578 studeatis

215 598 261 635 et,
286 596 312 625 si
336 596 482 636 permissi
505 595 641 635 fueritis,
666 594 773 625 statim
797 593 838 624 ad
862 604 919 624 nos
942 595 1157 624 revertamini.
1205 593 1237 624 Si
1260 605 1335 625 vero
1360 596 1473 637 aliquis
1497 608 1552 627 vos
1575 598 1769 638 impedierit,
1794 600 1861 630 vio-

172 659 196 677 ιο
214 646 341 686 lentia⁰‚
366 657 461 688 quam
485 647 644 688 patimini,
674 646 794 677 cunctis
818 644 1015 676 Christicolis
1039 645 1145 676 valeat
1172 646 1335 687 propalari
1364 647 1520 688 nobisque
1544 650 1692 680 continuo
1716 651 1861 690 revelari,

216 698 364 738 quatinus
385 699 416 728 in
433 709 481 739 eo,
500 698 585 740 quod
602 700 712 729 contra
728 707 851 728 morem
868 697 1011 737 gentium
1029 697 1204 737 apostolice
1229 697 1313 729 sedis
1330 698 1447 739 legatio
1466 710 1540 730 ecce
1557 701 1716 732 secund02
1733 702 1862 733 naufra-

215 750 302 790 gium
326 760 421 790 passa
444 753 502 791 est,
526 749 731 781 citissimumd
755 748 921 780 consilium
947 748 1147 779 confortante
1171 760 1229 779 nos
1251 749 1390 781 Domino
1414 760 1622 792 preparemus
1632 752 1654 784 ⁵³.

1024 926 1052 956 8.

322 984 479 1015 Iohannes
508 983 605 1015 VIII.
636 984 789 1015 Bosonem
824 984 963 1014 comitem
987 983 1227 1024 (Viemzensem)
1260 985 1373 1015 iterum
1402 985 1552 1023 obsecrat,
1586 996 1625 1017 oze
1658 987 1787 1026 differat
1820 990 1863 1020 ad

213 1035 373 1067 auxilium
401 1047 492 1067 secu-m
520 1036 670 1066 adm-sus
693 1035 885 1072 Saracenos,
915 1045 1029 1075 neugma
1057 1035 1153 1066 classe
1183 1035 1260 1067 Urba?
1286 1037 1589 1077 appropinquantes,
1619 1047 1682 1069 non
1710 1040 1863 1071 modicum

172 1101 194 1119 15
214 1088 383 1119 exercitum
405 1087 593 1127 quantocius
616 1087 790 1124 destinarffi
818 1087 965 1124 miratur,
994 1097 1064 1117 eum
1087 1087 1222 1118 Leonem
1245 1090 1272 1117 et
1296 1087 1426 1119 Petrum
1449 1089 1617 1128 episcopos,
1646 1089 1758 1129 leyatos
1780 1102 1862 1130 suos,

214 1139 388 1170 retinuisse.
1573 1141 1637 1171 876
1661 1142 1775 1183 (Sept.)

329 1189 406 1216 CocL:
436 1189 462 1215 R
480 1192 500 1223 f.
513 1192 540 1216 3¹
559 1198 586 1215 'n-
602 1192 626 1215 8.

321 1241 406 1267 Εᾱᾱ..·
434 1241 527 1267 Editio
546 1241 673 1266 Romana
695 1241 778 1273 (1591)
802 1240 863 1272 III,
884 1243 931 1265 292
952 1248 979 1265 ‘n-
996 1244 1015 1266 7.
1055 1241 1149 1266 Mami
1172 1241 1250 1267 Cone.
1269 1242 1324 1267 coll.
1345 1241 1448 1274 XVII,
1469 1246 1486 1268 8
1508 1250 1535 1268 oz.
1552 1247 1571 1269 7.
1607 1243 1700 1276 Mz'yne
1722 1244 1797 1270 Patr.
1817 1245 1862 1271 lat.

216 1284 352 1317 CXXVI,
371 1288 421 1310 684
439 1292 466 1310 n.
480 1287 522 1310 30.
542 1299 574 1302 —
593 1283 666 1315 Jaffe'
686 1283 748 1316 Res).
766 1286 834 1309 3048
854 1283 946 1316 (2277.

171 1366 195 1385 20
665 1359 848 1393 (IOHANNES
871 1360 1085 1394 EPlSCOPUS)³‘'·
1105 1363 1245 1387 BOSONIa
1263 1363 1410 1388 (JOMITN.

322 1417 405 1458 Sepe
430 1417 566 1458 gloriam
590 1419 676 1447 tuam
702 1416 806 1447 missis
830 1419 862 1447 et
886 1416 1020 1448 litteris5
1044 1417 1164 1448 hortari
1188 1428 1224 1448 ac
1253 1417 1420 1459 deprecari
1449 1420 1641 1461 studuimus,
1672 1425 1707 1453 ut
1735 1432 1863 1453 manum

213 1469 324 1500 auxilii
348 1470 514 1510 porrigens
537 1471 647 1499 contra
670 1468 826 1499 nefandos
843 1468 1035 1500 Sarracenos
1059 1469 1237 1500 hostiliterb
1254 1480 1420 1502 occurrere
1437 1472 1568 1502 tandem
1592 1476 1771 1514 satageret:
1795 1474 1861 1513 sed⁷

213 1531 270 1562 pro
288 1521 391 1551 dolor!
416 1521 460 1551 nil
483 1520 638 1551 hactenus
654 1519 783 1562 presidii
807 1520 943 1561 adipisci
966 1521 1150 1560 meruimus,
1175 1521 1257 1551 adeo
1282 1525 1316 1552 ut
1339 1533 1397 1553 nec
1422 1533 1620 1564 responsum,
1646 1525 1726 1555 sicut
1748 1535 1806 1556 nec
1824 1525 1863 1556 de

215 1573 284 1603 aliis
309 1572 579 1614 quibuscumquec
602 1571 856 1611 necessitatibus,
880 1582 899 1602 a
923 1571 1091 1602 nobilitate
1116 1572 1189 1602 tuad
1206 1573 1350 1613 recipere
1374 1574 1538 1615 hucusque
1562 1586 1738 1607 noscamur.
1779 1576 1865 1612 Qua—

172 1636 196 1655 25
216 1628 347 1665 propter
363 1625 456 1654 nimis
473 1623 619 1654 dolentes
636 1626 866 1664 gementesque
891 1624 1007 1654 iterum
1025 1624 1206 1664 iterumque
1223 1624 1428 1657 dilectionem
1445 1630 1532 1657 tuam
1556 1638 1732 1666 monemus,
1757 1628 1864 1659 horta-

212 1687 282 1707 mur
306 1680 338 1708 et
366 1676 585 1716 obsecramus,
615 1686 654 1706 ne
679 1676 809 1707 differas
834 1676 933 1716 ultra,
964 1686 1023 1707 nec
1052 1677 1201 1717 patiarise
1225 1678 1379 1718 populum
1402 1677 1533 1708 Domini
1560 1678 1600 1709 ab
1624 1679 1686 1709 illis
1716 1679 1864 1710 divinitus

213 1728 417 1759 fulminandis
438 1728 597 1768 Agareuis
621 1727 769 1768 discerpi,
794 1728 847 1768 qui
872 1731 1067 1768 operuerunt
1090 1728 1271 1759 universam
1296 1730 1497 1770 superficiem
1520 1733 1604 1769 terre
1629 1730 1709 1762 sieut
1732 1731 1862 1771 locuste,
1877 1740 1905 1760 cf.
1920 1739 1992 1760 Iudith
2007 1742 2069 1765 ‘2‚11.

212 1780 257 1810 ita
280 1783 315 1810 ut
339 1790 421 1820 pene
442 1780 562 1810 cunctis
579 1779 830 1810 habitatoribusf
845 1780 919 1810 inde
944 1779 1077 1810 sublatis
1101 1784 1133 1811 et
1156 1781 1187 1810 in
1203 1780 1337 1821 predam
1362 1784 1394 1811 et
1416 1781 1558 1823 gladium
1576 1782 1710 1821 traditis,
1734 1783 1866 1813 redacta

214 1833 254 1862 sit
277 1831 309 1862 in
329 1831 532 1862 solitudinem
558 1834 590 1862 et
612 1832 644 1861 in
662 1831 779 1863 cubilia
795 1831 971 1862 bestiarum
996 1835 1036 1871 et,
1062 1831 1147 1873 quod
1172 1836 1220 1862 est
1243 1832 1347 1864 adhuc
1363 1833 1500 1874 amplius
1516 1834 1751 1865 formidandum
1768 1838 1863 1876 atque
1879 1843 1906 1864 cf.
1922 1843 2059 1869 Soph.2,15.

169 1894 195 1913 ³0
215 1883 403 1922 cavendum,
428 1886 517 1914 certa
540 1883 696 1914 relatione
714 1883 929 1921 didicerimus,
955 1883 1070 1914 stolum
1094 1884 1325 1924 amplissimum
1348 1885 1380 1915 in
1396 1885 1542 1926 proximo
1559 1885 1600 1916 ad
1617 1886 1862 1927 expugnandam

209 1935 331 1966 Urbem
354 1938 536 1974 venturum,
568 1934 600 1965 id
622 1938 673 1965 est
696 1938 824 1965 centum
848 1945 961 1975 naves,
992 1945 1033 1965 ex
1057 1935 1171 1976 quibus
1199 1946 1270 1966 cum
1295 1937 1385 1977 equis
1409 1940 1481 1967 sunt
1504 1937 1686 1978 quindecim
1714 1938 1860 1979 grandes.

210 1986 304 2022 Quod
328 1997 424 2027 quam
447 1987 560 2027 ingens
585 1986 704 2017 malum
729 1989 762 2017 et
785 1986 1036 2028 incomparabile
1061 1987 1114 2026 sit,
1143 1987 1169 2017 si
1192 1988 1312 2018 intente
1338 1988 1628 2029 consideraveritis,
1653 1989 1860 2023 adve1·tetis2;

208 2038 346 2079 perditio
364 2039 448 2069 enim
464 2038 554 2068 istius
562 2037 660 2068 Urbis
678 2038 774 2068 totius
791 2041 839 2069 est
855 2038 965 2068 mundi
983 2038 1194 2079 dispendium,
1211 2040 1309 2070 innuo
1327 2043 1359 2070 et
1374 2041 1472 2080 ipsius
1486 2040 1663 2080 Christiane
1680 2041 1861 2083 religionish

313 2140 341 2171 *)
361 2139 422 2166 add.
441 2148 513 2166 man.
534 2141 688 2166 cdrreetmis
707 2140 742 2167 R.

168 2211 192 2230 35
317 2205 340 2236 a)
358 2211 387 2230 ut
406 2214 451 2230 vos
469 2206 501 2230 R.
590 2205 613 2237 b)
633 2206 660 2230 in
678 2215 730 2231 ras.
750 2206 782 2231 R.
870 2206 893 2237 c)
912 2207 1060 2231 violentiam
1080 2206 1112 2231 B.
1202 2205 1226 2238 d)
1246 2208 1330 2232 citiss-
1348 2208 1376 2232 in
1393 2216 1489 2232 rasura
1507 2209 1539 2234 B.

317 2264 340 2289 8.
368 2265 392 2295 a)
412 2264 471 2290 Ioffl
489 2272 585 2290 Bosom
604 2266 636 2291 R.
667 2265 718 2290 Hic
737 2274 805 2298 eryt),
823 2265 887 2290 sicut
904 2274 967 2290 raro
986 2265 1031 2298 (cf.
1045 2275 1070 2291 νη.
1084 2269 1106 2297 1,
1120 2269 1155 2297 11,
1173 2269 1209 2298 17,
1228 2266 1260 2291 N.
1270 2266 1301 2291 A.
1322 2267 1452 2299 XXXVI,
1471 2270 1505 2293 89
1524 2273 1610 2293 amzot.
1623 2270 1659 2300 4),
1677 2269 1751 2293 etlam
1769 2277 1861 2293 nomen

207 2316 297 2340 papae
316 2308 343 2332 in
361 2308 507 2341 archetypo,
526 2317 599 2340 quem
617 2309 751 2338 descripsit
768 2312 862 2339 noster,
879 2309 991 2340 positum
1010 2313 1078 2338 erat,-
1096 2309 1204 2341 scriptor
1222 2318 1281 2334 vero
1298 2319 1346 2342 pro
1361 2316 1438 2342 parte
1453 2311 1624 2343 inscriptionis
1638 2320 1777 2343 perperam
1794 2312 1861 2335 illud

213 2350 308 2381 habuit,
325 2359 372 2375 nec
392 2355 530 2382 corrector,
547 2351 590 2383 qui
607 2359 699 2384 ‘nomen
713 2359 801 2383 papae
818 2359 1004 2383 nonnunquam
1017 2356 1108 2383 postea
1127 2352 1236 2383 addidit,
1255 2361 1366 2378 errorem
1380 2354 1432 2378 eius
1447 2354 1585 2386 perspexit.
1663 2353 1688 2386 b)
1708 2354 1814 2379 ostiliter
1827 2354 1862 2379 R„

213 2394 235 2425 c)
254 2394 399 2425 quibusque
417 2393 450 2418 R.
533 2392 558 2425 d)
576 2402 657 2425 supra
676 2394 771 2418 lineam
789 2393 851 2418 add.
870 2394 905 2418 al.
924 2402 994 2419 man.
1077 2394 1098 2425 e)
1117 2395 1221 2427 patieris
1240 2395 1272 2420 R.
1355 2394 1374 2427 f)
1394 2396 1595 2421 habitationibus
1614 2396 1645 2422 R.
1728 2398 1753 2427 8)
1771 2397 1859 2421 adver-

166 2443 193 2461 40
212 2436 278 2461 tistis
296 2436 328 2460 R.
416 2435 441 2468 h)
460 2437 520 2461 reli·
539 2445 606 2461 corr.
625 2445 656 2461 ex
679 2445 737 2468 reg—
756 2436 788 2461 R.

315 2504 340 2536 1)
361 2503 425 2530 Scil.
440 2503 565 2529 Formosi
584 2511 623 2536 ep.
636 2503 795 2530 Parmensis
812 2502 842 2529 et*
853 2504 983 2530 sociormn
1001 2504 1058 2530 eius
1076 2512 1205 2537 sequaces,
1224 2505 1270 2538 qui
1288 2505 1318 2530 in
1336 2505 1437 2539 syuodo
1455 2505 1582 2531 Romame
1600 2505 1818 2537 cl.19.Apr.‹s’70
1835 2507 1857 2530 et

209 2547 307 2572 iterum
325 2546 356 2572 in
368 2546 566 2581 Pomtiyone'nsz'
584 2546 610 2573 cl.
624 2551 662 2573 10.
671 2546 725 2573 Iul.
738 2547 958 2573 eoecmnmmzficati
976 2550 1060 2580 erant,
1080 2548 1114 2579 ef.
1129 2548 1270 2574 Diimmler
1286 2548 1301 2574 l.
1314 2548 1329 2574 l.
1343 2549 1401 2581 112,
1413 2552 1479 2580 410‚·
1497 2548 1553 2574 111
1557 2550 1575 2581 ²,
1595 2552 1628 2574 27
1643 2550 1665 2573 et
1683 2548 1760 2581 iufra
1778 2556 1805 2574 n.
1816 2552 1856 2574 24.

210 2590 238 2622 2>
257 2589 385 2615 Alludere
408 2589 512 2615 ridetur
529 2589 565 2615 ad
587 2590 743 2623 Ieyatioozem
762 2589 893 2616 Iohannis
911 2591 1017 2616 Aretim'
1036 2593 1059 2616 et
1077 2591 1210 2617 Iohannis
1230 2591 1407 2616 Tuseaozensz's
1425 2591 1604 2623 episcoporum
1622 2600 1655 2616 m.
1668 2590 1737 2616 Μαί.
1756 2599 1780 2616 a.
1795 2594 1857 2622 876,-

208 2632 243 2664 cf'.
257 2632 397 2658 Diemmler
415 2633 432 2659 l.
446 2633 460 2658 Ζ.
474 2632 535 2666 11²,
555 2637 606 2659 404
615 2641 652 2665 sq.
732 2634 760 2666 3>
780 2633 927 2667 Epistolcmz
941 2635 1012 2660 hanc
1030 2637 1052 2660 et
1070 2637 1213 2667 seqwoemem
1231 2643 1258 2660 a.
1269 2638 1293 2666 3,
1313 2634 1382 2659 notis
1399 2634 1585 2667 clironoloyicis
1603 2634 1711 2660 omnino
1730 2636 1857 2664 carentes,

163 2682 188 2701 45
205 2675 308 2708 qm'o‘res
326 2683 378 2701 esse
395 2676 508 2709 epistolis
525 2684 552 2701 oz.
565 2679 581 2702 3
598 2678 621 2702 et
641 2681 669 2709 4,
695 2676 740 2702 ula*
758 2676 787 2702 de
805 2677 994 2703 revertentibus
1012 2678 1049 2703 rel
1066 2678 1177 2703 reversis
1195 2677 1287 2710 leyatis
1305 2676 1405 2702 mentio
1422 2677 1464 2708 fit,
1487 2684 1576 2702 onmes
1598 2679 1662 2702 recle
1679 2676 1856 2702 consentiunt.

210 2719 236 2751 4)
255 2718 296 2744 De
315 2718 419 2745 Bosowe
436 2718 470 2751 cf.
489 2727 516 2745 n.
530 2723 550 2752 1,
567 2727 595 2752 p.
610 2724 623 2746 1
642 2723 734 2746 aomot.
750 2725 770 2746 1.
858 2722 884 2754 5)
908 2720 947 2752 Cf.
967 2729 994 2746 n.
1009 2725 1032 2746 1.
