2189 3042
243 610 289 631 Col.
301 612 319 634 3,
330 612 348 630 5.

195 1308 223 1329 cf.
238 1308 279 1329 lac.
292 1311 311 1332 1,
323 1310 352 1329 17.

165 1360 192 1380 ci.
209 1359 281 1381 1.Cor.
292 1360 324 1383 13,
335 1361 353 1379 8.

206 1461 267 1481 Rom.
278 1463 297 1485 5,
308 1462 358 1481 3—5.

210 1566 228 1584 2.
235 1563 282 1583 cor.
295 1564 357 1585 4,18.

185 1666 213 1685 cs.
231 1664 285 1686 Phil.
297 1668 316 1688 2,
327 1667 358 1685 15.

185 1717 211 1738 cf.
227 1715 283 1737 Phi-l.
296 1718 315 1740 3,
326 1717 358 1736 14.

177 1768 204 1788 cs.
218 1767 272 1788 Luc.
283 1769 357 1792 21,19.

166 1817 195 1837 cf.
210 1817 359 1842 1.Cor.l5,26.

169 1975 198 1995 ct.
215 1975 286 1995 1.Cor.
298 1977 318 1999 9,
329 1976 360 1994 25.

240 2126 275 2146 I's.
286 2129 317 2150 76,
328 2129 358 2147 11.

200 2381 259 2401 Rom.
271 2383 302 2405 13,
315 2383 363 2402 1-2.

362 159 402 188 42
810 148 986 177 IOHANNIS
1005 148 1081 174 VIII.
1101 147 1219 174 PAPAE
1241 145 1439 173 EPISTOLAE
1461 146 1503 172 43.
1522 146 1564 172 44.

362 243 442 273 hanc
467 241 563 271 nostri
588 238 784 280 apostolatus
808 235 978 277 epistolam
1002 235 1084 264 intra
1112 233 1280 274 sexaginta
1304 232 1427 263 dierum
1455 232 1592 273 spatium
1617 231 1802 262 thesaurum
1825 231 1914 262 illum
1943 231 2011 262 sine

362 293 469 333 aliqua
485 291 692 323 diminutione
716 288 851 320 reddere
868 286 1083 327 proposueris,
1107 285 1152 315 ita
1175 288 1210 315 ut
1232 284 1346 315 missus
1363 286 1435 314 tuus
1450 283 1589 314 Romam
1604 283 1637 313 in
1652 283 1847 324 presentiam
1869 285 2011 314 nostram

362 345 501 381 veniens⁷
526 343 591 372 sive
613 339 790 372 reddideris
812 348 870 369 nee
894 336 1072 368 reddideris
1089 335 1206 377 quidve
1222 335 1295 366 hinc
1311 335 1473 376 agendum
1490 334 1660 376 delegeris,
1682 344 1792 365 veram
1810 337 1842 365 et
1861 333 2012 365 idoneam

362 394 548 435 exposuerit
570 393 740 430 rationem,
766 401 804 421 eo
828 399 927 430 usque
952 389 994 418 sis
1017 390 1133 418 extunc
1157 387 1462 426 excommunicatus,
1486 396 1651 427 quousque
1675 385 1716 417 ab
1738 385 1824 416 omni
1847 388 1877 416 te
1901 385 2011 425 rapine

363 446 584 477 communione
614 442 792 474 reddideris
820 440 973 479 alienum,
1003 438 1183 469 durioribus
1211 438 1362 479 deinceps
1393 440 1425 468 te
1456 437 1559 468 sciens
1582 436 1769 468 verberibus
1793 435 2012 475 erudiendum,
2047 449 2058 467 5

362 498 388 527 si
420 497 468 527 his
498 496 624 526 interim
655 494 779 524 levibus
806 494 909 523 tactus
939 491 1127 531 resipiscere
1159 490 1242 520 forte
1273 489 1513 530 contempseris.
1559 488 1715 520 Amamus
1745 488 1830 519 enim
1860 490 1892 518 te
1922 496 2012 518 more

363 551 496 590 paterno
528 550 560 578 et
589 546 629 577 ab
660 545 720 576 hae
751 543 890 575 secunda
919 542 1078 573 idolorum
1108 541 1261 572 servitute
1291 540 1457 571 volumusa
1484 541 1565 571 scire
1593 540 1729 571 liberum
1761 541 1793 570 et
1824 539 2011 573 immunem;

365 600 482 631 etenim
506 596 670 635 ‘avar-stia',
694 596 870 627 secundum
894 593 1085 636 apostolum,
1109 592 1256 624 ‘servitus
1280 592 1457 623 idolorum'.
1504 591 1662 633 Optamus
1686 594 1718 622 et
1741 593 1859 621 cetera.

466 664 560 688 DATA
579 663 621 687 VI.
641 661 824 686 KALENDAS
844 660 990 690 APRILIS,
1009 658 1210 683 INDICTIONE
1231 658 1260 681 X.

1163 819 1213 847 44.

471 880 629 912 Iohannes
652 877 750 909 VIII.
769 887 859 916 papa
875 877 1097 917 Anyilberyam
1120 875 1381 916 (imperatricem)
1403 875 1622 906 consolatoriis
1644 873 1758 906 litteris
1779 874 1955 910 commonet,
1978 874 2014 903 ut
2033 886 2058 905 10

365 932 484 965 Karolo
507 930 632 972 (Calvo)
656 928 839 970 imperatori
860 928 936 967 fidei
958 931 987 960 et
1009 928 1150 959 sincerae
1173 927 1343 959 devotionis
1366 926 1509 958 exhibeat
1532 926 1752 967 integritatem.

481 1012 554 1038 Cod.:
583 1011 609 1037 R
627 1012 647 1045 f.
661 1014 691 1036 22
709 1018 736 1035 n.
750 1014 792 1036 44.
1671 974 1736 1004 877
1757 972 1859 1004 Mart.
1875 972 1927 1004 27.

470 1063 554 1090 Εᾶᾱ.;
583 1062 676 1088 Editio
688 1061 815 1087 Romana
833 1061 916 1095 (1591)
935 1060 994 1093 ΙΙΙ,
1011 1063 1059 1087 325
1076 1069 1104 1086 η.
1116 1063 1155 1087 43.
1186 1059 1283 1086 Mansi
1303 1060 1381 1087 Cone.
1395 1059 1452 1086 coll.
1474 1058 1575 1091 XVII,
1595 1061 1629 1085 39
1647 1065 1674 1084 n.
1688 1060 1729 1084 43.
1766 1057 1861 1091 Miqne
1879 1057 1954 1084 Patr.
1968 1057 2014 1083 lat.

368 1106 505 1138 CXXVI,
526 1110 573 1132 720
590 1108 668 1131 21.66.
688 1119 721 1123 -
739 1103 816 1136 Jaffe'
834 1103 899 1137 Req.
913 1106 984 1130 3085
1002 1104 1101 1137 (2314).
2036 1111 2060 1130 15

545 1183 729 1216 (IOIIANNES
752 1180 968 1214 EPISCOPUS)*
988 1182 1139 1218 DILECTI}
1163 1182 1254 1218 FILII}
1278 1181 1496 1206 INGELBERGE
1519 1180 1665 1206 CHRISTO
1687 1179 1840 1204 DICATE1.

475 1240 522 1271 Eo
546 1250 613 1279 nos,
636 1239 701 1269 filia
724 1238 902 1277 karissima,
926 1247 986 1267 nee
1010 1237 1072 1268 alio
1097 1237 1181 1268 circa
1197 1236 1402 1268 dilectionem
1418 1239 1559 1267 vestram
1579 1236 1716 1277 flagrare
1740 1234 1858 1266 affectu
1881 1234 2016 1273 noveris,

369 1303 431 1334 quo
456 1292 582 1331 fuimus,
607 1301 668 1332 quo
694 1290 791 1320 etiam
815 1288 890 1319 olim
914 1288 1086 1329 persistere
1111 1288 1349 1329 proposuimus;
1374 1288 1476 1318 nescit
1499 1288 1584 1318 enim
1601 1286 1730 1318 dilectio
1746 1285 2017 1317 vicissitudinum³

370 1343 647 1375 obumbrationem
681 1351 739 1372 nee
771 1340 932 1372 defectum
960 1340 1093 1381 patitur,
1130 1350 1202 1370 cum
1233 1339 1408 1370 secundum
1438 1339 1620 1380 apostolum
1650 1348 1824 1380 numquam
1859 1336 2016 1369 excidatb.

369 1396 473 1427 Huius
496 1395 542 1426 rei
565 1394 668 1435 gratia
692 1393 911 1423 consolatoriis
934 1391 984 1422 his
1007 1394 1039 1422 et
1063 1391 1291 1422 exhortatoriis
1314 1391 1517 1432 prudentiam
1534 1393 1673 1421 vestram
1697 1390 1811 1421 litteris
1834 1399 2017 1420 commone·
2038 1402 2064 1421 ρο

371 1458 450 1486 mus,
474 1457 514 1477 ne
531 1446 686 1476 deficiatis
701 1445 732 1475 in
749 1443 1017 1483 tribulationibus,
1033 1442 1202 1483 ‘scientes³,
1220 1443 1355 1474 docente
1376 1442 1532 1484 apostolo,
1548 1441 1635 1483 ‘quia
1651 1441 1814 1472 tribulatio
1830 1440 2020 1482 patientiam

372 1501 530 1539 operatur,
555 1497 709 1538 patientia
732 1498 840 1527 autem
863 1495 1098 1536 probationem,
1122 1495 1269 1536 probatio
1290 1505 1366 1525 vero
1390 1504 1491 1535 spem,
1515 1504 1589 1535 spes
1612 1497 1720 1525 autem
1743 1503 1806 1524 non
1830 1492 2018 1523 confundit’.

371 1548 500 1580 ‘Omnia
516 1548 609 1587 enim,
627 1559 687 1589 que
704 1547 860 1587 videntur,
884 1546 1076 1588 temporalia
1099 1549 1187 1583 sunt;
1212 1557 1273 1587 que
1289 1556 1365 1577 vero
1389 1556 1451 1577 non
1467 1545 1624 1585 videntur,
1648 1544 1781 1586 eterna.²
1816 1544 1854 1574 In
1870 1544 1919 1574 his
1942 1554 2019 1585 ergo

372 1607 427 1632 eor
450 1600 514 1641 figi,
538 1600 569 1630 in
591 1599 640 1630 his
663 1599 780 1630 debesc
797 1599 870 1629 totis
894 1598 1055 1629 radicibus
1078 1597 1235 1638 inherere,
1261 1598 1437 1635 carissima3
1461 1596 1546 1628 unde
1573 1596 1731 1637 sapientia
1754 1598 1861 1627 vestra
1883 1598 2018 1634 sanctos,

373 1652 427 1693 qui
450 1651 623 1692 patientie*l
646 1652 677 1681 in
700 1650 818 1681 mundo
843 1650 988 1681 claritate
1013 1650 1104 1691 quasi
1126 1649 1296 1680 luminaria
1318 1649 1525 1689 refulserunt,
1557 1659 1613 1689 pre¹
1642 1647 1740 1678 oculis
1767 1647 1886 1678 habeat
1915 1649 1948 1678 et
1974 1647 2020 1677 ita
2039 1658 2063 1677 25

373 1703 535 1734 inoffensis
563 1703 603 1733 ad
627 1702 767 1743 palmam
795 1712 931 1743 superne
955 1701 1131 1732 vocationis
1154 1700 1316 1742 gressibus
1340 1700 1464 1740 tendat,
1489 1710 1584 1741 quam
1608 1698 1759 1730 videlicet
1785 1698 1925 1729 habituri
1949 1699 2021 1728 sunt

372 1755 433 1794 illi,
463 1755 516 1796 qui
547 1754 674 1785 oraculo
698 1747 866 1784 Dominico
895 1754 1010 1785 imbuti
1041 1755 1072 1784 in
1104 1753 1260 1794 patientia
1288 1763 1346 1784 sua
1371 1756 1492 1795 ponunt
1521 1753 1644 1784 animas
1673 1761 1755 1782 suas
1801 1751 1908 1782 Nichil
1936 1750 2021 1781 enim

372 1806 501 1837 inimica
524 1816 607 1836 mors
631 1806 680 1836 vel
704 1816 815 1836 manus
838 1805 978 1845 abstulit,
1003 1805 1089 1846 quod
1113 1806 1188 1846 vita,
1213 1816 1273 1847 que
1298 1805 1441 1837 Christus
1466 1807 1524 1842 est,
1552 1807 1584 1835 et
1607 1803 1705 1844 ipsius
1728 1802 1863 1843 provida
1887 1801 2021 1833 dextera

374 1858 405 1887 in
428 1858 542 1888 melius
565 1868 625 1888 non
650 1856 808 1887 transtulit
838 1860 935 1898 atque
965 1857 1113 1888 restituit.
1159 1856 1302 1888 Abstulit
1328 1857 1497 1887 mortalem
1528 1855 1583 1886 illa
1612 1855 1776 1894 maritum⁷
1806 1854 1863 1885 sed
1896 1854 1956 1885 ista
1987 1866 2021 1886 se

373 1910 475 1949 ipsam
500 1912 642 1948 eternum
667 1908 798 1938 obtulit0
822 1919 987 1949 sponsum:
1011 1908 1111 1948 unde,
1137 1919 1197 1949 que
1222 1908 1340 1939 terreni
1364 1907 1564 1938 vocabamini
1591 1917 1672 1937 uxor
1694 1905 1912 1947 imperatoris,
1936 1906 2021 1946 cele·
2041 1919 2066 1938 30

376 1961 431 1991 stis
454 1961 518 1990 iam
542 1960 626 2000 regis
648 1960 747 1990 multo
771 1960 962 2000 prestantius
986 1960 1127 1991 dicimini
1150 1960 1298 1991 coniunx⁴
1337 1959 1535 1999 Ademptum
1559 1961 1608 1989 est
1632 1957 1838 1998 corruptibile
1862 1957 2021 1997 diadema,

374 2011 430 2041 sed
454 2014 642 2051 preparatur
666 2011 847 2051 incorrupta
871 2021 1002 2047 cor0na;
1027 2015 1150 2042 remota
1174 2015 1246 2042 sunt
1270 2011 1508 2050 decoramenta,
1531 2021 1591 2051 que
1612 2011 1824 2049 veterescunt,
1848 2008 1905 2039 sed
1928 2018 2022 2050 repo-

375 2064 435 2093 sita
466 2066 537 2093 sunt
565 2062 655 2092 vobis
684 2066 886 2101 ornamenta,
916 2074 976 2104 que
1008 2073 1069 2093 non
1099 2066 1308 2093 marcescunt.
1360 2061 1403 2092 Et
1426 2061 1503 2103 quid
1529 2062 1640 2102 plura?
1692 2060 1756 2091 Pro
1790 2070 1957 2100 erumnoso
1991 2063 2023 2090 et

374 2114 574 2155 phantastico
607 2124 705 2154 regno
738 2114 920 2155 percipietis
956 2114 1033 2145 felix
1065 2118 1097 2146 et
1125 2124 1235 2145 verum
1265 2114 1437 2155 imperium
1468 2116 1500 2144 et
1528 2122 1641 2143 revera
1670 2110 1743 2152 ‘hec
1767 2114 1816 2142 est
1842 2111 2022 2142 immutatio

375 2165 507 2205 dextere
525 2164 674 2195 Excelsi³.
713 2165 833 2195 Verum
852 2176 923 2196 cum
940 2166 1077 2206 sapienti
1092 2165 1183 2196 vobis
1208 2168 1240 2196 et
1256 2175 1318 2207 que
1341 2166 1441 2196 nostis
1462 2164 1502 2195 de
1521 2165 1631 2205 paucis
1650 2163 1742 2204 plura
1762 2173 1898 2204 pensare
1921 2172 2024 2203 pauca
2043 2172 2067 2190 ³⁵

375 2217 547 2255 sufficiant,
577 2216 625 2246 his
653 2217 695 2247 ita
719 2217 883 2257 prelibatis
907 2217 1113 2248 dilectionem
1136 2220 1275 2248 vestram
1299 2217 1414 2248 merito
1439 2226 1693 2254 commonemus,
1722 2218 1757 2245 ut
1780 2214 1937 2255 spirituali
1960 2214 2024 2244 filio

374 2272 482 2299 nostro
512 2268 633 2299 Karolo
665 2268 805 2309 piissimo
836 2269 1022 2309 imperatori
1056 2279 1135 2309 pure
1171 2268 1245 2299 fidei
1280 2279 1317 2299 ac
1351 2269 1472 2308 sincere
1504 2267 1682 2298 devotionis
1711 2266 1869 2297 exhibens
1898 2275 2025 2306 semper

377 2320 594 2360 integritatem
623 2330 732 2350 omnes
761 2320 800 2350 ad
827 2320 895 2350 elus
922 2320 1198 2351 mansuetudinem
1222 2320 1364 2351 attrahat
1392 2323 1424 2351 et
1451 2318 1630 2350 salubribus
1653 2318 1781 2349 monitis
1807 2316 2024 2348 inviolabilem

379 2371 408 2402 ei
436 2370 533 2401 fidem
561 2380 689 2401 servare
718 2370 923 2402 demonstret.
968 2371 1055 2402 ‘Non
1080 2373 1164 2403 enim
1192 2374 1241 2403 est
1268 2371 1435 2413 potestas²,
1465 2373 1501 2401 ut
1527 2369 1691 2411 apostolus
1719 2369 1777 2409 ait,
1801 2368 1871 2399 ‘nisi
1902 2379 1921 2399 a
1943 2367 2027 2399 Deo³

379 2425 426 2462 et,
453 2421 517 2463 ‘qui
541 2422 660 2452 resistit
684 2422 849 2462 potestati,
873 2421 936 2453 Dei
960 2423 1151 2454 ordinationi
1174 2424 1309 2454 resistit?
1356 2423 1424 2454 Nos
1446 2425 1569 2461 autem,
1593 2421 1667 2462 quia
1690 2420 1779 2451 illum
1803 2420 1967 2460 divinitus,
1990 2422 2025 2450 ut
2044 2434 2069 2454 40

482 2532 507 2565 ἦῆ)
526 2532 590 2558 add.
608 2540 679 2558 man.
699 2531 853 2557 correctoris
874 2531 907 2558 R.

482 2593 506 2625 a)
525 2594 640 2618 volemus
658 2593 690 2618 R.

482 2643 523 2670 44·
551 2645 574 2676 ³)
593 2653 651 2669 'um
670 2645 695 2669 2¹⁷²
708 2652 762 2669 ⁷¹⁰³·
776 2644 808 2669 R·
879 2643 904 2675 b)
924 2646 1031 2670 excedat
1050 2646 1081 2670 It.
1153 2648 1175 2677 e)
1195 2655 1222 2671 -s
1240 2647 1267 2671 in
1285 2655 1337 2671 ras.
1352 2646 1383 2671 R.
1455 2644 1480 2677 d)
1499 2652 1527 2676 -Q
1546 2653 1613 2670 corr.
1627 2652 1657 2669 ea·
1674 2653 1705 2668 <a
1722 2643 1754 2669 R.
1825 2642 1848 2674 e)
1867 2643 1975 2668 contulit
1993 2642 2024 2666 R.

483 2721 509 2752 1)
530 2720 708 2753 Imperatr-ici,
723 2720 818 2745 viduae
832 2719 961 2746 Lmloriei
974 2721 1021 2751 11.,
1034 2728 1101 2753 qnae
1119 2722 1276 2748 monasterio
1295 2730 1314 2748 s.
1325 2721 1470 2748 Sala-almis
1487 2723 1510 2747 et
1528 2728 1548 2747 s.
1560 2720 1646 2747 Iuliae
1658 2719 1800 2745 Brioeiensi
1814 2721 1880 2745 tune
1890 2719 2027 2752 praeerat,-

380 2764 413 2795 σί.
432 2772 459 2788 η.
473 2767 512 2789 43.
2043 2767 2068 2786 45
