2189 3042
187 893 211 910 10

187 1176 210 1193 15

187 1689 210 1707 25

187 2202 212 2221 35

187 2540 212 2557 40

657 172 834 199 IOHANNIS
856 172 927 198 VIII.
947 171 1066 198 PAPAE
1091 171 1288 198 EPISTOLAE
1312 171 1369 197 272.
1389 171 1445 197 273.
1812 174 1869 203 241

229 259 397 291 confratris
432 260 529 290 nostri
565 259 799 300 archiepiscopi
833 261 865 289 ct
899 259 1120 300 episcoporum
1156 259 1348 289 sententiam
1384 259 1447 289 iam
1484 259 1558 289 olim
1590 260 1619 289 in
1652 261 1683 289 te
1715 259 1873 299 prolatam

228 311 376 343 iubemus
400 315 431 342 te
456 322 527 342 cnm
551 311 622 341 filiis
647 314 679 341 et
702 310 931 351 complicibusa
954 311 1015 341 tuis
1039 311 1124 341 omni
1149 310 1366 341 ecclesiastica
1390 320 1459 341 esse
1478 311 1699 342 communione
1716 311 1874 352 privatum

230 366 262 393 et
290 374 308 393 a
341 366 413 393 cetu
443 366 538 403 atque
564 363 716 393 societate
748 363 887 392 omnium
911 361 1163 392 Christianorum
1194 364 1305 402 utpote
1329 364 1489 392 tantorum
1523 361 1678 393 malorum
1706 365 1874 403 perpetra-

229 416 315 444 tores
349 413 607 444 inconvertibiles
638 412 778 443 seclusos
809 416 841 443 et
872 413 1039 443 damnatos
1070 413 1224 452 existere,
1261 423 1426 454 quousque
1459 414 1579 451 omnia,
1613 423 1673 454 que
1705 423 1874 454 perperam

230 465 383 505 gessistiS,
409 464 609 496 emendando
631 464 852 505 kanoniceque
878 464 1103 495 satisfaciendo
1122 465 1246 495 veniam
1273 464 1462 505 condignam
1485 466 1651 505 percipere
1676 465 1874 495 mercamini.

334 534 426 557 DATA
446 534 502 558 XV.
522 534 705 558 KALENDAS
729 535 861 565 MAnTll,
882 535 1080 559 INDICTIONE
1099 535 1179 559 XIIII.

1016 672 1088 701 273.

339 728 497 760 Iohannes
521 728 612 760 VIII.
635 739 725 769 papa
753 730 967 761 Athcmasimn
999 731 1173 769 episcopum
1196 730 1443 769 Neapolitanum
1474 730 1645 761 imiamins
1676 731 1876 769 imprecatur,

228 783 265 810 ut
280 780 391 818 foedus
414 790 484 811 cum
501 780 672 811 Saracenis
687 781 809 818 facium
830 782 954 812 {malem
972 781 1128 818 dissolvat,
1152 792 1224 812 neve
1245 781 1297 818 eis,
1322 781 1378 819 qai
1402 782 1435 811 in
1451 781 1613 812 Berolassi
1636 784 1876 818 commormmcr,

228 833 343 870 faveat.
1534 834 1596 862 381
1620 832 1721 863 Mart.
1740 834 1789 864 14.

343 882 418 908 0002..-
448 883 474 908 R
492 885 513 916 s.
528 885 587 909 108¹
609 887 700 909 ›1.;>7,3,

333 934 419 960 Ed&
447 934 538 960 Editio
552 935 675 961 Romana
692 935 777 969 (1:391)
798 935 856 966 ΙΙΙ,
875 938 922 961 485
941 943 966 960 21.
979 938 1031 960 965.
1065 934 1159 959 Mamm?
1179 933 1252 959 Cone.
1264 934 1318 958 coll.
1334 933 1429 965 XVII,
1446 937 1492 958 100*
1512 937 1602 960 »1.265.
1634 934 1726 967 Miyme
1746 935 1818 960 Patr.
1833 935 1876 960 lat.

231 977 366 1009 CXXVI,
387 981 437 1003 927
453 986 480 1004 π.
495 981 552 1004 318.
572 993 603 995 —
623 978 695 1009 Jaffe'
714 978 778 1011 Ray,
791 981 861 1004 3343
880 978 979 1011 (2565).

728 1057 925 1081 ATHANASIO
949 1056 1107 1080 EPlsCOPO
1132 1056 1381 1079 NEAPOLITANO.

338 1111 408 1141 Iam
434 1112 507 1152 quia
531 1114 561 1141 te
586 1111 771 1142 lactantium
796 1115 828 1142 et
849 1111 890 1142 ab
913 1112 990 1152 ipsis
1007 1111 1172 1142 cunabulis
1190 1110 1394 1141 educantium
1412 1114 1518 1149 sancte
1536 1111 1646 1140 matris
1663 1114 1715 1150 tue
1732 1110 1877 1151 Romane

231 1163 365 1203 ecclesie
391 1162 508 1194 oblitus
533 1173 567 1193 es
590 1163 739 1200 uberum,
769 1163 821 1194 vel
844 1166 950 1203 nostre
975 1162 1212 1202 benivolentiea
1235 1172 1296 1192 non
1321 1160 1480 1192 debueras
1505 1161 1663 1199 oblivisci,
1696 1172 1791 1202 quam
1821 1162 1878 1192 tibi

231 1214 442 1255 paternaliter
466 1214 656 1245 exhibentes
680 1216 712 1244 et
735 1214 845 1245 salutis
870 1217 921 1254 tue
947 1214 1090 1244 consulta
1114 1213 1310 1254 previdimus
1337 1215 1369 1243 et
1392 1213 1423 1242 in
1448 1212 1679 1253 temporalibus
1703 1212 1880 1243 commodis

231 1267 320 1296 iuxta
338 1265 525 1306 qualitatem
543 1266 695 1306 temporis
712 1265 852 1306 presidia
869 1276 995 1306 queque
1013 1265 1212 1295 contulimus
1250 1264 1292 1294 Et
1308 1265 1459 1305 quoniam
1477 1267 1721 1304 cooperatorem
1737 1267 1878 1295 nostrum

229 1318 262 1348 in
275 1317 333 1357 his,
351 1328 411 1358 que
425 1317 487 1348 Dei
500 1320 581 1355 sunt,
599 1320 630 1347 te
644 1316 763 1347 habere
777 1317 940 1348 volentes¹'
953 1317 1110 1357 nimisque
1125 1319 1212 1346 tuam
1226 1316 1469 1346 sanctimoniam
1484 1315 1685 1356 diligentesb,
1702 1326 1878 1355 monemus,

230 1372 264 1399 ut
288 1369 339 1400 vel
363 1379 444 1399 nunc
469 1369 508 1399 ad
533 1379 586 1399 cor
603 1368 727 1407 redeas,
752 1371 787 1398 ut
803 1378 901 1409 prava
919 1378 1044 1409 queque
1062 1368 1151 1398 iuxta
1169 1371 1257 1398 tuum
1274 1367 1483 1398 ministerium
1502 1367 1605 1397 diluas
1630 1370 1662 1397 et
1678 1367 1877 1398 inimicorum

187 1432 203 1449 2·
232 1420 484 1451 Christianorum
509 1420 644 1450 nominis
668 1419 759 1459 fedus
784 1419 965 1450 execrando
987 1419 1140 1459 devites1‚
1166 1422 1322 1460 quatenus
1344 1421 1376 1449 et
1397 1419 1500 1458 anime
1518 1422 1570 1459 tue
1588 1419 1710 1449 lucrum
1727 1418 1878 1460 adquiras

231 1475 263 1502 et
286 1473 402 1503 nostris
426 1472 528 1512 magis
559 1481 595 1501 ac
619 1471 721 1512 magis
752 1471 919 1502 affectibus
949 1471 1069 1512 perfrui
1093 1470 1202 1501 valeas
1234 1473 1266 1500 et
1294 1469 1504 1510 blasphemiis
1534 1480 1570 1500 ac
1599 1470 1878 1501 maledictionibus

230 1523 436 1564 reliquiarum
471 1523 580 1564 populi
612 1522 783 1553 Christiani
814 1522 979 1553 divinitate
1007 1523 1147 1563 propitia
1183 1532 1302 1552 careas.
1358 1521 1537 1561 Memento,
1573 1532 1686 1562 queso,
1723 1522 1798 1563 quid
1834 1532 1877 1554 es,

230 1577 393 1606 memento
418 1574 504 1615 quid,
529 1575 554 1604 si
578 1585 640 1605 non
664 1574 845 1614 resipueris,
871 1574 932 1605 eris
957 1577 988 1605 et
1011 1573 1200 1604 iudiciorum
1224 1573 1354 1604 Domini
1378 1583 1503 1604 memor
1527 1576 1606 1612 esto,
1637 1584 1676 1603 ne
1700 1584 1758 1614 pro
1783 1574 1878 1604 tantis

230 1627 301 1657 Deo
334 1626 490 1656 rationem
520 1625 656 1656 reddere
688 1626 825 1667 cogaris,
859 1626 968 1666 quanti
999 1636 1057 1666 per
1084 1628 1171 1656 tuam
1200 1625 1356 1655 desidiam
1386 1625 1571 1665 interempti
1599 1628 1671 1655 sunt
1701 1629 1732 1656 et
1762 1626 1878 1666 captivi

231 1678 316 1709 ducti
340 1677 474 1708 diversis
497 1677 669 1708 mortibusc
686 1678 859 1719 perierunt.
898 1677 948 1708 De
973 1688 1106 1718 quorum
1131 1677 1319 1707 crudelitate
1345 1676 1421 1717 quid
1445 1676 1552 1707 dicere
1576 1670 1774 1717 possuniiis?⁰
1798 1676 1877 1707 Cum

229 1732 318 1760 tanta
341 1729 413 1760 hino
433 1729 539 1760 flenda
563 1730 625 1760 sint
650 1733 682 1760 et
698 1729 848 1770 lugenda,
873 1733 917 1769 ut,
941 1730 966 1759 si
990 1729 1129 1760 scribere
1146 1729 1302 1768 volumus,
1327 1731 1359 1759 et
1382 1728 1585 1759 lacrimarum
1609 1729 1701 1759 rivuli
1725 1731 1877 1767 crescent,

229 1784 262 1812 et
285 1781 421 1821 primum
446 1781 556 1812 charta
581 1791 676 1822 quam
702 1781 798 1811 verba
824 1780 982 1811 deficient.
1029 1781 1176 1822 Denique
1201 1780 1287 1821 apud
1306 1779 1479 1811 Kaietam*
1497 1780 1572 1810 olim
1590 1780 1679 1810 nobis
1696 1780 1877 1811 necessario

229 1832 428 1863 constitutis2
452 1832 552 1874 legati
583 1833 628 1863 tui
664 1832 905 1873 promiserantd,
939 1835 973 1862 ut
1005 1833 1087 1863 intra.
1116 1833 1254 1873 spatium
1285 1832 1396 1872 viginti
1427 1831 1551 1862 dierum
1580 1843 1642 1862 non
1672 1832 1775 1862 solum
1806 1842 1877 1862 cum

228 1884 387 1924 Agarenis
416 1884 559 1915 habitum
589 1887 717 1925 pactum
753 1884 958 1921 dissolveres,
993 1894 1101 1915 verum
1140 1885 1237 1914 etiam
1267 1883 1444 1914 Saracenos
1478 1894 1610 1924 caperes
1640 1886 1672 1914 et
1699 1883 1789 1914 nobis
1823 1894 1877 1914 eos

186 1946 197 1964 a
230 1937 472 1967 transmitteres
516 1936 579 1967 Sed
605 1946 691 1975 ecce,
716 1935 801 1977 quod
824 1936 1015 1976 promissum
1041 1939 1098 1974 est,
1122 1935 1184 1965 fide
1208 1935 1362 1966 hactenus
1387 1935 1488 1965 caruit
1511 1938 1543 1965 et
1567 1935 1708 1965 omnium
1733 1936 1876 1975 sponsio-

229 1998 304 2019 num
321 1992 447 2019 tuarum
465 1988 549 2018 dicta
573 1991 696 2018 cassata
720 1990 792 2018 sunt
809 1990 850 2025 et,
874 1990 908 2018 ut
925 1990 1069 2028 apparet,
1094 1986 1254 2018 frustrata.
1285 1986 1389 2025 Unde,
1415 1987 1495 2016 sicut
1512 1986 1659 2025 diximus,
1684 1990 1787 2017 cesset
1802 1987 1876 2026 iam,

230 2042 334 2070 cesset
346 2039 404 2080 hec
418 2040 632 2070 inmanissima
651 2040 759 2080 pestis,
777 2042 811 2070 ut
826 2039 959 2080 reliquie
974 2039 1153 2079 Christiane
1171 2038 1312 2069 funditus
1328 2048 1389 2068 non
1408 2037 1585 2078 depereant
1602 2041 1634 2068 ct
1651 2041 1684 2068 tu
1702 2038 1805 2078 anime
1824 2041 1876 2079 tue

231 2090 399 2131 dispendia
422 2101 485 2121 non
508 2091 677 2130 incurrasss,
702 2092 790 2132 quia,
816 2091 841 2121 si
864 2091 984 2132 populo
1008 2091 1069 2121 Dei
1095 2101 1278 2131 compassus
1302 2089 1415 2129 fueris,
1441 2092 1473 2120 et
1496 2088 1599 2119 Deum
1624 2089 1681 2119 tibi
1704 2090 1877 2130 propitium

230 2142 328 2173 facies
364 2145 397 2172 et
425 2145 567 2172 nostram
598 2143 824 2182 paternitatem
854 2143 947 2173 solito
975 2152 1065 2173 more
1093 2142 1253 2183 percipies
1283 2144 1314 2172 et
1342 2141 1552 2171 ministerium
1584 2144 1670 2171 tuum
1701 2141 1875 2177 custodies;

231 2192 373 2234 alioquin
396 2204 458 2224 non
482 2193 584 2223 solum
609 2197 715 2224 nostra
738 2194 797 2224 tibi
820 2205 881 2224 non
907 2194 1117 2233 dimittemus,
1148 2193 1204 2224 sed
1229 2193 1327 2224 etiam
1352 2193 1536 2223 canonicam
1565 2193 1596 2222 in
1621 2195 1651 2223 te
1685 2193 1876 2223 sententiani

231 2245 321 2274 iuxta
345 2247 486 2275 nostrum
511 2245 720 2275 ministerium
743 2246 904 2276 iaciemus.
953 2245 1016 2276 Sed
1042 2248 1073 2276 et
1096 2245 1156 2276 hoc
1173 2245 1272 2276 nostri
1288 2244 1488 2286 apostolatus
1505 2245 1695 2275 auctoritate
1712 2254 1878 2275 monemus

232 2299 264 2326 et
287 2295 593 2326 excommunicando
618 2296 721 2326 modis
745 2296 890 2327 omnibus
914 2296 1141 2336 interdicimus,
1170 2300 1212 2336 ut,
1239 2298 1312 2338 quia
1335 2295 1422 2327 ‘ecce
1447 2299 1572 2337 tempus
1596 2295 1795 2337 acceptabile
1820 2298 1877 2335 est,

233 2357 308 2378 ecce
334 2357 414 2377 nunc
440 2346 508 2377 dies
531 2346 663 2385 salutis³,
687 2347 805 2378 nullam
829 2347 1033 2387 seditionem,
1065 2348 1183 2379 nullam
1209 2349 1474 2387 commotionem,
1502 2347 1588 2378 nulla
1619 2347 1800 2377 discrimina
1829 2346 1878 2377 vel

336 2462 361 2495 “-”’)
381 2462 417 2488 In
437 2470 518 2495 marg).
539 2461 601 2488 add.
620 2470 703 2487 mana
723 2463 875 2488 eoo-rectoris
894 2462 989 2494 Mota)
1009 2462 1135 2489 Caietam
1155 2463 1194 2493 R,·
1212 2466 1244 2497 cll
1260 2464 1321 2489 NA.
1338 2463 1484 2494 XXXVI,
1502 2466 1539 2488 97.

335 2534 357 2563 ²)
377 2532 547 2564 cumplieibus
566 2532 598 2556 R.

335 2578 393 2604 273.
421 2583 444 2609 a)
464 2580 637 2610 uenivolentie
657 2579 689 2604 R.
776 2578 801 2610 b)
820 2579 855 2604 sic
873 2579 911 2608 R;
938 2580 972 2611 cf.
991 2588 1016 2603 n.
1030 2581 1089 2610 254,
1108 2588 1135 2611 p.
1150 2582 1198 2604 *222
1217 2581 1232 2604 l.
1247 2583 1269 2605 5.
1358 2580 1380 2610 (ᾗ)
1400 2581 1415 2604 b
1435 2589 1501 2603 corr.
1520 2588 1549 2604 ea:
1568 2589 1579 2604 s
1601 2579 1629 2604 R.
1721 2578 1744 2609 d)
1765 2587 1830 2602 cort:
1848 2586 1878 2602 ea·

230 2623 382 2655 promiserat
399 2621 431 2647 R.
520 2621 542 2654 e)
561 2631 627 2647 corr.
640 2631 671 2647 ecc
689 2623 790 2647 incuras
810 2623 841 2647 R.

337 2699 360 2729 1)
380 2698 550 2723 Athanasius
568 2697 652 2731 iqitur
664 2697 699 2723 ad
717 2697 810 2731 foedas
824 2697 1020 2730 Saracenicmn,
1038 2697 1107 2729 qaod
1126 2706 1151 2723 a.
1165 2701 1213 2723 879
1231 2700 1339 2730 ruperat
1358 2698 1404 2731 (cf.
1420 2698 1620 2729 nn.*.1.3‹),249)‚
1640 2705 1665 2722 α.
1681 2699 1731 2721 880
1749 2695 1877 2721 concinno

231 2740 354 2766 redierat.
454 2741 480 2772 2)
500 2740 559 2766 Hoc
585 2741 635 2766 iter
656 2740 828 2772 Caietanam,
852 2740 923 2773 quod
946 2741 1022 2766 etiam
1048 2741 1078 2766 i‘n
1105 2748 1143 2774 ep.
1162 2749 1189 2766 n.
1206 2744 1255 2767 279
1279 2740 1415 2772 laudamur,
1442 2740 1477 2765 ad
1498 2749 1522 2765 a.
1538 2743 1591 2765 880
1615 2739 1711 2771 referri
1734 2738 1805 2763 (lebet
1832 2738 1875 2771 (cs.

190 2791 214 2809 45
234 2786 326 2809 annot.
342 2785 374 2817 1),
392 2791 447 2809 non
466 2783 503 2809 ad
521 2783 569 2809 riter
587 2782 654 2808 illud
676 2783 824 2809 Traiectam
843 2786 865 2809 et
885 2782 1004 2816 Capuam
1023 2791 1056 2809 m.
1072 2783 1178 2810 Octobri
1198 2787 1247 2809 879
1264 2786 1366 2817 saetam
1386 2783 1432 2816 (es.
1454 2785 1651 2813 ›171.213—;)l6,
1669 2782 1734 2814 2⁵0¹).

336 2835 486 2860 Ems'rOLAn
505 2834 565 2860 V11.
1638 2833 1669 2858 31

1894 1375 1921 1396 cs.
1937 1375 2008 1400 Ιεμίῦγ
2019 1378 2036 1396 S.

1893 2307 1912 2326 2.
1919 2306 1966 2326 Cor.
1978 2307 1996 2327 6,
2007 2306 2025 2324 2.
