2189 3042
153 314 180 333 ef.
192 314 268 333 Mnitlt.

148 343 179 363 ιε,
192 342 213 359 lh
222 346 266 364 >wl-

75 418 103 437 οἱ.
117 416 180 436 Dout.
194 418 223 436 19.
235 419 267 440 14;

142 444 175 463 27.
186 444 214 462 17.

165 877 270 901 cLExod.

152 908 184 929 22,
193 909 211 926 4,
221 906 239 925 7.
249 907 268 925 9.

76 1048 103 1068 cf.
117 1047 186 1068 Exod⁴
198 1050 227 1068 12.
236 1049 269 1069 40.

83 1823 138 1844 cLI.
147 1823 196 1843 Cor.
205 1824 271 1842 1537.

280 131 340 159 412
521 123 715 150 ANASTASH
737 122 1033 149 BIBLIOTHECARII
1054 121 1253 148 EPISTOLAE
1271 121 1352 148 SIVE
1371 121 1649 149 PRAEFATIONES
1667 124 1691 149 5.

281 212 458 243 afficientes
475 210 656 251 Hesperiae
681 211 876 251 potestatem
899 209 962 239 iam
980 219 1109 249 prorsus
1125 209 1322 239 amitterent.
1351 206 1534 239 Occidentis
1553 209 1650 241 etiam
1667 208 1783 240 amisso
1799 210 1934 250 imperio

280 262 485 293 nihilominus
508 260 662 291 Romanis
685 260 898 301 pontificibus,
922 260 998 301 quia
1021 260 1083 290 iam
1105 259 1217 290 iubere
1243 262 1417 301 nequeunt,
1438 260 1572 291 suadere
1596 261 1738 291 nituntur
1754 261 1818 292 suis
1841 261 1936 292 laesis

284 315 425 344 favorem
444 312 588 343 sensibus
605 311 890 342 accomodandum.
915 310 980 342 Sed
997 311 1072 352 quia
1088 311 1140 341 isti
1157 321 1228 341 011111
1244 310 1344 342 Petro
1362 321 1457 352 super
1474 314 1599 352 petram
1616 322 1712 343 verae
1730 312 1937 343 confessionis

282 367 403 396 stantes
426 363 613 405 pestiferam
637 362 877 404 suggestionem
903 362 1013 393 audire
1038 365 1181 403 possunt,
1199 361 1354 393 obaudire
1377 373 1440 394 non
1462 365 1605 404 possunt,
1622 363 1769 404 111οΧ1111,
1787 364 1939 405 quoniam

283 418 376 449 aliter
407 428 462 448 eos
492 416 622 447 laedere
653 419 825 457 nequeunt,
856 416 976 457 patrios
1001 418 1033 446 et
1056 415 1204 456 antiquos
1228 415 1382 446 terminos
1404 414 1631 454 transferunffl,
1661 415 1829 456 privilegia
1852 415 1938 446 sedis

280 469 477 510 apostolicae
503 471 709 509 corrumpunt
733 471 765 498 et
788 477 871 509 pene
900 468 1028 498 omniast
1050 467 1120 497 iura
1144 466 1415 507 disponendarum
1441 466 1634 498 dioeceseon
1663 466 1812 498 auferunt
1842 470 1939 508 atque

280 521 344 551 suis
368 520 448 551 haec
471 519 649 550 fautoribus
673 519 896 550 consentaneis
925 522 958 550 et
981 518 1214 549 sectatoribusb
1234 518 1410 558 conferunt,
1437 528 1509 549 cum
1526 518 1641 559 quibus
1666 518 1763 549 etiam
1779 519 1836 558 ius,
1855 519 1940 559 quod

281 571 375 602 sedes
403 571 579 612 apostolica
603 581 700 611 super
722 570 905 611 praedictas
928 571 1078 611 regiones
1101 569 1224 609 habuit,
1249 570 1324 611 quia
1346 570 1436 600 iuxta
1459 580 1493 600 se
1518 570 1598 600 sitae
1623 569 1823 611 videbantur,
1848 581 1938 601 usur-

280 626 358 664 pant
382 626 414 653 et
437 622 811 663 Constantinopolitanae
837 621 977 652 dioecesi
994 621 1142 662 nequiter
1158 621 1331 663 applicant,
1351 631 1422 652 cum
1440 621 1553 652 beatus
1570 631 1655 662 papa
1670 621 1817 652 videatur
1834 621 1940 653 dicere

280 674 486 705 Innocentius
513 673 555 705 ad
582 674 805 704 Alexandrum
832 673 1068 704 Antiochenum
1097 673 1180 704 inter
1208 673 1271 703 alia
1300 672 1478 703 scribens2:
1511 675 1575 701 Non
1603 683 1680 714 ergo
1704 676 1816 702 visum⁰
1838 679 1881 702 est
1904 676 1941 702 ad

282 729 469 756 mobilitatem
492 738 549 754 11(οι
560 729 692 754 ssitatum
715 729 921 754 mundanarum
945 729 997 753 Dei
1013 728 1159 754 ecelesiam
1175 727 1351 757 commutari,
1368 727 1487 753 honores
1502 731 1553 753 aut
1569 727 1720 753 divisiones
1735 728 1853 761 perpeti,
1872 736 1941 761 quas

280 789 331 815 pro
355 781 411 806 suis
434 780 525 806 causis
548 780 690 806 faciendas
712 777 842 806 duxeritd
867 781 1028 814 imperator.
1076 775 1140 807 Sed
1171 775 1220 807 his
1250 786 1309 807 nec
1339 775 1399 816 ipsi
1430 775 1483 806 diu
1511 775 1666 817 fruuntur,
1696 775 1854 817 siquidem
1877 776 1941 807 iam

281 831 460 860 memorata
484 829 664 870 Vulgarum
696 839 775 869 gens
805 829 950 869 protinus
975 828 1066 858 irruit
1090 830 1123 858 et
1144 828 1294 858 universa
1318 828 1402 858 circa
1424 826 1607 858 Danubium
1633 831 1777 868 occupat⁴
1824 826 1941 869 Sicque

285 881 381 912 Greci
406 881 574 922 principes,
599 880 685 922 quod
709 880 778 911 sedi
802 879 980 921 subripiunt
1003 879 1210 921 apostolicae,
1234 880 1265 910 in
1289 879 1423 920 duplum
1446 878 1684 919 quodammodo
1710 881 1743 910 et
1766 879 1942 910 secundum

282 934 388 974 legem
408 933 619 969 resarcinant3
643 942 716 963 nam
741 942 813 963 cum
836 932 905 962 iure
930 931 1117 962 dioeceseos
1141 934 1314 971 usurpatae
1340 931 1438 962 etiam
1462 940 1528 970 sua,
1546 929 1579 960 id
1603 932 1651 961 est
1673 930 1801 971 imperii
1821 930 1943 971 proprii

282 988 409 1027 partem
431 985 609 1025 potestatis,
634 984 793 1015 amittunt.
818 983 939 1014 Verum
964 982 1095 1014 tandem
1120 982 1293 1023 aliquando
1310 982 1422 1012 volens
1446 982 1648 1022 omnipotens
1664 981 1763 1023 Deus,
1788 982 1841 1023 qui
1866 982 1962 1013 olim.

284 1036 366 1068 filios
389 1036 489 1067 Israel
515 1037 611 1067 etiam
634 1039 708 1076 post
732 1035 862 1076 triginta
886 1037 918 1065 et
942 1034 1211 1076 quadringent0s⁴³
1235 1044 1334 1065 annos
1359 1033 1399 1064 ab
1424 1033 1635 1074 affligentium
1652 1033 1808 1074 pressuris
1825 1033 1942 1074 eripuit

283 1088 509 1129 salubremque
542 1087 719 1118 doctrinam
752 1086 891 1126 edocuit,
921 1086 979 1117 has
1011 1086 1108 1116 etiam
1139 1085 1288 1126 regiones
1318 1096 1390 1116 cum
1419 1085 1538 1126 populo
1569 1095 1626 1115 suo
1655 1084 1696 1115 ad
1720 1088 1843 1116 rectum
1865 1085 1941 1116 fidei

283 1140 445 1170 tramitem
469 1149 672 1180 aequamque
696 1138 837 1169 iustitiae
862 1148 1007 1168 normam
1030 1137 1207 1178 perducere
1230 1137 1398 1178 inspiravit
1418 1137 1483 1167 iam
1506 1139 1685 1167 memorato
1709 1137 1845 1178 principi
1861 1137 1941 1168 Vul-

284 1201 395 1232 garum
413 1201 471 1232 per
486 1191 601 1222 merita
618 1190 717 1229 Petri⁷
742 1190 831 1220 cuius
847 1190 878 1220 in
895 1192 964 1220 arto
981 1189 1059 1220 situs
1075 1189 1343 1220 interventionem
1361 1187 1421 1218 sibi
1436 1187 1523 1229 apud
1538 1188 1643 1218 Deum
1661 1187 1775 1219 adesse
1792 1191 1941 1229 precatus

285 1243 348 1274 ests
363 1243 471 1284 sicque
489 1242 528 1273 de
545 1242 723 1273 numerosis
740 1241 847 1273 cuneis
862 1241 1019 1272 hostium³
1036 1241 1254 1281 triumphavit,
1271 1240 1400 1271 mittere
1412 1239 1550 1270 Romam
1561 1240 1573 1257 4
1591 1242 1623 1270 et
1638 1250 1657 1270 a
1673 1239 1750 1271 sede
1764 1240 1940 1280 apostolica

283 1295 359 1326 fidei
389 1298 420 1325 et
450 1304 547 1325 sanae
578 1293 757 1324 traditionis
780 1293 943 1334 postulare
969 1291 1138 1323 doctrinas.
1186 1291 1281 1327 Quod
1304 1292 1374 1332 pius
1398 1291 1546 1332 princeps
1570 1301 1632 1321 non
1656 1291 1762 1332 segnis
1787 1294 1942 1323 executor

284 1346 392 1378 effecit
416 1349 448 1377 et
470 1346 600 1376 mittens
624 1344 665 1375 ad
683 1345 891 1386 apostolicam
908 1343 1030 1383 sedem,
1048 1345 1098 1375 cui
1116 1343 1265 1375 decessor
1281 1346 1388 1374 vester
1404 1346 1478 1373 tunc
1494 1352 1579 1383 papa
1595 1343 1748 1383 egregiae
1764 1343 1941 1374 sanctitatis

285 1397 491 1439 praesidebat
514 1396 674 1436 Nicolaus,
707 1399 739 1427 et
768 1407 830 1428 non
859 1397 962 1427 solum
993 1396 1146 1436 dogmata
1175 1395 1399 1427 horthodoxae
1429 1395 1516 1435 fidei,
1546 1405 1658 1426 verum
1689 1395 1786 1426 etiam
1811 1397 1940 1426 sanctae

285 1451 369 1481 vitae
399 1449 599 1489 disciplinam
629 1448 669 1479 ab
698 1458 737 1479 ea
747 1449 768 1487 ⁵,
798 1448 872 1489 quin
902 1450 935 1479 et
958 1447 998 1478 ad
1021 1450 1192 1489 utrumque
1216 1447 1350 1478 idoneos
1373 1447 1570 1478 institutores
1591 1447 1728 1487 expetiit
1751 1449 1783 1477 et
1806 1447 1939 1487 accepit,

286 1501 424 1532 Paulum
449 1500 571 1530 scilicet
594 1499 888 1540 Populoniensem⁶
914 1502 946 1530 et
967 1499 1159 1530 Formosum
1174 1498 1408 1529 Portuensem⁷
1434 1501 1563 1529 sanctae
1586 1498 1836 1529 conversationis
1858 1498 1939 1529 anti-

287 1554 385 1583 stites.
427 1551 488 1587 Qui
515 1551 556 1582 ad
583 1551 760 1592 principem
787 1551 1011 1591 pervenientes
1039 1553 1201 1591 totamque
1226 1550 1289 1581 iani
1316 1552 1567 1580 memoratorum
1589 1549 1768 1590 Vulgarum
1792 1550 1938 1590 patriam,

288 1605 376 1635 cuius
400 1613 495 1644 supra
519 1606 627 1643 partes
650 1602 982 1642 commemoravimus,
1007 1605 1216 1642 peragrantes
1241 1605 1358 1632 terram
1383 1600 1525 1632 cordium
1555 1600 1683 1641 linguae
1707 1611 1838 1632 vomere
1868 1612 1940 1642 pro-

289 1655 484 1686 scindendos·
510 1657 541 1685 et
565 1654 725 1685 Christum
751 1653 934 1694 exstirpatis
966 1663 1107 1684 errorum
1140 1653 1311 1694 vepribusg
1341 1652 1373 1683 in
1402 1652 1567 1683 hominum
1602 1651 1732 1683 menteh
1764 1652 1939 1693 plantando

287 1707 478 1748 fluentisque
503 1707 585 1737 sacri
607 1705 759 1746 baptismi
781 1705 916 1747 rigando
940 1707 1037 1746 atque
1061 1705 1265 1746 impositione
1289 1714 1441 1735 manuum
1465 1714 1592 1734 suarum
1616 1714 1712 1745 super
1732 1705 1838 1745 capita
1861 1704 1940 1736 fide-

287 1759 364 1790 lium
389 1761 421 1789 et
444 1757 515 1789 Deo
541 1757 647 1788 dicata
671 1757 794 1797 templa
816 1756 866 1788 vel
891 1756 1005 1787 altaria
1034 1756 1266 1787 incrementum
1297 1755 1503 1796 perfectionis
1533 1766 1592 1796 per
1620 1758 1764 1786 sanctum
1788 1755 1941 1797 Spiritum

286 1809 474 1850 invocando,
509 1809 584 1839 dum
615 1808 810 1849 apostolicus
842 1808 895 1839 ille
927 1808 1074 1849 pontifex
1107 1811 1140 1839 et
1172 1827 1210 1831 —
1241 1811 1278 1838 ut
1305 1808 1350 1839 ita
1380 1807 1504 1838 dicatur
1532 1826 1576 1830 ——
1605 1808 1753 1839 caelestis
1782 1808 1878 1839 homo
1910 1811 1942 1839 et

287 1861 446 1892 terrestris
479 1860 613 1901 angelus
645 1862 807 1900 superstes
838 1859 968 1890 habitus
1002 1862 1060 1899 est,
1093 1860 1225 1890 minime
1258 1862 1472 1890 cessaverunt.
1526 1858 1579 1889 Ad
1609 1859 1697 1889 cuius
1729 1859 1941 1891 imitationem

288 1912 403 1944 eadem
428 1912 481 1953 agi
504 1914 632 1942 strenue
656 1914 691 1941 tu
714 1921 878 1942 successor
899 1911 977 1951 eius,
1001 1911 1107 1942 almae
1129 1921 1166 1941 ac
1183 1921 1327 1942 summae
1343 1910 1572 1951 magnitudinis
1595 1911 1733 1951 praesul,
1757 1911 1942 1942 medullitus

288 1963 446 1995 anhelasti
470 1966 502 1994 et
524 1962 556 1992 in
579 1963 627 1993 his
647 1961 905 1993 consummandis
922 1965 1070 2003 satagere
1086 1973 1150 1993 non
1166 1962 1306 1993 cessasti.
1342 1961 1379 1992 In
1397 1964 1518 1992 tantum
1536 1961 1660 1992 autemi
1676 1962 1779 2002 pietas
1796 1965 1941 1994 creverat

288 2016 438 2057 principis
463 2018 494 2046 et
517 2014 704 2045 abundabat
728 2015 811 2045 circa
834 2014 964 2045 beatum
987 2013 1122 2044 Petrum
1145 2014 1360 2045 venerationis
1384 2012 1512 2054 affectu,
1542 2016 1578 2044 ut
1601 2013 1741 2054 quadam
1766 2013 1818 2044 die
1846 2024 1942 2045 manu

289 2068 418 2109 propria
442 2065 575 2106 capillos
605 2077 678 2097 suos
707 2064 978 2106 apprehende1·it¹‘
1002 2069 1034 2096 et
1058 2065 1350 2106 contemplantibus
1374 2066 1495 2096 cunctis
1518 2075 1551 2096 se
1575 2064 1730 2096 Romanis
1754 2066 1857 2096 missis
1880 2068 1944 2097 tra-

290 2119 408 2149 diderit
424 2117 545 2148 dicens:
564 2116 697 2149 ‘Omnes
716 2118 870 2158 primates
894 2120 927 2147 et
950 2117 1054 2148 cuncti
1077 2117 1188 2158 populi
1204 2117 1382 2158 Vulgarum
1400 2120 1504 2148 terrae
1522 2120 1715 2157 cognoscant
1731 2117 1772 2148 ab
1788 2117 1942 2148 hodierno

291 2170 342 2201 die
367 2180 418 2200 me
441 2179 568 2200 servum
591 2169 659 2200 fore
682 2172 755 2210 post
778 2168 885 2199 Deum
908 2168 996 2200 beati
1019 2168 1109 2200 Petri
1133 2172 1166 2200 et
1190 2169 1258 2200 eius
1281 2168 1434 2200 vicarii⁹.’

395 2316 418 2346 ἃ)
438 2324 486 2340 om.
502 2314 555 2340 V3.
626 2313 649 2346 b)
668 2315 847 2340 consentaneis
866 2319 891 2339 et
909 2315 1080 2340 sectatoribus
1098 2323 1224 2347 super-scr.
1240 2314 1269 2340 V.
1353 2314 1375 2345 ⁰)
1394 2315 1490 2339 iustum
1508 2314 1532 2338 V
1540 2316 1563 2339 3.
1647 2313 1672 2346 d)
1692 2323 1758 2340 corr.
1772 2323 1802 2339 ecc
1821 2316 1894 2340 duxit
1913 2315 1944 2344 V,-

292 2360 365 2384 ‹luxit
385 2359 435 2383 ΓΖ,
525 2358 546 2389 e)
565 2366 631 2382 corr.
645 2366 675 2382 ez
694 2358 877 2390 quadrigentos
895 2357 924 2382 V.
1003 2356 1021 2387 f)
1041 2366 1088 2382 om.
1104 2357 1157 2382 Vs.
1240 2359 1264 2387 Β)
1285 2366 1338 2383 ras.
1352 2366 1418 2382 corr.
1432 2366 1462 2382 ex
1482 2357 1613 2389 uepiribus
1634 2357 1660 2382 V.
1740 2356 1765 2389 h)
1784 2359 1869 2383 mente
1888 2357 1943 2383 V?-

292 2402 310 2434 i)
329 2403 356 2427 in
374 2410 426 2426 ras.
444 2401 470 2425 V.
541 2399 567 2431 k)
587 2409 635 2426 om.
651 2400 710 2432 1725
728 2401 929 2433 apprehenderet
949 2400 999 2425 V3.

397 2486 421 2518 1)
444 2485 483 2518 Cf.
498 2485 652 2511 Innocentvii
670 2485 693 2510 Ι.
712 2485 785 2518 epist.
800 2485 863 2518 Rey.
878 2484 956 2516 Jaffd
975 2488 1030 2517 317,
1048 2484 1191 2518 01111119ηο
1204 2484 1281 2511 Patr,
1295 2485 1341 2512 lat.
1356 2485 1413 2510 LX
1420 2485 1484 2517 VH,
1498 2488 1563 2511 251:
1581 2484 1725 2511 transferri
1743 2493 1797 2511 non
1817 2487 1944 2519 oportere

293 2529 424 2556 terminos
448 2537 464 2555 a
484 2528 611 2562 patribus
637 2528 813 2554 constitutos.
931 2528 958 2560 2>
979 2527 1041 2560 Rey.
1056 2528 1132 2559 Jaffe'
1151 2531 1208 2560 310,
1225 2527 1262 2554 ecl.
1276 2528 1433 2560 Hinschius,
1451 2527 1553 2554 Πρω-ει.
1568 2527 1722 2554 Ps.-Isidor.
1737 2536 1766 2561 P·
1780 2531 1832 2554 548
1850 2535 1907 2561 cap.
1921 2531 1944 2554 2.

293 2573 319 2601 3)
338 2572 400 2598 Seil.
411 2579 547 2604 procerum
565 2579 683 2603 suorum,
703 2572 738 2605 cf.
748 2571 823 2597 Ama.
835 2570 939 2596 Bertin.
952 2570 989 2596 ad
1007 2579 1030 2596 α,
1047 2574 1106 2602 866,
1124 2570 1161 2596 ed.
1180 2571 1269 2596 Waz'tz
1283 2579 1311 2603 p.
1325 2574 1367 2597 85.
1459 2571 1487 2603 4)
1503 2570 1543 2602 Cf.
1558 2570 1795 2598 AmaBertinian.
1809 2571 1825 2597 l.
1835 2571 1852 2597 l.
1860 2579 1890 2604 p.
1904 2574 1945 2598 86.

294 2617 320 2646 5)
343 2614 382 2648 Cf.
397 2614 505 2640 Nicolai
518 2614 541 2639 I.
560 2621 688 2647 responsa
706 2614 770 2648 Rey.
782 2613 856 2645 Jaffci
874 2617 945 2644 2812,
964 2613 1002 2639 ed.
1017 2613 1051 2638 M
1055 2613 1086 2638 G.
1101 2613 1188 2646 Epist.
1206 2613 1252 2644 VI,
1265 2617 1312 2640 568
1329 2622 1356 2640 n.
1371 2617 1407 2640 99.
1528 2614 1554 2646 6)
1581 2613 1668 2646 Quam
1692 2613 1775 2639 sedem
1801 2616 1866 2639 tunc
1890 2614 1946 2639 iam

296 2658 420 2683 Castrum
442 2657 556 2683 Corniae
580 2658 742 2683 translatam
766 2664 826 2689 esse,
850 2664 910 2682 cum
929 2656 1032 2682 Paulus
1052 2656 1186 2682 Cominus
1212 2656 1359 2690 episcopus
1378 2657 1433 2682 iam
1451 2657 1481 2682 in
1499 2656 1601 2691 synodo
1621 2665 1645 2683 a.
1661 2648 1708 2682 86²1
1728 2656 1831 2682 Romae
1854 2656 1946 2682 habita

294 2701 488 2733 subscripserit,
512 2701 640 2733 opinatur
659 2699 733 2726 Kehr
751 2700 835 2726 Italia
855 2700 999 2732 pontificia
1018 2699 1144 2730 11],268.
1268 2700 1294 2732 7)
1313 2703 1471 2729 864-876‚·
1497 2702 1653 2731 883-891,·
1677 2699 1724 2732 qui
1742 2702 1838 2732 postea
1861 2698 1946 2725 sedem

296 2743 467 2776 apostolicam
486 2743 602 2769 obtinuit
620 2746 760 2769 891-896,
848 2743 874 2776 8)
895 2742 936 2776 Cf.
949 2743 985 2768 M
987 2742 1019 2768 G.
1036 2742 1122 2775 Epist.
1139 2742 1181 2774 V]⁷
1195 2746 1243 2769 502
1262 2742 1276 2768 ἶ.
1293 2746 1351 2775 6311.
1440 2743 1466 2774 9)
1486 2742 1527 2774 ΟΥ.
1541 2750 1623 2775 supra
1638 2751 1666 2775 p.
1680 2745 1728 2768 222
1746 2742 1761 2769 ἶ,
1774 2745 1866 2775 32sqq.

1968 683 1993 702 10

1969 940 1993 959 15

1969 1198 1994 1216 20

1969 1454 1992 1473 2⁵

1969 1712 1994 1731 30

1970 1970 1994 1990 35

1971 2321 1996 2341 4⁰

1971 2578 1996 2597 45
