2189 3042
161 718 186 737 10

163 975 187 995 1⁵

166 1468 191 1488 20

167 1724 192 1744 25

169 1938 194 1957 ³0

170 2232 195 2251 35

172 2568 198 2587 40

742 158 899 185 FORMOSI
919 157 1037 184 PAPAE
1055 156 1254 184 EPISTOLAE
1275 157 1297 183 1.
1310 156 1333 182 2.
1802 156 1862 186 367

210 247 396 280 Bremensis
419 247 589 286 ecclesiae,
614 256 697 288 quae
721 246 753 276 in
777 245 933 277 affinitate
961 245 1066 286 posita
1088 244 1259 286 neglectaa
1281 242 1442 274 interdum
1465 242 1626 282 tabuerat,
1650 241 1691 273 ad
1715 244 1861 272 sanctum

211 310 292 341 opus
316 298 550 340 expergefacta
573 301 758 339 assurgeret
781 301 814 328 et
842 296 978 337 segnitie
1003 295 1150 337 deposita
1180 295 1221 326 ad
1251 294 1477 337 agriculturam
1508 294 1730 335 accingeretur
1753 293 1862 324 domni

211 351 381 382 salvatoris
422 360 458 381 ac
500 350 687 391 extirpatisb
726 349 894 380 idolatriae
933 348 1076 379 sentibus
1114 347 1320 378 seminarium
1354 349 1536 387 spargeret,
1574 345 1659 376 unde
1692 345 1863 385 multiplex

211 402 333 434 fructus
357 402 398 433 ad
423 402 530 433 divina
557 401 673 432 horrea
696 401 887 441 perveniret.
932 400 1134 431 Praeterito⁰
1157 401 1266 429 autem
1290 408 1382 438 anno,
1413 408 1485 428 cum
1516 397 1632 428 exinde
1656 397 1864 427 ventilaretur

212 455 357 496 quaestio
381 455 464 485 inter
493 454 618 495 legatos
642 453 700 484 tibi
726 453 916 484 commissae
948 451 1104 483 ecclesiae
1134 461 1258 482 necnon
1290 453 1323 481 et
1344 450 1554 481 Bremensem
1578 448 1764 487 antistitem,
1789 448 1864 489 quia

210 516 261 537 res
284 506 316 536 in
341 506 493 547 ambiguo
518 508 588 536 erat
610 506 726 546 posita,
751 507 873 535 temere
892 503 1021 534 diffiniri
1043 513 1104 533 non
1127 502 1248 533 debuit.
1284 501 1382 533 Cuius
1405 501 1451 532 rei
1475 500 1579 542 gratia
1595 500 1759 531 decretum
1784 502 1833 531 est
1842 499 1866 540 ¹,

210 560 246 588 ut
278 560 453 588 conventus
486 557 759 588 sanctissimorum
795 556 1019 597 episcoporum
1054 555 1085 585 in
1121 553 1317 595 competenti
1349 553 1420 583 loco
1452 552 1559 593 fieret,
1595 553 1645 583 cui
1676 551 1863 593 Mogontiae

213 609 494 650 archiepiscopus2
518 608 720 649 praesideret
743 607 923 648 apostolica
946 606 1137 637 auctoritate
1161 606 1311 645 munitus,
1335 604 1390 635 ubi
1414 606 1446 635 et
1469 607 1524 635 tua
1554 607 1587 634 et
1616 604 1753 644 praelati
1784 604 1866 634 anti-

214 660 296 690 stitis
327 660 526 701 querimonia
557 659 801 700 diligentissime
832 661 1087 699 perscrutaretur
1117 661 1149 687 et
1176 658 1220 687 sic
1245 656 1373 687 demum
1404 666 1475 687 cum
1510 655 1647 696 legatisd
1671 655 1711 686 ab
1741 655 1869 686 illorum

215 711 351 752 collegio
377 722 434 743 seu
457 710 601 752 quolibet
625 711 777 752 episcopo
806 710 933 751 utrique
956 709 997 740 ad
1026 708 1255 750 apostolicame
1278 707 1445 739 venissetis
1469 707 1735 738 deliberationem
1764 707 1867 748 perci-

214 762 378 804 piendam.
425 762 547 793 Audire
574 763 693 803 quippe
725 765 758 792 et
786 761 957 801 discutere,
987 771 1049 791 non
1073 770 1150 791 vero
1182 759 1319 790 diffinire
1351 759 1525 789 iniunctum
1558 762 1615 790 cst.
1661 759 1806 800 Ideoque
1837 757 1870 788 id

215 815 321 855 ipsum
345 818 380 845 ut
403 814 459 845 fiat
475 817 684 855 expectamus
701 816 734 844 et
756 813 951 854 iniungimus
968 811 1114 843 condicto
1132 814 1290 852 tempore,
1314 821 1424 841 mense
1441 810 1594 841 videlicet
1609 810 1758 851 Augusto
1775 820 1870 850 prae-

215 866 313 896 sentis
337 866 483 896 decimae
506 865 718 896 indictionis³.
765 864 894 895 Revera
923 866 997 894 tunc
1024 862 1156 894 liberius
1180 861 1326 892 diffinirif
1348 863 1477 902 poterit,
1504 862 1579 902 quia
1607 861 1768 892 adtentius
1791 872 1869 892 ven-

216 917 308 948 tilata
332 917 478 958 quaestio
502 917 534 947 in
557 918 717 958 potiorem
734 916 878 947 veritatis
901 916 1007 946 lucem
1033 917 1180 955 erumpet
1202 913 1289 944 beati
1307 913 1366 944 Iob
1383 914 1544 954 exemplo,
1562 913 1616 954 qui
1637 914 1694 944 ait:
1720 915 1872 953 ‘causam‚
1887 923 1924 943 101>
1935 925 2010 947 29,16.

219 979 316 1010 quam
348 969 544 1008 nesciebam,
569 968 812 1009 diligentissime
840 965 1098 1008 investigabam'.
1143 965 1315 996 Enimvero
1345 964 1567 996 huiuscemodi
1593 965 1782 1006 disceptatio
1811 976 1875 996 non

218 1021 391 1052 secundum
416 1020 585 1051 cuiuslibet
608 1020 744 1059 libitum,
768 1019 824 1050 sed
846 1018 918 1050 Deo
942 1018 1059 1059 placite
1084 1016 1271 1048 diffinienda
1296 1020 1352 1048 est.
1389 1016 1547 1057 Optamus
1570 1017 1771 1047 reverentiae
1796 1020 1870 1047 tuae

217 1072 462 1103 sanctimoniam
484 1072 568 1103 bene
592 1072 623 1102 in
648 1070 774 1102 Christo
798 1071 917 1102 valere.

1030 1287 1058 1316 2.

331 1356 502 1387 Formosus
521 1365 608 1394 papa
625 1355 801 1395 Adalyario
825 1354 1055 1395 archiepiscopo
1077 1353 1502 1393 Hambmyensisiqnificat,
1531 1352 1610 1391 qnid
1637 1352 1673 1382 de
1695 1352 1872 1384 conditione

217 1408 400 1439 Bremensis
428 1407 572 1438 ecclesiae
600 1409 672 1445 post
701 1406 938 1445 inquisitionem
970 1406 1181 1444 episcoporum
1206 1404 1397 1436 Germaniae
1427 1404 1471 1435 ad
1493 1404 1722 1444 Franktenford
1749 1405 1869 1442 praesi—

218 1460 308 1491 dente
330 1459 560 1498 archiepiscopo
582 1458 772 1497 Mogyuntino
795 1457 938 1488 habitam
961 1457 1028 1487 sedi
1050 1455 1236 1496 apostolieae
1265 1456 1417 1496 placitum
1446 1456 1496 1487 sit.
1543 1455 1701 1493 Miratur,
1731 1466 1786 1486 cnr
1808 1467 1872 1488 non

219 1511 334 1551 legatos
355 1511 488 1542 Romam
510 1510 640 1540 miserit.
1681 1507 1785 1546 (892.)

322 1578 418 1604 Edidit
436 1577 506 1603 hanc
524 1577 661 1610 epistolam
673 1585 685 1602 e
697 1576 883 1609 manuscripto
900 1575 1014 1609 quodam
1030 1575 1230 1608 Hamburyeasi
1247 1582 1322 1600 nunc
1334 1574 1467 1607 deperdito
1477 1574 1527 1600 Ph.
1539 1574 1875 1608 Gaesao-‘winposcolatus

218 1620 413 1655 septentrioni&
427 1622 514 1654 (1642)
523 1629 552 1653 p.
564 1624 610 1646 194
622 1620 666 1652 (=
681 1619 722 1651 Ο).
747 1619 835 1645 Eoetat
848 1622 985 1652 praeterea
1003 1619 1034 1644 in
1046 1618 1201 1644 Hermam
1213 1618 1334 1644 Korneri
1344 1617 1489 1643 ‘Chronica
1500 1617 1611 1643 ‘novella'
1625 1626 1717 1651 apogr.
1731 1627 1795 1645 saec.
1808 1619 1873 1646 XV.

218 1665 250 1691 in
267 1664 434 1690 Bibliotheca
452 1664 567 1690 civitatis
587 1663 807 1697 Lunebnryensis
825 1665 842 1689 t.
856 1663 879 1695 1,
893 1666 941 1689 245
959 1662 996 1688 od
1014 1671 1039 1689 α.
1055 1665 1105 1689 900
1123 1662 1167 1695 (=
1183 1661 1231 1695 K).

325 1715 414 1742 Ede
432 1715 525 1742 Albert
546 1715 644 1742 Crantz
661 1714 840 1747 ‘Metropolis’
860 1714 947 1748 (1548)
966 1714 1009 1746 ΙΙ,
1023 1718 1057 1740 20
1070 1722 1098 1747 p.
1114 1717 1144 1740 61
1158 1725 1189 1735 =
1203 1713 1239 1739 ed.
1254 1713 1289 1738 ΙΙ
1304 1713 1390 1746 (1611)
1405 1721 1435 1746 p.
1451 1716 1491 1744 52,
1512 1720 1544 1738 ex
1564 1712 1677 1738 Comari
1693 1714 1875 1747 manuscripto

220 1759 344 1793 quodam.
372 1759 433 1786 Joh.
447 1759 525 1785 Peter
543 1758 673 1785 Lambech:
690 1757 829 1792 ‘Origines
848 1757 1072 1791 Hamburyenscs'
1085 1757 1123 1783 ΙΙ
1143 1756 1259 1783 chronol.
1273 1759 1295 1781 et
1319 1758 1387 1782 auct.
1402 1756 1425 1788 Ι,
1438 1759 1487 1782 412
1506 1756 1549 1789 (ex
1569 1756 1600 1789 (9
1626 1767 1657 1777 z
1681 1756 1718 1782 ed.
1732 1756 1878 1782 Fabricius

220 1803 311 1837 (1706)
321 1811 351 1836 p.
362 1806 410 1829 120
423 1814 454 1824 =
467 1803 538 1828 Acta
552 1801 717 1828 Sanctorum
730 1801 808 1828 Febr.
818 1801 843 1834 I,
858 1804 906 1827 413
923 1812 954 1823 =
969 1801 1065 1826 Mansz'
1080 1800 1143 1826 Con.
1156 1808 1228 1826 cone.
1241 1799 1271 1825 X
1279 1799 1356 1831 VIII,
1367 1803 1414 1825 102
1427 1811 1456 1821 =
1472 1799 1566 1832 Majqne
1579 1799 1656 1826 Patr.
1670 1800 1716 1825 lat.
1732 1800 1874 1832 CXXIX,

222 1848 272 1872 842
291 1854 317 1872 n.
331 1850 354 1872 5.
389 1845 533 1878 staphorst
550 1845 713 1879 ‘Hambury.
727 1843 939 1877 Kirchcnyesch?
954 1844 979 1875 I,
994 1848 1006 1869 1
1027 1852 1056 1877 p.
1072 1847 1101 1869 74
1121 1855 1150 1867 =
1172 1842 1321 1876 LiZq'eyree‘n
1340 1842 1583 1875 ‘DipZomatcrrium
1602 1841 1762 1868 Sitecmmm’
1782 1844 1877 1876 (1829),

222 1889 246 1921 1,
270 1892 301 1914 17
324 1897 352 1915 n.
371 1893 408 1914 11.
444 1888 505 1914 Joh.
523 1887 616 1921 Geory.
629 1887 737 1913 Eccarcz
759 1886 850 1920 ‘Corp.
869 1887 961 1912 histor.
978 1886 1060 1912 medii
1084 1885 1155 1911 acri’
1176 1886 1220 1917 ΙΙ,
1241 1889 1296 1911 505.
1340 1884 1517 1918 Lappewbeoy
1538 1885 1699 1919 ‘Hamburffi
1718 1885 1786 1912 UB?
1804 1886 1827 1916 J,
1844 1889 1878 1912 34

221 1940 248 1958 n.
262 1935 293 1958 25
312 1944 341 1954 =
363 1931 513 1965 ngiyensen
534 1930 588 1956 ‘De
612 1930 735 1956 noo-disice
761 1930 846 1955 hio‘kes
874 1929 1098 1964 grundlaeyqelse.
1138 1927 1246 1962 Tizlaey’
1268 1937 1296 1960 1³·
1316 1931 1331 1953 6
1352 1936 1379 1954 n.
1401 1931 1424 1953 3.
1475 1928 1661 1954 Cnrschmann
1685 1928 1750 1954 ‘Die
1777 1929 1878 1955 altorem

222 1974 451 2007 Papsturkanden
475 1973 521 2000 des
544 1973 710 1999 Erebz'stums
733 1972 887 2006 Hambury'
908 1973 1006 2004 (1909),
1024 1981 1054 2005 p.
1073 1976 1103 1998 31
1130 1980 1157 1997 n.
1177 1976 1216 1998 10.
1243 1986 1276 1990 -
1305 1971 1386 2005 Βεῃ..·
1412 1971 1486 2003 Jaffel
1510 1973 1578 1997 3487
1602 1972 1700 2003 (2680).
1739 1971 1771 1997 P.
1790 1972 1879 1999 Hasse

219 2017 449 2043 ‘Schlesw-Holst.
460 2016 534 2050 Req?
548 2016 633 2050 (1886)
652 2024 679 2042 n.
694 2020 733 2042 18.

222 2122 400 2147 FORMOSUS
424 2121 625 2146 EPISCOPUSa
644 2121 771 2145 SERVUS
797 2120 980 2145 SERVORUM
1005 2121 1064 2144 DEI
1088 2119 1383 2144 REVERENTISSIMO
1408 2119 1452 2142 ET
1471 2118 1714 2144 SANCTISSIMOb
1732 2120 1876 2144 FRATRIc

614 2162 836 2188 ADALGARIOd
854 2163 1125 2187 ARCHIEPISCOPO
1142 2162 1464 2186 HAMMABURGENSN
1475 2161 1492 2186 ⁴.

332 2218 578 2250 Arbitrabamur
597 2221 687 2249 tuam
710 2218 964 2258 sanctimoniam,
987 2220 1083 2259 prout
1105 2218 1281 2248 iniunctum
1305 2217 1440 2257 fuerat⁵,
1465 2217 1506 2248 ad
1530 2217 1740 2258 apostolicam
1764 2218 1876 2250 sedem

223 2272 386 2311 festinare,
411 2273 568 2311 quatenus
592 2269 794 2310 disceptatio,
818 2281 900 2311 quae
924 2271 1007 2301 inter
1030 2272 1062 2300 te
1087 2272 1119 2301 et
1141 2268 1365 2301 Hermannum
1389 2269 1588 2310 Agrippinae
1606 2269 1760 2301 Coloniae
1784 2280 1875 2301 reve-

223 2323 439 2354 rentissimum
467 2321 760 2362 archiepiscopumf
780 2322 952 2353 ventilatur
982 2321 1022 2352 de
1051 2321 1220 2352 Bremensi
1248 2320 1395 2361 ecclesia,
1428 2321 1524 2351 finem
1554 2322 1765 2362 perciperetss.
1809 2321 1875 2353 Sed

330 2469 353 2501 Β)
372 2469 491 2502 neglectu
515 2469 542 2494 T.
612 2467 637 2500 b)
656 2469 789 2501 extirparis
813 2469 840 2494 T.
918 2468 940 2501 ⁰)
959 2470 1031 2502 pret-o
1049 2469 1075 2494 T.
1152 2468 1176 2500 d)
1195 2469 1314 2501 cfilegate
1337 2468 1365 2492 T.
1436 2467 1458 2499 θ)
1480 2465 1568 2500 apliea
1592 2467 1618 2492 T.
1689 2466 1708 2499 f)
1727 2469 1826 2493 difinire
1850 2469 1876 2493 Ί.

330 2520 354 2545 2.
383 2520 406 2552 ⁸)
425 2520 501 2545 Deest
522 2521 547 2545 0.
640 2520 665 2551 b)
684 2520 760 2545 Deest
778 2521 813 2545 K.
910 2522 933 2553 ο)
952 2521 1028 2546 Deest
1049 2520 1075 2546 O.
1172 2519 1196 2552 ¹¹)
1214 2521 1351 2553 Adelgario
1370 2519 1404 2544 K.
1504 2519 1525 2550 Β)
1544 2520 1776 2551 Hammeburgensi
1795 2520 1876 2544 archi-

226 2565 344 2596 episcopo
372 2563 413 2594 K;
445 2564 552 2588 salutem
580 2570 604 2589 et
630 2564 796 2596 apostolicam
827 2564 1030 2589 benedictionem
1058 2564 1119 2589 add.
1142 2564 1176 2589 K.
1285 2562 1304 2593 ί)
1335 2563 1553 2594 archiepiscopum
1580 2563 1812 2587 reverentissimum
1840 2562 1874 2587 Κ.

225 2607 250 2638 8)
269 2608 392 2639 reciperet
411 2607 445 2632 K.

332 2691 357 2723 l)
379 2691 420 2724 Cf.
435 2699 519 2724 snpra
535 2699 562 2724 p.
575 2694 624 2717 364
641 2699 669 2717 n.
683 2695 709 2721 5‚-
736 2691 780 2717 sed
799 2690 948 2724 Stephanus
964 2691 996 2718 V.
1033 2691 1174 2717 Falconem
1195 2692 1347 2718 Remensem
1374 2691 1599 2723 archiepiscopum
1621 2689 1798 2720 constituerat,
1827 2688 1875 2721 qui

227 2733 297 2759 litem
316 2734 492 2760 examinaret.
609 2734 635 2766 2)
654 2733 742 2759 Hatto
754 2733 779 2760 Ι.
801 2736 951 2760 891-913.
1069 2734 1094 2766 3)
1114 2735 1192 2760 Anni
1210 2735 1264 2760 scil.
1278 2738 1335 2761 892.
1451 2734 1478 2765 4)
1499 2733 1539 2764 Cf.
1558 2740 1642 2765 squra
1665 2740 1691 2765 p.
1703 2734 1749 2757 365
1772 2739 1838 2757 ann.
1851 2735 1874 2756 1.

227 2776 268 2803 De
285 2777 421 2810 qenuitatc
438 2775 518 2803 huius
536 2777 661 2810 epistolae
678 2778 712 2810 cf.
729 2775 913 2803 Gwrschmann
932 2776 948 2803 l.
960 2776 977 2803 l.
987 2785 1017 2810 p.
1031 2780 1137 2810 1063qq.
1243 2777 1270 2810 5)
1290 2777 1330 2812 Cf.
1345 2785 1428 2810 snpra
1440 2777 1456 2802 l.
1472 2780 1530 2809 9sq.

633 2912 650 2925 ss
