2189 3042
328 129 389 160 384
705 123 906 151 EPISTOLAE
925 123 973 149 AD
991 122 1058 149 RES
1077 121 1306 149 ORIENTALES
1324 121 1557 149 SPEOTANTES
1576 123 1599 150 6.

327 214 434 254 λησας,
464 212 539 243 οὐδέ
562 223 639 245 τινες
662 210 723 250 γὰρ
749 210 885 250 βάσανοι
914 211 933 250 ἢ
965 209 1083 250 ἕξορίαι
1113 210 1132 250 ἢ
1164 209 1279 240 ἀπάται
1308 211 1372 240 τῶν
1404 209 1738 250 πορνοβοσκησάντων
1769 210 1980 252 ἠδυνήθησάν

326 267 380 296 σεῦ
411 264 513 304 σχίσαι
545 262 608 292 ἀπὸ
640 265 693 302 τῆς
725 265 788 302 σῆς·
813 261 943 302 μητρός.
989 260 1158 301 Μενοῢνγε
1191 260 1328 292 πιστεύω
1360 263 1396 301 τῇ
1425 261 1545 301 ’θάλψει
1579 264 1633 301 τῆς
1667 264 1724 302 σῆς
1757 262 1853 303 εὐχῆς
1885 274 1979 294 κατα-

325 314 531 355 μαλαχθῆναι
561 313 616 354 τὴν
645 315 709 344 τῶν
738 313 883 353 καρδιῶν
915 312 1067 353 σκληρίαν
1096 314 1160 343 τῶν
1190 312 1370 353 μελλόντων
1401 312 1549 353 σωθῆναι
1578 312 1632 344 καὶ
1660 313 1715 354 τὴν
1745 313 1980 356 ἕκζητουμὲνην

326 367 454 407 εἰρήνην
477 365 768 405 προσκαλέσασθαι,
793 364 872 405 ὅπερ
891 364 1031 405 βεβαίοις
1054 364 1196 404 φαίνεται
1224 364 1412 405 τεκμηρίοις,
1442 363 1497 395 καὶ
1525 363 1560 395 τὸ
1590 365 1706 405 σχίσμα
1730 367 1793 396 τῶν
1815 365 1848 405 μ’
1865 366 1980 406 σχεδὸν

327 418 428 449 ἐτῶν1
452 418 494 451 εἰς
517 417 572 457 τὴν
594 417 752 457 προτέραν
781 416 889 456 ὗγείαν
912 416 1104 447 ἐπανελθεῖν.
1136 415 1173 446 Ἃ
1198 415 1259 456 γὰρ
1283 416 1302 456 ἡ
1327 415 1366 456 σὴ
1390 416 1495 456 μήτηρ
1519 416 1654 457 ἣῦέτησε
1676 417 1770 457 μέχρι
1796 420 1850 457 τῆς
1874 417 1980 458 δεῦρο,

326 469 379 500 καὶ
402 469 441 500 σὺ
465 469 632 510 ἠθέτησας,
656 468 710 499 καὶ
733 468 780 502 οἷς
804 468 978 503 ἐπένευσεν,
1002 468 1172 502 ἐπένευσας
1194 467 1248 498 καὶ
1271 467 1375 502 αὐτός.
1421 467 1619 508 Βουλόμεθα
1643 467 1701 499 οὖν
1723 468 1777 499 καὶ
1800 471 1866 505 νῦν,
1891 469 1982 504 ὅπως

326 521 393 552 κατ’
411 520 509 561 αὐτὴν
532 520 587 561 τὴν
611 520 696 555 τάξιν
719 520 752 550 αἱ
775 519 928 556 διατάξεις
950 522 1014 551 τῶν
1037 519 1223 560 ἁγιωτάτων
1246 519 1310 560 πρὸ
1333 519 1428 560 ἡμῶν
1452 519 1626 560 ἀρχιερέων
1650 520 1893 560 ἀπαράσπαστοι
1916 521 1982 552 δια-

325 571 491 612 μείνοιενι).
539 571 593 602 Διὸ
621 571 674 602 καὶ
696 570 848 611 Ἰγνάτιον
875 571 999 602 Φώτιόν
1022 583 1053 602 τε
1076 570 1265 611 Στέφανον2
1297 570 1351 602 καὶ
1377 570 1547 602 ’Λντώνιον
1557 571 1579 607 3,
1611 572 1727 606 καθὼς
1758 572 1777 603 ὅ
1809 572 1982 612 ἄγιώτατος

326 624 435 658 πάπας
450 623 637 658 ,Νικόλαος4
659 623 713 654 καὶ
731 623 906 663 Ἰωάννης5
929 623 983 653 καὶ
1006 623 1097 657 ἕκτος
1112 622 1302 663 Στέφανος(ἱ
1324 622 1378 653 καὶ
1400 625 1486 654 πᾶσα
1510 623 1529 663 ἡ
1553 625 1617 654 τῶν
1639 623 1809 664 Ῥωμαίων
1831 624 1983 665 ἐκκλησία

325 676 419 717 μέχρι
446 678 501 707 τοῦ
532 678 588 706 νῦν
611 675 773 716 ἐκράτησε,
804 675 858 706 καὶ
887 675 978 715 ἡμεῖς
1007 674 1123 709 αὐτοὺς
1151 677 1188 715 τῇ
1221 674 1320 715 αὐτῇο
1343 674 1573 715 ἀποδεχόμεθα
1603 675 1658 706 καὶ
1685 678 1866 716 κρατοῦμεν
1888 675 1980 712 τάξει.

325 728 390 759 Καὶ
413 727 519 762 αὐτοῖς
542 730 604 762 τοῖς
626 729 769 767 περιοῦσι
792 730 845 767 τῆς
868 727 975 758 αὐτῶν
997 726 1191 767 χειροτονίας
1212 729 1250 767 τῇ
1273 726 1352 767 αὐτῇ
1375 726 1458 762 τάξει
1478 729 1568 767 χεῖρα
1592 726 1757 767 ὅρέγομεν,
1781 727 1834 758 καὶ
1857 728 1906 758 ἴνα
1930 727 1984 759 καὶ

326 779 364 812 σὺ
387 780 462 820 μεθ’
480 780 575 820 ἡμῶν
598 779 754 813 ὡσαύτως
781 781 869 819 χεῖρα
894 778 1008 819 ὀρέξῃς
1037 780 1266 818 παραινοῦμεν.
1313 777 1376 809 Καὶ
1406 778 1533 819 εἰρήνης
1562 778 1616 809 καὶ
1647 779 1817 813 κοινωνίας
1839 779 1984 820 εὐλογίαν

328 833 434 866 αὐτοῖς
457 831 632 871 ἀποδῶμεν
656 831 709 862 καὶ
739 831 845 861 αὐτῶν
875 831 978 865 οὕτως
1007 830 1151 871 δηλονότι
1182 829 1406 870 φυλαττόντων
1436 830 1491 865 τὰς
1520 831 1630 866 τάξεις.
1675 829 1717 861 Τὸ
1741 830 1776 862 δὲ
1799 831 1856 863 σὸν
1878 831 1982 873 χειρό-

328 896 455 926 γραφον
464 884 485 919 7,
510 884 527 914 ὃ
547 883 697 924 ἐποίησας
721 883 804 923 ἡμῖν,
828 883 954 913 πλεῖστα
978 882 1204 924 ἒκζητήσαντες
1227 882 1287 922 οὐχ
1311 881 1480 922 εὕρομεν*.

482 1013 614 1045 λαβοῦσιν,
634 1011 697 1037 ἑπτὰ
715 1012 820 1045 χρόνων
838 1011 1066 1044 παραδραμόντων
1084 1010 1234 1043 χαυνωθεὶς
1255 1010 1305 1036 ὑπὸ
1324 1013 1376 1036 τῶν
1389 1010 1477 1044 φίλων
1489 1010 1535 1037 καὶ
1554 1014 1685 1044 συγγενῶν
1703 1010 1749 1036 καὶ
1767 1011 1918 1037 καταλιπὼν
1936 1011 1983 1045 τὴν

482 1055 588 1081 εὐθεῖαν
606 1054 668 1081 ὁδὸν
686 1058 730 1088 τῆς
749 1054 873 1087 ἀληθείας
892 1053 934 1080 ἐπὶ
952 1053 982 1079 τὰ
1000 1053 1101 1079 ἐναντία
1126 1056 1178 1079 τῶν
1196 1053 1365 1087 δεδογμένων
1389 1053 1507 1087 ἐστράφη
1533 1053 1578 1079 καὶ
1603 1054 1704 1088 ἔγραψε
1727 1053 1793 1087 πρὸς
1812 1053 1859 1087 τὴν
1877 1054 1983 1088 Ῥώμην

481 1098 632 1130 αἰτούμενος
650 1097 808 1131 πεμφθῆναι
827 1097 930 1123 ἐκεῖθεν
948 1096 1131 1130 χειροτονίανᾶ
1148 1096 1228 1122 αὐτοῦ
1247 1097 1292 1122 καὶ
1313 1096 1456 1130 ἐπιτροπὴν
1475 1097 1580 1123 ἐκεῖθεν
1599 1097 1690 1130 λαβεῖν
1709 1100 1753 1123 τοῦ
1773 1100 1983 1131 συγκοινωνῆσαι

481 1141 576 1170 αὐτοῖς,
604 1141 632 1168 Ὁ
651 1141 679 1166 δὲ
697 1140 784 1169 πάπας
798 1140 922 1173 Ἰωάννης
941 1139 1084 1173 δεξάμενος
1102 1139 1147 1165 καί
1166 1139 1345 1173 πεμψάμενος
1364 1139 1410 1173 τὴν
1427 1141 1548 1173 τοιαύτην
1561 1143 1605 1166 τοῦ
1619 1140 1706 1166 Mdna
1724 1140 1824 1173 αἴτησιν
1842 1140 1983 1174 ἐσκέψατο,

480 1185 517 1217 μή
536 1193 598 1209 ποτε
617 1183 675 1209 κατ’
688 1184 824 1216 εἰρωνείαν
842 1186 946 1209 τοιαῦτα
965 1183 1065 1216 ἔγραψε
1083 1183 1148 1216 πρὸς
1167 1183 1195 1208 τὸ
1216 1183 1394 1216 ἐξουθενῆσαι
1413 1183 1473 1212 τοὺς
1492 1183 1648 1216 Ῥωμαίους,
1671 1184 1695 1210 εἰ
1719 1183 1784 1209 καὶΒ
1810 1187 1885 1209 τοῦτο
1908 1184 1984 1217 ποιή-

482 1237 563 1253 σουσι.
602 1226 649 1252 Διὸ
667 1226 726 1252 οὔτε
745 1226 889 1259 ἐπέτρεψεν
907 1226 966 1252 οὔτε
984 1226 1012 1252 τὸ
1031 1227 1186 1260 ἲδιόγραφον
1204 1226 1361 1258 ἀπέστειλεν,
1381 1227 1435 1252 ἀλλ’
1450 1226 1598 1260 ἀντέγραψε
1615 1226 1682 1260 πρὸς
1700 1226 1779 1253 αὐτὸν
1797 1226 1904 1260 γράμμα
1923 1226 1983 1260 ἔχον

480 1270 573 1298 οὕτως.

436 1314 463 1346 *)
482 1313 519 1340 In
538 1313 613 1340 codd.
626 1313 740 1339 additur
757 1313 805 1339 hoo
828 1313 944 1339 scholion
966 1313 1163 1346 epitomatoris:
1187 1312 1341 1346 Σκοπητὲον
1365 1313 1395 1338 τὰ
1421 1315 1465 1346 τῆς
1484 1313 1603 1346 τοιαύτης
1623 1313 1762 1346 ἐπιστολῆς
1780 1312 1984 1346 περινενοημὲνα

483 1357 596 1391 ῥήματα.
630 1356 681 1382 Καὶ
709 1357 758 1390 γὰρ
786 1356 847 1382 οὐδὲ
874 1356 948 1385 οὗτος
976 1356 991 1381 ὁ
1017 1356 1104 1384 πάπας
1129 1356 1221 1382 ἔλυσεν
1246 1355 1262 1389 ἢ
1291 1355 1436 1387 ἀπεδέξατο
1467 1355 1569 1381 Φώτιον
1594 1355 1610 1389 ἢ
1637 1355 1684 1389 τὴν
1707 1355 1868 1389 χειροτονίαν
1895 1355 1984 1387 αὐτοῦ,

481 1400 536 1426 ἀλλ’
549 1399 727 1433 ε’πεβεβαίωσε
746 1400 790 1428 τὰς
813 1399 913 1432 κρίσεις
938 1402 990 1425 τῶν
1013 1399 1192 1432 προκατόχων
1217 1399 1305 1426 αὐτοῦ.
1342 1399 1435 1425 Εἰπὼν
1460 1398 1501 1424 δὲ·
1520 1398 1595 1425 ὀὐδέ
1620 1409 1684 1428 τινες
1710 1399 1821 1433 βάσανοι
1845 1399 1861 1432 ἢ
1883 1399 1985 1433 ἐξορίαι

481 1442 497 1476 ἢ
517 1442 610 1468 ἀπάται
630 1445 683 1468 τῶν
700 1442 975 1476 πορνοβοσκησάντων
994 1441 1166 1476 ἠδυνήθησάν
1191 1452 1219 1468 σε
1242 1442 1380 1475 ἀποσχίσαι
1399 1445 1443 1475 τῆς
1470 1443 1568 1475 μητρός
1587 1452 1634 1468 σου
1653 1445 1698 1476 τῆς
1715 1442 1868 1476 εΡωμαϊκῆς
1887 1442 1983 1475 ἐκκλη-

481 1485 555 1516 σίας’,
581 1486 706 1518 τύραννον
729 1486 774 1511 καὶ
793 1485 910 1519 διώκτην
928 1486 973 1511 καὶ
991 1485 1175 1519 πορνοβοσκὸν
1195 1485 1306 1519 ἐνέφηνε
1325 1485 1426 1518 δηλαδὴ
1452 1485 1495 1510 τὸν
1516 1484 1628 1512 Φώτιον.
1666 1485 1847 1518 Παρακατιὼν
1870 1485 1899 1511 δὲ
1923 1485 1984 1511 ἀπέ-

482 1529 551 1559 δειξε
569 1529 614 1554 καὶ
633 1528 693 1557 τοὺς
712 1530 766 1561 μετ’
780 1528 858 1554 αὐτὸν
875 1528 912 1562 μὴ
931 1528 1113 1561 σεσωσμένους
1131 1529 1196 1561 μήτε
1214 1528 1374 1561 ὑγιαίνοντας
1393 1528 1434 1553 ε’πὶ
1453 1529 1496 1561 ἔτη
1516 1528 1545 1561 μ’
1560 1532 1596 1562 τῷ
1615 1528 1685 1562 λόγῳ
1708 1532 1752 1562 τῆς
1771 1529 1916 1562 ἱερωσύνης
1936 1528 1983 1554 καὶ

482 1571 621 1598 ἐντέλλεται
634 1571 832 1604 ἀπερισπάστως
846 1571 1015 1604 φυλαχθῆναι
1032 1571 1076 1599 τὰς
1088 1571 1218 1602 διατάξεις
1232 1574 1284 1596 τῶν
1296 1571 1472 1604 προκατόχων
1484 1571 1564 1597 αὐτοῦ
1580 1572 1625 1600 τὰς
1638 1571 1831 1600 θεσπισθείσας
1849 1571 1986 1604 δηλονότιῖ

482 1615 549 1640 κατὰ
567 1615 594 1640 Γ
589 1615 716 1648 ρηγοριόυ
741 1617 786 1639 τοῦ
805 1614 1000 1647 ΣυρακούσηςΒ
1020 1614 1065 1640 καὶ
1087 1615 1190 1640 Φωτίου
1213 1614 1259 1640 καὶ
1283 1617 1335 1639 τῶν
1357 1617 1525 1646 χειροτονιῶν
1543 1614 1638 1646 αὐτῶν,
1663 1614 1752 1647 εἰπών,
1779 1614 1817 1643 ὡς
1841 1614 1928 1647 “ταὺτῃ
1954 1618 1985 1648 τῇ

482 1658 692 1691 προωρισμένων
716 1657 825 1683 ἐκείνων
849 1659 933 1690 κρίσει
958 1658 1003 1684 καὶ
1028 1658 1098 1689 τάξει
1122 1659 1167 1684 καὶ
1191 1659 1265 1691 ἡμεῖς
1283 1658 1377 1687 αὐτοὺς
1396 1657 1588 1690 ἀποδεχόμεθα
1606 1657 1652 1682 καὶ
1674 1657 1844 1692 κρατοῦμειῆ
1869 1657 1912 1683 τὸν
1936 1657 1984 1690 μὲν

481 1701 602 1733 Ἰγνάτιον
621 1701 843 1733 καθοσιωμὲνονὲ
860 1702 1011 1734 προδήλως,
1031 1701 1092 1730 τοὺς
1111 1701 1140 1727 δὲ
1159 1701 1265 1730 λοιποὺς
1283 1701 1511 1730 ἀκαθοσιώτουςθ.
1541 1701 1636 1729 ’Έκτος
1654 1700 1703 1733 γὰρ
1722 1700 1774 1726 ἀπὸ
1792 1700 1929 1726 Νικολάου
1948 1701 1985 1726 <51¹

485 1744 621 1777 Στέφανος
646 1744 809 1777 ἀριθμεῖται·
833 1747 937 1777 πρῶτος
962 1745 1011 1777 γὰρ
1028 1745 1213 1773 Νικόλαοςῦῑθ
1230 1745 1245 1770 ὁ
1263 1745 1423 1777 κατακρίνας
1442 1744 1485 1769 τὸν
1505 1743 1609 1770 Φώτιον
1628 1743 1673 1768 καὶ
1692 1743 1837 1772 δικαιώσας
1853 1743 1984 1776 ’[γνάτιον,

483 1787 533 1813 εἶθ’
553 1787 637 1816 οὕτως
655 1787 816 1820 Ἀδριανὸςιι
838 1787 883 1813 καὶ
907 1787 965 1820 μετ’
984 1787 1062 1813 αὐτὸν
1080 1787 1234 1821 ἸωάννηςΠ
1257 1787 1303 1813 καὶ
1326 1787 1391 1820 μετὰ
1418 1790 1508 1812 τοῦτον
1532 1787 1684 1819 Μαρῒνος13
1709 1786 1754 1811 καὶ
1778 1786 1843 1819 μετὰ
1862 1787 1985 1820 Μαρῖνον

483 1830 647 1863 ἈδριανὸςΗ
664 1830 755 1863 ἔτερος
773 1830 819 1856 καὶ
837 1830 912 1858 ἕκτος
924 1830 1099 1863 Στέφανοςῑῡ,
1119 1830 1204 1856 ἔπειτα
1227 1830 1364 1863 Φόρμοσος
1375 1831 1397 1847 ¹⁰
1416 1829 1461 1856 καὶ
1479 1829 1544 1861 μετὰ
1563 1832 1658 1855 τοῦτον
1677 1829 1749 1854 ἄλλοι
1768 1829 1889 1862 τέσσαρες
1908 1828 1984 1862 ἦσαν,

484 1873 680 1906 ΒονιφάτιοςΠ,
693 1873 868 1906 Στὲφανοςῑθ,
885 1872 1048 1906 Ῥωμανὸςη
1065 1873 1111 1899 καὶ
1126 1874 1273 1907 Θεόδωρος
1281 1875 1312 1904 ²⁰,
1331 1873 1377 1899 καὶ
1395 1874 1450 1906 μετ’
1467 1872 1566 1901 αὐτοὺς
1578 1871 1702 1905 Ἰωάννης
1709 1873 1731 1888 ²¹
1745 1872 1760 1897 ὅ
1772 1875 1851 1898 ταῦτα
1869 1872 1984 1906 γράψας.

484 1916 577 1942 Εἰπὼν
595 1916 624 1941 δὲ
641 1916 679 1941 ὅτι
697 1916 800 1945 (καθὼς
819 1916 864 1942 καὶ
877 1918 947 1942 πᾶσα
966 1916 982 1949 ἡ
1002 1919 1054 1942 τῶν
1066 1916 1203 1949 Ῥωμαίων
1221 1915 1349 1949 ἐκκλησία
1367 1915 1445 1949 μέχρι
1464 1919 1515 1949 τῆς
1529 1915 1610 1949 δεῦρο
1628 1914 1775 1948 ἐκράτησέ,
1795 1915 1985 1948 συμπεριέλαβε

482 1959 586 1988 πάντως
605 1959 650 1984 καὶ
669 1959 729 1990 τοὺς
751 1959 803 1992 πρὸ
822 1959 901 1985 αὐτοῦ
919 1959 965 1985 καὶ
984 1959 1045 1988 τοὺς
1070 1960 1125 1992 μετ’
1145 1959 1223 1985 αὐτὸν
1240 1959 1412 1992 πατριάρχας,
1439 1958 1477 1984 ὧν
1503 1958 1547 1986 τὰς
1575 1958 1705 1991 διατάξεις
1731 1957 1790 1984 εἶπε
1816 1961 1921 1991 κρατεῖν
1939 1958 1985 1984 καὶ

482 2001 568 2033 αὐτόν,
581 2001 619 2030 ὡς
638 2001 765 2028 ἀδύνατον
783 2001 846 2028 εἶναι
866 2001 895 2027 τὰ
914 2002 962 2028 δύο
974 2002 1094 2035 γενέσθαι
1113 2002 1158 2028 καὶ
1177 2002 1221 2031 τὰς
1239 2002 1372 2033 διατάξεις
1393 2001 1505 2028 ἐκείνων
1517 2005 1623 2035 κρατεῖν
1641 2001 1686 2027 καὶ
1705 2001 1768 2029 τοὺς
1786 2001 1985 2035 ἀποβληθέντας

483 2043 542 2077 περὶ
562 2047 614 2069 τῶν
632 2044 776 2074 διατάξεων
800 2045 912 2071 ἐκείνων
931 2045 1058 2079 δεχθῆναι
1083 2046 1119 2074 εἰς
1143 2045 1288 2079 ἱερωσύνην
1313 2046 1341 2071 τὸ
1364 2045 1481 2077 σύνολον,
1507 2045 1572 2071 ἀλλὰ
1589 2045 1675 2078 μόνον
1696 2044 1802 2078 εἰρήνης
1821 2044 1916 2073 αὐτοὺς
1940 2045 1986 2071 καὶ

485 2086 625 2115 κοινωνίας
643 2086 761 2120 εὐλογίαν
782 2087 925 2121 ἀπολαβεῖν
944 2088 987 2115 οἶα
1007 2089 1123 2120 λαϊκούς,
1143 2089 1180 2118 ὥς
1199 2089 1332 2122 ἀριδήλως
1351 2089 1512 2122 δεδήλωκεν.

432 2164 456 2196 ³)
469 2173 495 2189 τε
506 2164 542 2194 Μ,
550 2164 616 2190 Βαυ.
670 2165 694 2197 b)
706 2166 773 2198 forte
788 2165 950 2197 διαμένοιενὲ
991 2166 1014 2199 0)
1027 2165 1107 2192 αὐτοῦ
1118 2167 1190 2193 codd.
1240 2165 1266 2198 d)
1282 2166 1461 2200 χειρόγραφον
1473 2175 1541 2193 corr.
1551 2163 1987 2198 Hefele,‘Concilien-Geechichte’fl

329 2208 349 2233 I
353 2207 381 2240 V,
391 2210 442 2234 488
459 2216 521 2234 ann.
531 2210 555 2234 3.
626 2209 648 2241 θ)
668 2217 717 2234 om.
731 2208 789 2239 Vat,
801 2209 865 2235 Bam.
935 2208 954 2240 s)
973 2208 1053 2242 δῆλον
1066 2210 1103 2235 M.
1174 2210 1200 2242 Β)
1219 2211 1287 2243 forte
1307 2208 1536 2242 καθωσιωμένονὶῖ
1606 2209 1632 2240 h)
1651 2208 1666 2234 ὃ
1677 2208 1848 2237 -Νικόλαος
1862 2218 1909 2235 om.
1920 2209 1985 2235 Βαυ.

433 2301 459 2333 1)
487 2301 528 2336 Cf.
548 2302 564 2329 Ζ.
583 2305 659 2336 2739.
792 2303 819 2335 2)
845 2302 1038 2329 Patriarcham
1064 2303 1397 2338 Oonstantinopolitanum
1423 2307 1578 2331 886-893,
1700 2303 1728 2336 3)
1752 2303 1819 2330 Item
1845 2306 1986 2330 893—901.

329 2345 356 2378 4)
374 2345 410 2377 L,
430 2348 572 2372 858-867,
678 2346 705 2378 5)
724 2345 812 2379 Vm„
832 2349 972 2373 872-882,
1064 2348 1091 2380 6)
1112 2347 1194 2381 Quem
1211 2355 1262 2374 nos
1277 2347 1310 2375 V.
1328 2348 1509 2381 nominamus,
1528 2350 1670 2374 885-891.
1777 2346 1803 2381 7)
1821 2346 1883 2373 Hoc
1899 2346 1988 2380 χειρό-

330 2397 433 2422 γραφον
450 2388 518 2414 idem
542 2396 595 2415 esse
609 2390 684 2422 patet
700 2396 733 2415 ac
750 2389 912 2422 χειροτονίαν
937 2389 989 2416 sive
1011 2391 1197 2424 χειρόγραφον,
1224 2390 1296 2424 quod
1312 2390 1456 2425 Stylianus
1478 2392 1639 2425 poposcerat
1664 2390 1711 2424 (cf.
1732 2397 1798 2416 ann.
1817 2389 1854 2423 d).
1893 2389 1936 2424 Cf.
1955 2389 1987 2416 de

330 2430 380 2457 hac
403 2439 432 2457 re
452 2431 650 2465 Heryemvther
668 2432 684 2457 l.
699 2431 716 2459 l.
731 2431 772 2464 ΙΙ,
788 2435 902 2465 707sqq.‚
926 2432 957 2458 de
976 2432 1051 2459 Boor
1068 2433 1084 2459 l.
1098 2434 1115 2460 l.
1124 2441 1153 2466 p.
1167 2437 1225 2460 154.
1330 2434 1357 2466 8)
1379 2433 1420 2467 Cf.
1433 2441 1521 2467 supra
1534 2440 1564 2466 p.
1577 2436 1625 2460 3¹75
1642 2441 1708 2459 ann.
1721 2436 1744 2459 2.
1845 2433 1872 2465 9)
1893 2432 1988 2459 Omnes

2010 683 2037 703 10

2010 1018 2036 1036 15

2012 1232 2037 1251 20

2012 1446 2036 1466 2⁵

2012 1661 2038 1681 ³0

2013 1876 2037 1895 ³5

2013 2089 2039 2108 ⁴0

2014 2399 2038 2418 4⁵

330 2476 392 2507 post
409 2474 549 2508 Iynatium
563 2475 740 2508 patriarchas
761 2474 1073 2509 Constantinopolitanos
1091 2485 1108 2502 a
1122 2485 1200 2510 papa
1217 2477 1361 2503 damnatos
1378 2484 1431 2504 esse
1448 2484 1482 2503 eae
1500 2477 1566 2510 ipsis
1584 2475 1718 2503 Iohannis
1734 2475 1789 2503 IX.
1808 2483 1882 2509 papa
1904 2475 1987 2502 verbis
2007 2496 2011 2500 .

330 2524 386 2544 non
403 2517 528 2544 concludi
546 2525 624 2551 posse
648 2518 819 2552 manifestum
841 2521 887 2545 est.
925 2518 965 2552 Cf.
980 2519 1176 2553 Her-qenrother
1193 2520 1210 2547 l.
1224 2520 1240 2547 l.
1260 2520 1301 2553 Π,
1316 2524 1367 2547 711.
1492 2520 1534 2553 10)
1555 2520 1587 2551 1.,
1607 2522 1752 2547 858-867.
1875 2519 1918 2552 11)
1938 2518 1987 2552 II.‚

330 2563 473 2587 867—872.
579 2561 621 2594 12)
640 2560 730 2593 VIII„
749 2564 892 2588 872—-882,
988 2563 1030 2594 13)
1051 2562 1081 2594 I.‚
1100 2566 1245 2590 882—884.
1339 2563 1383 2595 14)
1404 2562 1472 2595 HL,
1491 2565 1637 2590 884—885.
1727 2562 1770 2593 15)
1795 2562 1833 2594 V„
1845 2564 1986 2589 885—891.

332 2602 375 2634 16)
393 2606 532 2630 891—896.
638 2605 680 2637 17)
705 2604 760 2636 VI„
774 2607 832 2631 896.
937 2604 980 2637 18)
999 2604 1053 2636 VI.⁷
1069 2607 1209 2632 896—897.
1324 2606 1366 2638 19)
1387 2609 1445 2633 897.
1559 2605 1603 2638 20)
1622 2605 1671 2637 IL,
1685 2608 1743 2632 897.
1858 2605 1902 2638 21)
1922 2603 1985 2637 1Χ.,

331 2649 476 2674 898-900.

2013 2613 2037 2632 50
