2189 3042
247 160 305 190 195
673 153 850 181 IOHANNIS
869 154 942 180 VIII.
963 153 1082 180 PAPAE
1105 153 1302 181 EPISTOLAE
1324 155 1382 182 219.
1401 154 1460 182 220.

242 244 312 275 Deo
341 242 453 274 laudes
478 241 663 282 persolvunt
691 245 819 272 orantes
850 251 907 281 pro
935 240 1037 271 salute
1067 241 1207 271 omnium
1237 241 1269 271 in
1294 240 1421 272 Christo
1445 241 1658 283 credentium,
1691 242 1732 274 ab
1755 242 1891 274 inimicis

242 295 352 325 vicinis
376 293 602 335 perturbantur
625 293 791 333 omnisque
820 291 961 332 illorum,
994 292 1091 323 immo
1119 294 1228 323 nostra
1255 292 1377 324 familia
1405 293 1578 324 crudeliter
1605 293 1732 325 assidue
1755 297 1890 325 vexatur

241 349 273 376 ct
297 345 500 386 opprimitur,
529 345 573 375 ita
596 354 672 375 sane
696 347 731 374 ut
754 353 859 384 neque
883 353 974 374 arare
999 353 1104 384 neque
1128 346 1251 384 cetera,
1281 355 1342 385 que
1367 344 1408 378 ad
1432 348 1514 385 terre
1539 345 1695 376 culturam
1718 346 1890 386 pertinent,

241 398 341 438 possit
358 406 520 427 exercerc.
560 396 765 436 Quapropter
782 398 814 426 et
830 399 972 426 vestrum
989 394 1144 426 auxilium
1162 395 1267 426 eidem
1284 399 1393 426 sancto
1410 396 1481 427 loco
1498 396 1700 438 impendatis,
1725 399 1757 428 et
1781 400 1891 428 contra

240 449 303 479 Dei
326 452 423 489 atque
449 449 516 478 eius
539 447 741 478 adversarios
764 457 894 478 manum
911 449 1015 487 vestre
1040 447 1181 487 potentie
1206 458 1263 488 pro
1287 457 1397 478 amore
1413 447 1475 478 Dei
1500 450 1532 478 et
1555 451 1737 479 sanctorum
1761 451 1890 489 aposto-

240 500 342 530 lorum
366 500 454 531 Petri
478 510 515 530 ac
539 499 632 530 Pauli
661 502 833 540 nostraque
863 497 1034 528 dilectione
1064 498 1260 538 extendatis,
1291 499 1441 539 quatinus
1469 501 1575 530 vestro
1605 500 1730 540 potenti
1759 499 1890 531 brachio

240 551 312 582 freti
336 552 415 582 salvi
438 552 469 582 in
494 551 640 582 omnibus
664 554 696 581 et
719 551 823 581 securi
840 550 1023 590 consistant,
1047 553 1082 580 ut
1106 553 1138 581 et
1160 550 1192 580 in
1214 551 1356 591 presenti
1373 550 1487 592 dignas
1510 561 1529 581 a
1551 550 1642 581 nobis
1666 551 1891 582 retributiones

240 606 271 634 et
295 604 326 634 in
350 603 455 634 futuro
480 603 690 644 multiplicem
713 613 731 633 a
755 601 894 632 Domino
920 601 1053 632 valeatis
1077 601 1260 633 mercedem
1285 612 1355 633 cum
1380 602 1496 633 sanctis
1520 603 1674 643 recipere.

1028 818 1099 847 220.

350 886 505 917 Iohannes
519 885 615 918 VIII.
627 896 716 924 papa
732 885 862 925 Huyom'
877 885 999 925 (abbati
1018 896 1043 917 s.
1056 884 1210 916 Germani
1225 885 1526 926 Autissiodorensis)
1543 888 1571 916 et
1587 885 1732 917 Radoldo
1751 885 1892 924 mandat,

240 940 275 968 ut
301 937 408 968 villam
435 948 525 968 suam
550 936 746 968 chloaram
781 947 801 967 a
829 937 951 967 Bosonc
978 937 1100 974 comite,
1134 937 1186 967 cui
1219 937 1347 967 minime
1375 937 1626 968 commutationis
1653 936 1744 968 titulo
1771 937 1892 968 tradita

239 990 296 1027 sit,
323 989 359 1020 in
381 989 507 1020 servitio
530 988 739 1028 apostolormn
762 988 948 1026 defendmzt;
974 989 1106 1019 mmtc'at
1128 999 1159 1019 se
1182 988 1301 1020 Bosoni
1324 987 1446 1019 litteras
1468 988 1698 1020 exhortatorias
1720 988 1842 1020 misisse
1864 991 1893 1019 et

240 1041 457 1072 Arembcrtztm
480 1040 632 1071 vasallum
655 1041 731 1078 eius)
754 1040 819 1071 nisi
842 1040 1013 1079 resipiscat,
1037 1040 1391 1071 excommzmzicaturwn.
1702 1039 1805 1080 (879.)

356 1117 428 1144 Cod..¹
458 1118 483 1143 R
501 1119 521 1151 f.
535 1121 568 1143 88
589 1126 614 1143 η.
628 1120 682 1143 221.

345 1177 431 1204 Echi..-
459 1177 553 1203 Editio
568 1177 694 1203 Romana
707 1178 789 1210 (1591)
809 1177 865 1209 111,
881 1181 931 1203 446
950 1185 976 1203 n.
990 1180 1042 1202 212
1061 1188 1092 1198 =
1112 1176 1235 1202 sirmond
1257 1176 1331 1202 Cone.
1346 1179 1403 1202 ant.
1418 1176 1524 1202 Galliae
1543 1176 1600 1208 ΙΙΙ,
1614 1180 1663 1203 495
1681 1185 1707 1203 n.
1722 1180 1762 1203 63.
1796 1177 1892 1203 Mcmsi

243 1221 320 1247 Cone.
339 1221 394 1247 coll.
412 1220 516 1252 XVII,
537 1224 581 1246 159
599 1228 625 1246 η.
640 1224 687 1245 211
707 1220 741 1252 [l.
756 1221 826 1254 212]
865 1220 956 1253 Miyne
976 1220 1049 1246 Patr.
1069 1220 1115 1246 lat.
1132 1220 1272 1252 CXXVI,
1292 1223 1342 1246 880
1360 1228 1387 1246 oz.
1404 1222 1461 1246 256.
1483 1234 1512 1237 —
1532 1219 1605 1250 Jaff'e'
1624 1219 1688 1253 Rcy.
1704 1223 1773 1246 3284
1792 1221 1890 1255 (2503).

602 1320 725 1345 UGONI¹
746 1321 788 1344 ET
813 1321 976 1345 RADOLDO
1000 1321 1155 1345 DILECTIS
1178 1321 1358 1345 FIDELIBUS
1382 1321 1530 1345 NOSTRIS.

350 1380 532 1421 Cognoscat
554 1390 612 1420 pro
637 1383 723 1411 certo
747 1379 886 1410 fidelitas
910 1382 1031 1419 vestra,
1061 1381 1136 1421 quia
1158 1390 1215 1410 nos
1238 1380 1341 1420 ipsam
1365 1379 1473 1410 villam
1496 1382 1637 1411 nostram
1654 1380 1860 1411 Vendoaram
1869 1380 1892 1420 2,

242 1442 339 1472 quam
363 1431 486 1462 dicitisa
510 1441 580 1462 esse
603 1432 747 1462 invasam
771 1442 789 1462 a
813 1431 940 1462 Bosone
966 1432 1081 1462 comite
1093 1432 1115 1471 ³,
1141 1432 1231 1472 quasi
1254 1442 1312 1462 nos
1336 1442 1407 1462 eam
1433 1442 1505 1462 cum
1528 1431 1583 1462 illo
1607 1434 1893 1462 commutassemus

241 1484 436 1524 accipientes
460 1483 593 1514 alteram
619 1483 659 1514 ab
684 1493 733 1522 eo,
757 1493 861 1524 neque
887 1483 1085 1514 beneficialib
1103 1493 1191 1513 more
1215 1493 1319 1523 neque
1344 1483 1477 1513 alicuius
1502 1483 1758 1514 commutationis
1780 1486 1891 1514 tenore

241 1544 345 1576 neque
370 1535 433 1565 alio
458 1545 659 1576 quocumque
683 1534 779 1565 modo
811 1544 882 1564 cum
907 1534 1022 1565 eodem
1046 1534 1173 1564 Bosone
1198 1534 1248 1564 vel
1278 1533 1340 1564 alio
1365 1544 1568 1575 quocumque
1592 1534 1720 1565 homine
1745 1534 1891 1565 dedimus

241 1597 345 1627 neque
376 1587 651 1618 commutavimus.
697 1585 776 1617 Ideo
808 1586 840 1616 in
868 1585 1025 1616 fidelitate
1057 1588 1088 1615 et
1118 1586 1246 1616 servitio
1277 1588 1458 1616 sanctorum
1488 1586 1707 1626 apostolorum
1734 1585 1824 1616 Petri
1854 1596 1891 1617 ac

241 1637 335 1668 Pauli
366 1637 482 1668 devota
512 1640 620 1668 mente
651 1640 876 1678 permanentes
906 1637 1008 1677 ipsam
1039 1637 1147 1667 villam
1178 1636 1235 1667 sub
1264 1640 1371 1667 nostro
1402 1638 1470 1667 iure
1499 1637 1627 1667 tenete4
1656 1636 1821 1668 defendite
1859 1640 1891 1667 et

242 1700 313 1719 cum
330 1689 459 1720 Domini
483 1689 602 1719 auxilio
619 1689 807 1729 gubernate,
830 1699 889 1719 nec
914 1688 1008 1719 alicui
1033 1688 1152 1719 homini
1176 1688 1313 1719 credatis
1337 1699 1395 1718 nos
1419 1688 1590 1728 aliquando
1608 1688 1765 1728 prefatam
1782 1688 1890 1719 villam

242 1740 386 1781 quolibet
414 1740 510 1771 modo
541 1740 680 1771 daturos.
738 1740 923 1771 Direximus
953 1750 1029 1770 vero
1060 1751 1117 1780 pro
1147 1743 1253 1770 vestro
1285 1739 1443 1770 adiutorio
1478 1750 1515 1770 ac
1545 1739 1739 1770 defensionis
1769 1741 1889 1771 auxilio

240 1792 364 1822 litteras
392 1792 536 1822 nostras⁵
559 1791 711 1823 iamdicto
735 1792 855 1822 Bosoni
883 1792 1005 1829 comiti,
1033 1795 1068 1822 ut
1095 1802 1153 1832 pro
1184 1802 1292 1822 amore
1322 1791 1385 1822 Dei
1418 1795 1450 1822 et
1478 1792 1578 1822 sancti
1600 1791 1689 1822 Petri
1716 1802 1753 1822 ac
1782 1796 1889 1823 nostro

242 1846 274 1873 et
297 1853 370 1873 suos
387 1843 533 1874 homines
557 1843 631 1874 inde
648 1846 840 1883 removeat⁰‚
863 1846 895 1874 et
911 1844 1012 1883 ipsam
1031 1843 1137 1873 villam
1155 1842 1335 1873 nullatenus
1352 1842 1503 1873 invadere
1520 1853 1579 1873 nec
1595 1844 1736 1874 invasam
1754 1844 1891 1874 retinere

240 1898 419 1935 presumat,
445 1895 519 1935 quin
544 1895 650 1935 potius
674 1905 730 1925 suo
755 1905 810 1925 vos
835 1894 966 1925 brachio
991 1897 1118 1925 tueatur
1142 1897 1175 1924 et
1197 1894 1237 1924 ab
1263 1894 1408 1925 omnibus
1433 1905 1510 1935 erga
1533 1905 1590 1925 vos
1613 1895 1697 1925 male
1721 1894 1892 1935 agentibus

242 1945 390 1986 dignetur
407 1945 592 1985 defendere,
617 1947 642 1976 si
666 1947 802 1987 gratiam
820 1946 882 1977 Dei
907 1949 938 1976 et
962 1947 1112 1986 principis
1135 1946 1353 1986 apostolorum
1371 1946 1476 1986 cupit<1
1493 1946 1623 1976 habere.
1663 1946 1891 1977 Arembertum

241 2000 359 2036 autem,
383 1997 540 2028 basallum
566 1998 644 2036 eius,
668 1997 719 2028 cui
741 1998 843 2039 ipsam
859 1998 968 2028 villam
984 1997 1141 2028 beneficio
1159 1997 1303 2037 dederat,
1328 1998 1413 2028 omni
1434 1998 1651 2028 ecclesiastiea
1667 1998 1890 2028 communione

240 2059 299 2088 per
321 2048 413 2079 Isaac
436 2049 652 2080 venerabilem
678 2049 886 2090 episcopum⁶
910 2050 1057 2079 iussimus
1086 2059 1155 2080 esse
1179 2050 1336 2089 privatum
1346 2054 1367 2089 θ,
1396 2050 1421 2079 si
1448 2049 1495 2079 inf
1519 2049 1634 2080 eadem
1658 2049 1733 2080 villa
1757 2048 1890 2080 ulterius

240 2103 361 2131 temere
385 2101 527 2131 intrareg
551 2104 605 2132 aut
629 2101 769 2142 aliquam
792 2101 835 2131 ibi
860 2102 1119 2131 contrarietatem
1144 2100 1250 2131 facere
1276 2101 1514 2141 presumpserit.

344 2343 404 2368 2⁶20.
435 2343 458 2375 ὃ)
478 2345 551 2369 dictis
571 2344 602 2370 R.
693 2344 716 2374 b)
736 2354 803 2369 corr.
823 2354 853 2370 en:
870 2346 1023 2370 benesaciali
1042 2346 1076 2370 al.
1096 2354 1165 2370 mcm.
1185 2345 1216 2370 R.
1305 2344 1326 2376 ο)
1347 2353 1402 2369 -ve-
1422 2345 1484 2370 add.
1503 2353 1583 2377 supra
1602 2345 1696 2370 lineam
1715 2346 1749 2369 al.
1769 2353 1838 2370 marl.
1857 2345 1888 2370 R.

241 2385 266 2417 d)
280 2395 346 2411 corr.
361 2395 391 2411 ex
404 2392 483 2419 caput
496 2387 527 2411 R.
612 2387 634 2418 e)
648 2396 714 2412 corr.
728 2396 758 2412 ex
771 2388 863 2420 privati
877 2389 911 2413 al.
925 2397 994 2413 man.
1015 2388 1046 2413 R.
1129 2387 1147 2419 f)
1161 2389 1182 2413 si
1195 2389 1221 2412 in
1234 2396 1302 2413 corr.
1316 2396 1345 2412 ex
1358 2389 1397 2413 sin
1411 2388 1446 2413 al.
1459 2396 1528 2412 man.
1542 2388 1574 2412 R.
1657 2388 1682 2420 8)
1696 2397 1737 2413 -re
1750 2388 1777 2412 in
1790 2396 1842 2413 ras.
1856 2388 1888 2413 It.

346 2472 370 2504 1)
390 2471 495 2503 Abbati,
516 2472 551 2503 cf.
564 2474 658 2497 21.?19.
728 2472 754 2504 2)
774 2471 862 2497 Hodie
879 2471 1220 2503 'Vcndenm-sur-Barse,
1239 2472 1298 2505 de'p.
1311 2472 1405 2498 Aube’.
1465 2473 1493 2505 3)
1511 2472 1670 2498 Provinciae
1689 2472 1761 2505 duce,
1781 2473 1816 2504 cf.
1830 2481 1856 2498 n.
1868 2477 1888 2499 1.

240 2514 267 2547 4)
289 2514 347 2547 Quo
369 2513 399 2539 de
416 2514 476 2539 iure
498 2514 593 2546 lenitur
615 2514 645 2539 in
663 2514 807 2539 Hincmari
826 2514 900 2540 Amz.
919 2514 957 2539 ad
978 2523 1003 2540 a.
1017 2519 1065 2540 865
1089 2515 1139 2547 (ed.
1158 2515 1244 2540 unnim
1261 2524 1290 2548 p.
1306 2516 1362 2548 78):
1390 2515 1515 2549 Recepta
1538 2515 1588 2541 sub
1612 2515 1770 2542 defensione
1793 2515 1888 2542 Karoli

241 2556 342 2588 (Calvi)
363 2556 430 2583 villa
449 2565 519 2589 quae
534 2556 699 2590 Vendopera
718 2556 832 2589 dicitur,
859 2566 941 2590 quam
961 2557 1024 2590 piae
1047 2558 1195 2584 memoriae
1216 2558 1394 2584 Hludowicus
1413 2558 1564 2591 imperator
1581 2557 1672 2590 (Pius)
1691 2560 1787 2585 sancto
1806 2558 1889 2585 Petro

240 2599 396 2626 tradiderat
419 2601 448 2626 et
467 2599 549 2625 Wido
569 2599 682 2632 quidam
705 2608 794 2626 comes
817 2608 866 2633 per
885 2600 977 2634 plures
996 2610 1082 2627 annos
1101 2603 1242 2632 tenuerat,
1266 2603 1301 2635 cf.
1321 2601 1493 2627 Miiltlbacher
1511 2601 1575 2633 Ray.
1593 2601 1673 2633 imp.²
1686 2604 1735 2627 633
1753 2601 1848 2635 (613)a
1865 2605 1889 2628 ct

239 2642 392 2668 ‘Verlorene
408 2640 478 2668 Urso?
495 2651 522 2668 n.
537 2646 597 2669 496.
628 2643 719 2668 Etiam
739 2643 770 2668 in
789 2644 855 2669 actis
872 2644 970 2677 synodi
987 2644 1121 2670 Trecensis
1140 2653 1164 2670 α.
1178 2648 1226 2670 878
1245 2647 1294 2670 act.
1312 2644 1336 2670 V
1352 2644 1403 2677 (cd.
1417 2644 1513 2669 Mansz·
1532 2644 1628 2673 XVII,
1641 2643 1702 2677 347)
1720 2644 1797 2669 villae
1814 2644 1889 2669 illius

240 2685 339 2711 mentio
358 2685 401 2717 fit:
427 2685 552 2711 Ottulfus
572 2685 738 2712 venerabilis
758 2686 904 2720 episcopus
927 2689 1042 2714 sanctae
1061 2687 1236 2714 Tricassinae
1255 2687 1389 2714 ecclesiae
1408 2687 1535 2714 libellum
1558 2686 1662 2713 obtulit
1680 2686 1888 2713 reclamationis

241 2737 323 2761 super
347 2728 424 2754 Isaac
448 2728 625 2761 (Maglonensi
650 2729 780 2761 episcopo)
805 2729 838 2754 de
862 2729 930 2755 villa
948 2729 1152 2757 Venderevensi
1180 2739 1312 2763 suamque
1340 2730 1453 2756 dicebat
1480 2738 1542 2756 eum
1571 2729 1697 2756 obtinere
1721 2729 1886 2763 paroeciam.

241 2771 267 2804 5)
289 2770 329 2802 Cf.
348 2780 375 2797 n.
389 2775 447 2797 221.
536 2772 562 2803 6)
583 2771 787 2805 Ia'vzyoncnsetn,
805 2775 840 2805 cf.
859 2781 885 2798 n.
902 2776 955 2805 126,
973 2782 999 2805 p.
1014 2777 1059 2799 113
1077 2776 1167 2799 annot.
1182 2777 1205 2799 3,

1912 944 1936 963 10

1910 1223 1935 1242 15

1911 1545 1935 1564 20

1909 1802 1933 1821 25

1909 2058 1933 2076 30

1907 2520 1931 2539 35

1906 2736 1931 2755 40
