2189 3042
147 1527 171 1546 10

146 1792 170 1811 15

147 2049 172 2068 20

198 794 621 853 LUDOVICI
658 794 736 851 Π.
779 794 1380 852 IMPERATORIS
1424 795 1851 854 EPISTULA

198 899 319 956 AD
363 898 794 956 BASILIUM
836 898 880 954 Ι.
928 896 1588 956 IMPERATOREM
1635 899 1851 958 CON-

363 999 1349 1059 STANTINOPOLITANUM
1398 999 1687 1059 MISSA.

753 1127 954 1155 RECENSUIT
978 1124 1030 1155 W.
1052 1123 1219 1155 HENZE
1244 1124 1298 1165 (†).

304 1253 400 1285 Hanc
416 1253 586 1293 epistolam,
603 1263 667 1293 qua
682 1253 860 1285 Ludovicus
874 1254 1044 1295 imperator
1058 1264 1088 1285 a.
1100 1254 1162 1285 871
1179 1254 1304 1285 Basilio
1319 1254 1502 1296 imperatori
1524 1264 1555 1285 se
1572 1254 1700 1285 titulum
1717 1253 1853 1293 impera-

197 1307 274 1339 toris
290 1309 318 1337 et
342 1306 411 1337 iure
426 1305 630 1344 antiquorum
648 1305 831 1346 principum
853 1308 882 1336 et
901 1306 1045 1336 unctione
1063 1306 1180 1345 papali
1202 1307 1354 1345 accepisse
1377 1306 1520 1344 ostendit,
1546 1305 1688 1337 Barense
1704 1305 1853 1346 oppidum

197 1361 325 1397 captum
353 1367 417 1389 esse
444 1357 588 1394 nuntiat,
619 1359 655 1387 ut
683 1357 743 1388 sibi
770 1357 906 1396 amplior
935 1356 1046 1388 classis
1075 1357 1222 1388 mittatur
1247 1357 1403 1396 postulat,
1435 1357 1586 1389 historiae
1613 1367 1689 1388 suae
1717 1357 1854 1388 inseruit

198 1418 375 1450 anonymus
397 1409 530 1448 scriptor
552 1408 689 1439 chronici
711 1407 912 1440 Salernitani
934 1408 1016 1448 (cap.
1030 1409 1117 1448 107),
1148 1408 1237 1439 cuius
1259 1411 1345 1440 extat
1367 1419 1451 1440 unus
1479 1409 1584 1446 codex,
1612 1408 1684 1440 olim
1709 1408 1853 1440 Salerni-

198 1464 302 1499 tanus,
325 1470 410 1492 nunc
428 1459 603 1491 Vaticanus
626 1459 679 1490 lat.
697 1460 781 1489 5001
797 1459 893 1499 (saec.
906 1458 1009 1491 XIII.
1008 1460 1036 1499 )‚
1060 1460 1094 1490 in
1110 1469 1170 1498 quo
1193 1459 1324 1498 epistola
1340 1460 1495 1491 Ludovici
1519 1460 1634 1500 leyitur
1651 1459 1679 1498 f.
1698 1461 1826 1491 60-67
1834 1461 1852 1493 ¹.

198 1512 248 1545 De
277 1512 378 1544 codiee
409 1512 449 1549 cf.
475 1511 514 1543 Gr.
531 1510 574 1542 H.
593 1510 686 1542 Perta
704 1510 844 1542 ‘Archiv’
868 1510 901 1548 V,
918 1510 998 1548 131,·
1031 1509 1089 1542 SS.
1110 1510 1181 1547 III,
1197 1511 1261 1541 241
1290 1514 1319 1542 et
1340 1512 1404 1541 468
1411 1525 1420 1551 ,·
1453 1510 1490 1542 L.
1508 1511 1691 1542 Betlimann
1713 1511 1855 1542 ‘Archiv'

198 1564 239 1603 X,
259 1564 332 1595 375.
385 1562 582 1594 Recentiores
612 1562 668 1602 qui
700 1564 869 1601 supersunt
901 1561 1018 1593 codices
1050 1562 1281 1601 manuscriptos
1311 1572 1333 1593 a
1366 1563 1468 1594 codice
1503 1562 1655 1594 Vaticano
1689 1563 1854 1603 archetypo

198 1615 368 1656 dependere
389 1614 613 1645 demonstravit
636 1613 675 1645 G.
693 1613 735 1644 H.
751 1613 845 1645 Pertz
867 1613 886 1644 l.
903 1613 935 1651 l„
959 1613 1000 1654 cf.
1018 1614 1112 1645 etiam
1135 1613 1273 1645 ‘Archiv'
1296 1614 1329 1654 V,
1346 1615 1417 1646 150.

305 1674 487 1706 Ediderunt
509 1674 677 1706 chronicon
699 1673 941 1706 Salernitanum
963 1674 1170 1705 Muratorius
1201 1674 1329 1705 ‘Rerum
1352 1674 1544 1706 Italicarum
1567 1674 1743 1714 scriptores'
1768 1674 1818 1712 ΙΙ,
1833 1676 1856 1706 2

199 1727 313 1768 (1726)
334 1737 367 1766 p.
384 1728 455 1766 171,
485 1725 642 1757 Pratillus
665 1725 854 1766 ‘Pereyrinii
882 1726 1016 1757 historia
1038 1726 1226 1767 principum
1256 1725 1548 1766 Lanyobardorum³
1577 1726 1621 1757 II
1648 1726 1773 1766 (1750),
1802 1728 1854 1765 37,

198 1779 254 1819 qui
275 1780 404 1818 uterque
425 1778 556 1809 codicem
579 1777 768 1809 Vaticanum
789 1777 855 1816 ipse
877 1787 941 1808 non
964 1777 1110 1816 inspexit,
1134 1777 1268 1817 denique
1291 1778 1394 1809 codice
1423 1777 1589 1818 archetypo
1619 1777 1856 1818 diliyentissime

198 1830 309 1863 collato
336 1829 375 1862 G.
396 1829 439 1861 H.
460 1829 554 1861 Perta
580 1829 638 1861 SS.
660 1829 730 1867 III,
753 1830 826 1860 467.
885 1829 1038 1861 Ludovici
1069 1828 1231 1870 epistolam
1262 1839 1301 1860 eac
1334 1829 1478 1860 chronico
1511 1829 1726 1868 depromptam
1757 1829 1856 1860 edidit

194 1883 321 1922 primus
342 1893 371 1913 a.
389 1881 473 1912 1602
493 1881 652 1912 Bar-onius
667 1880 822 1912 ‘Annales
836 1880 1046 1912 ecclcsiastici'
1061 1881 1071 1900 ¹
1087 1880 1128 1919 X,
1143 1882 1207 1911 486
1230 1881 1273 1912 ad
1294 1891 1323 1912 a.
1340 1881 1402 1912 871
1425 1891 1457 1913 n.
1472 1881 1521 1918 51,
1546 1891 1638 1921 quem
1660 1881 1758 1912 secuti
1780 1883 1855 1912 sunt

200 1933 365 1966 Ducliesne
394 1933 568 1964 ‘Historiae
599 1932 801 1964 Francorum
833 1933 1010 1971 scriptores'
1039 1932 1104 1963 III
1132 1932 1256 1973 (1641),
1280 1931 1359 1970 555,·
1399 1931 1540 1972 Vorbury
1566 1931 1751 1964 ‘Historiae'
1783 1932 1858 1963 XII

199 1985 324 2025 (1660),
337 1985 418 2022 569;
436 1983 569 2015 Goldast
584 1983 742 2015 ‘Collectio
764 1983 1020 2015 constitutionum
1040 1983 1263 2022 imperialium'
1277 1983 1393 2024 (1713)
1408 1984 1436 2021 Ι,
1451 1985 1521 2022 195,
1538 1984 1601 2022 IV,
1616 1986 1667 2018 17.
1694 1983 1856 2023 Epistolae

200 2038 321 2067 temtum
336 2035 601 2066 Muratorianum
625 2035 766 2074 repetivit
778 2034 925 2074 Bouquet
940 2034 1079 2066 ‘Recueil
1094 2034 1148 2066 des
1163 2034 1330 2066 historiens
1352 2035 1388 2066 de
1405 2035 1538 2067 France'
1559 2035 1625 2067 VII
1639 2035 1764 2076 (1749),
1782 2035 1854 2066 572.

200 2087 319 2118 Perteii
340 2086 505 2117 editionem
532 2089 654 2117 secutus
675 2088 720 2117 est
744 2085 879 2117 Tlieiner
900 2086 1057 2118 ‘Annales
1078 2086 1278 2118 ecclesiastici
1300 2086 1477 2118 Baronii'2
1497 2087 1532 2118 X
1539 2087 1704 2128 V(1868),
1728 2088 1791 2118 221
1815 2085 1858 2118 ad

200 2148 230 2171 a.
248 2140 311 2168 871
343 2140 372 2168 et
402 2136 591 2178 Kukuljevic'
622 2137 792 2170 Sakcinski
814 2137 930 2169 ‘Codex
960 2137 1037 2177 dipl.
1063 2138 1152 2177 reqni
1183 2137 1330 2169 Oroatiae
1358 2137 1543 2170 Dalmatiae
1574 2141 1603 2170 et
1632 2138 1811 2171 Slavoniae’
1837 2138 1859 2169 I

201 2190 325 2230 (1874),
343 2190 384 2220 53
407 2188 624 2230 (excerptum).
666 2188 713 2229 Cf.
729 2189 1103 2221 Bokmer-Mu'hlbacher
1124 2188 1268 2229 ‘Reyesta
1292 2189 1428 2229 imperii'
1442 2189 1455 2209 ²
1477 2200 1509 2222 n.
1528 2191 1613 2222 1247
1627 2190 1753 2231 (1213).

308 2249 382 2288 Ipse
404 2251 440 2280 ut
462 2249 625 2290 epistolam
647 2249 773 2287 ederem,
797 2250 933 2290 imagine
950 2249 1152 2291 pliototypica
1181 2260 1260 2281 usus
1286 2259 1365 2282 sum.
1410 2250 1456 2282 Et
1473 2251 1621 2290 priorum
1643 2250 1768 2290 quidem
1790 2250 1856 2281 edi-

148 2317 172 2335 25
201 2303 312 2338 torum,
336 2300 403 2332 scil.
420 2300 559 2332 Baronii
581 2300 760 2333 Muratorii
783 2301 915 2333 Pratilli
936 2301 1079 2333 lectiones
1102 2304 1131 2332 et
1153 2302 1348 2333 coniecturas
1370 2312 1434 2333 non
1461 2302 1600 2341 repetivi,
1630 2302 1685 2333 sed
1706 2301 1858 2342 quicquid

151 2582 175 2601 ³0

200 2363 221 2384 a
246 2352 366 2384 Pertzii
387 2352 521 2384 editione
543 2352 659 2391 differt,
681 2353 788 2384 notavi
811 2353 933 2385 omissis
960 2353 1126 2385 levioribus
1153 2353 1342 2386 solummodo
1372 2353 1492 2385 scribae
1520 2353 1648 2385 mendis.
1695 2353 1736 2384 Id
1758 2363 1857 2392 prae-

200 2405 291 2444 cipue
313 2404 368 2444 eqi,
392 2405 427 2434 ut
450 2406 606 2443 quantum
628 2404 699 2443 fieri
717 2407 822 2444 posset
844 2407 963 2436 textum
983 2405 1155 2444 yenuinum
1177 2405 1292 2437 codicis
1310 2405 1364 2446 (=
1381 2406 1412 2443 e)
1435 2405 1639 2441 restituerem,
1663 2414 1752 2444 quem
1775 2413 1854 2435 non-

200 2455 301 2487 nullis
323 2455 398 2487 locis
420 2456 546 2487 rasuris
568 2455 614 2487 vel
637 2457 824 2488 coniecturis
851 2457 913 2488 viri
941 2457 1107 2488 cuiusdam
1137 2457 1218 2488 docti
1247 2466 1326 2488 saec.
1345 2455 1442 2488 XVI.
1466 2456 1521 2496 (=
1538 2466 1576 2487 m.
1592 2457 1628 2496 2)
1652 2456 1856 2495 depravatum

201 2517 265 2539 esse
290 2508 352 2538 iam
375 2506 469 2539 Perte
490 2508 621 2539 monuit.

311 2567 428 2598 Amari
442 2567 562 2599 ‘Storia
584 2567 635 2599 dei
654 2568 851 2600 musulmani
865 2568 900 2599 di
920 2568 1044 2600 Sicilia'
1060 2568 1084 2600 I
1094 2569 1218 2609 (1854),
1234 2568 1297 2599 381
1321 2578 1397 2599 ann.
1414 2570 1444 2599 et
1459 2567 1499 2599 A.
1517 2567 1724 2599 Kleinclause
1747 2567 1858 2598 ‘L'em-

200 2619 270 2658 pire
300 2618 500 2658 carolinyien’
527 2620 560 2650 in
583 2619 699 2651 ‘Revue
723 2620 998 2660 Bouryuiynonne’
1021 2619 1099 2652 XII
1117 2620 1242 2661 (1902),
1266 2621 1346 2657 441,·
1377 2618 1437 2649 ‘La
1469 2619 1556 2649 lettre
1585 2619 1622 2649 dc
1645 2618 1745 2649 Louis
1768 2617 1808 2649 II
1836 2618 1857 2648 ὰ

203 2669 313 2701 Basile
335 2671 362 2701 le
385 2669 606 2702 Macedonien’
628 2672 664 2702 in
686 2671 741 2703 ‘Le
763 2682 872 2712 moyen
893 2672 956 2711 ἄρα’
985 2672 1014 2702 2.
1037 2680 1096 2702 ser.
1117 2670 1209 2702 VIII
1227 2671 1351 2712 (1904),
1367 2670 1409 2700 45
1440 2670 1602 2709 epistolarii
1629 2670 1771 2709 spuriam
1794 2679 1857 2700 esse

203 2721 434 2759 iudicaverunt,
465 2732 561 2761 quam
592 2723 767 2763 opinionem
799 2722 891 2754 multi
919 2721 1112 2763 refellerunt,
1141 2724 1295 2760 postremo
1326 2722 1364 2753 L.
1389 2721 1437 2752 M.
1456 2720 1638 2752 Hartmann
1662 2720 1856 2752 ‘Gescliichte

204 2773 339 2804 Italiens
374 2773 417 2803 im
449 2772 644 2805 Mittelalter’
678 2774 747 2812 III,
772 2777 789 2805 1
819 2774 934 2814 (1908)
970 2783 1002 2812 p.
1017 2773 1081 2803 306
1117 2783 1193 2805 ann.
1219 2774 1277 2811 26,·
1318 2774 1358 2811 cf.
1394 2773 1487 2804 etiam
1523 2782 1603 2812 quae
1643 2772 1782 2803 disserui
1821 2772 1856 2803 in

310 2833 460 2860 Emsronffl
474 2832 533 2865 VII,
547 2834 570 2860 2.
1617 2823 1650 2849 49
