2189 3042
646 188 824 215 IOHANNIS
843 188 916 214 VIII.
936 189 1054 215 PAPAE
1077 188 1276 215 EPISTOLAE
1299 188 1452 215 299-301.
1808 191 1866 221 261

224 276 311 317 quod
335 286 430 317 quam
455 275 621 307 evidenter
644 274 814 306 ostendere
838 286 900 306 non
924 276 1054 316 poteris,
1079 286 1136 316 pro
1161 286 1224 316 qua
1245 275 1366 306 scilicet
1381 275 1528 306 Romana
1545 275 1681 306 eeclesia
1698 278 1729 307 te
1746 286 1871 307 murum
1887 285 2081 310 ct.Ezech.1³,5.

224 338 388 369 opponere
413 327 558 358 omnibus
582 327 707 368 iniquea
723 326 893 367 agentibus
917 326 1084 358 debueras,
1124 326 1187 357 Pro
1213 326 1326 367 quibus
1349 326 1514 358 nimirumb
1539 329 1586 357 tot
1602 328 1694 357 malis
1711 328 1871 368 tantisque

223 378 515 419 presumptionibus
536 378 592 408 tibi
617 389 658 409 ex
682 378 871 409 auctoritate
888 377 950 409 Dei
974 381 1005 409 et
1028 382 1210 409 sanctorum
1234 378 1453 419 apostolorum
1476 388 1513 408 ac
1537 381 1645 409 nostra
1668 379 1872 419 precipimus,

223 434 258 461 ut
282 431 321 461 de
345 431 486 471 presenti
508 430 646 460 Romam
670 430 711 460 ad
734 429 845 460 limina
868 433 1048 460 sanctorum
1073 430 1290 470 apostolorum
1315 434 1520 471 nostramque
1544 431 1739 471 presentiam
1764 431 1871 461 venire

190 492 202 510 5
223 491 384 522 procures,
408 485 443 512 ut
467 481 506 511 de
531 482 648 512 talibus
673 484 703 512 te
728 481 910 512 criminibus
934 481 1108 512 secuudum
1140 482 1365 512 auctoritatem
1396 485 1576 512 sanctorum
1608 485 1735 522 patrum
1763 492 1871 513 coram

222 532 313 563 nobis
337 536 370 563 et
393 532 470 563 sede
494 532 672 573 apostolica
695 532 920 563 satisfaciendo
945 543 1082 574 purgare
1106 533 1230 572 valeas,
1261 536 1417 574 quatenus
1441 537 1471 564 te
1495 534 1578 563 inter
1601 533 1716 564 fratres
1740 536 1773 564 et
1796 544 1870 564 con-

225 583 410 614 sacerdotes
438 584 578 614 retinere
613 583 786 614 valeamus.
844 583 943 622 Nam,
976 584 1062 625 quod
1089 594 1151 614 non
1180 584 1354 623 eredimus,
1385 585 1411 614 si
1438 583 1532 614 aliter
1559 583 1673 614 feceris
1701 587 1733 614 et
1762 585 1871 615 venire

222 634 398 674 distuleris,
430 635 531 666 donec
561 635 642 666 hano
670 638 810 666 nostram
834 635 1005 666 iussionem
1035 635 1220 676 inpleveris,
1252 636 1333 665 scias
1364 638 1395 665 te
1426 636 1510 665 omni
1542 635 1735 676 episcopalie
1765 635 1870 667 officio

221 696 292 717 esse
317 686 514 727 privandum.

1012 875 1082 904 300.

180 955 204 973 ιο
331 942 490 973 Iohannes
508 942 603 973 VIII.
623 952 712 981 papa
729 943 829 974 Leoni
851 943 990 983 episcopo
1010 942 1171 979 Teanensi,
1189 941 1352 983 Landulfo
1375 942 1523 980 episeopo,
1547 941 1695 973 Landomt
1716 941 1872 981 qastaldio

221 993 418 1034 (capuanis)
441 994 615 1032 praecipit,
646 1003 770 1032 operam
801 994 887 1031 dent,
919 996 955 1024 ut
983 992 1157 1032 Atemilfus
1187 993 1362 1032 Capuamis
1388 993 1492 1031 filium
1520 992 1688 1030 Auaeentii,
1719 993 1872 1024 hominem

220 1044 408 1084 apostolicae
430 1045 513 1075 sedis
529 1046 708 1083 proprium,
730 1044 878 1076 violenter
901 1045 1058 1076 detentum
1075 1045 1168 1083 patri
1190 1044 1339 1075 redderet.
1682 1044 1785 1084 (882.)

334 1120 408 1147 Οοᾱ.;
437 1121 463 1146 R
480 1123 501 1154 s‘.
516 1123 573 1146 117⁴
593 1129 620 1147 n.
632 1124 689 1147 302.

327 1180 398 1206 Edd.
408 1189 415 1207 .·
443 1180 539 1206 Editio
554 1181 680 1207 Romana
692 1182 776 1214 (1591)
790 1181 846 1213 111,
859 1184 908 1207 502
926 1189 951 1207 n.
963 1184 1021 1207 289.
1053 1181 1150 1206 Mami
1169 1180 1247 1206 Cone.
1261 1180 1316 1206 coll.
1334 1180 1432 1211 XVII,
1447 1184 1496 1206 212
1512 1189 1538 1206 n.
1548 1184 1602 1206 289.
1633 1180 1724 1213 Migyne
1739 1180 1816 1206 Patr.
1827 1180 1872 1206 lot.

179 1228 202 1247 15
225 1224 359 1256 CXXVI,
382 1227 433 1250 937
448 1232 475 1250 n.
489 1227 545 1250 332.
564 1239 597 1242 -
616 1224 689 1256 Jaffe'
708 1224 770 1257 Rey.
784 1227 847 1250 3371
868 1224 964 1257 (2579).

308 1320 410 1344 LEONI
433 1320 595 1344 EPISCOPO
613 1320 815 1344 THIANENSI¹
835 1319 919 1343 ITEM
944 1319 1129 1343 LANDULFO
1148 1318 1327 1343 EPISCOPO²
1347 1319 1390 1342 ET
1411 1319 1565 1343 LANDONI
1589 1319 1784 1343 GASTALDIO

924 1362 1026 1386 PATRI
1051 1361 1171 1386 EIUS¹²³.

332 1408 452 1439 Auditu
486 1408 614 1439 certiori
649 1409 878 1449 comperimusq
915 1407 999 1448 quod
1029 1408 1128 1438 filium
1155 1407 1310 1438 Auxentii
1340 1407 1498 1449 Capuam,
1532 1410 1674 1438 nostrum
1704 1407 1873 1438 dumtaxat

222 1460 385 1500 proprium
413 1459 590 1499 hominem⁷
620 1459 829 1491 Attenulfus4
853 1462 985 1500 caperet
1013 1462 1045 1489 et
1074 1469 1136 1489 non
1162 1459 1243 1490 bene
1273 1462 1412 1490 tractans
1436 1469 1509 1490 eum
1532 1459 1690 1490 violenter
1717 1459 1871 1495 tencretb,

177 1522 203 1541 20
223 1510 309 1552 quod
343 1511 516 1542 admodum
552 1510 764 1541 admiramurc
792 1514 833 1551 et,
864 1510 950 1551 quod
979 1510 1044 1542 tale
1074 1510 1151 1551 quid
1182 1511 1413 1551 presumpserit
1443 1520 1556 1552 agere,
1585 1510 1720 1541 moleste
1753 1511 1871 1551 quippe

222 1563 413 1603 accepimus.
460 1562 553 1593 Unde
577 1562 668 1593 vobis
690 1562 790 1593 nostri
813 1562 1013 1602 apostolatus
1036 1561 1150 1593 litteris
1173 1562 1339 1602 iniungere
1365 1561 1495 1603 dignum
1513 1561 1672 1600 duximus,
1696 1564 1731 1592 ut
1747 1572 1874 1592 omnem

222 1624 354 1654 operam
385 1613 467 1644 detis
495 1617 592 1644 etex
621 1616 729 1644 nostra
758 1616 849 1654 parte
880 1614 940 1654 ipsi
970 1613 1137 1644 Attenulfo
1173 1613 1295 1644 tamdiu
1330 1614 1497 1653 insistatis,
1535 1623 1700 1654 quousque
1737 1612 1873 1644 eundem

221 1665 376 1696 Auxentii
404 1665 518 1705 filium,
553 1664 715 1695 hominem
751 1665 873 1696 scilicet
907 1667 1066 1704 nostrum,
1098 1665 1183 1705 patri
1210 1675 1266 1695 suo
1298 1665 1418 1695 salvum
1455 1665 1602 1696 restituat
1637 1668 1668 1695 et
1703 1674 1773 1695 eum
1809 1665 1872 1695 suis

221 1716 402 1747 hominibus
426 1716 541 1747 reddat
563 1716 703 1756 illesum;
727 1716 868 1757 alioquin
892 1716 1083 1747 sententiam
1107 1719 1249 1747 nostram
1267 1716 1405 1747 evadere
1422 1726 1484 1747 non
1501 1717 1629 1757 poterit,
1654 1716 1706 1756 qui
1729 1718 1872 1746 nostrum

176 1778 201 1797 ⁴25
222 1768 383 1798 hominem
408 1770 473 1798 tam
497 1768 684 1808 simpliciter
708 1767 926 1799 ambulantem
951 1768 1096 1808 affligere
1120 1778 1182 1798 non
1213 1768 1413 1808 contempsit.
1463 1767 1531 1798 Vos
1559 1770 1681 1807 tamen,
1712 1777 1872 1808 rogamus,

220 1823 285 1850 tam
310 1822 436 1859 strenue
462 1820 558 1860 agite,
583 1822 617 1850 ut
640 1818 730 1850 vobis
752 1820 873 1860 gratias
896 1819 1074 1850 referamus
1099 1821 1131 1850 et
1153 1819 1276 1850 maiora
1300 1819 1391 1850 vobis
1414 1820 1614 1850 committere
1631 1819 1828 1850 invitemurd.

1011 2051 1082 2081 301.

332 2117 491 2148 Iohannes
514 2117 608 2149 VIII.
628 2127 716 2156 papa
732 2117 891 2149 Ludovico
908 2118 1009 2158 (III.)
1026 2121 1054 2149 et
1070 2118 1309 2149 Karolomanno
1329 2118 1452 2158 reqibus
1468 2116 1682 2157 (occidentalis
1698 2117 1872 2156 Frcmoiae)

222 2169 347 2208 qratias
369 2169 436 2207 ayit
461 2178 520 2207 pro
543 2169 731 2199 transmissa
757 2169 818 2199 sibi
847 2179 952 2200 eorum
975 2169 1133 2200 devotione
1156 2179 1216 2208 per
1238 2170 1415 2208 episcopum
1441 2168 1611 2208 quendam,
1640 2169 1694 2199 eui
1722 2178 1871 2207 responsa

219 2230 281 2250 sua
304 2220 526 2258 transferenda
549 2220 744 2251 commiserit.
1681 2220 1785 2260 (882.)

176 2305 203 2324 30
337 2296 410 2323 Coei:
439 2296 466 2323 R
483 2298 574 2329 s2117¹
594 2305 619 2322 n.
633 2300 689 2323 303.

325 2356 410 2382 Edd.:
437 2357 533 2383 Editio
548 2356 674 2383 Romana
687 2356 772 2390 (1591)
794 2357 846 2388 ΙΙΙ,
864 2360 915 2383 502
932 2365 959 2383 n.
974 2361 1025 2383 290
1043 2369 1075 2378 =
1096 2357 1224 2383 Sirmond
1244 2357 1323 2383 Cone.
1336 2359 1392 2383 ant.
1405 2356 1512 2383 Galliae
1531 2357 1588 2388 111,
1604 2360 1652 2383 517
1669 2365 1697 2383 n.
1712 2360 1747 2382 71.
1779 2356 1872 2381 Mcmsi

224 2399 300 2425 Cone.
315 2399 372 2426 coll.
394 2399 494 2432 XVII,
512 2403 559 2425 213
577 2408 604 2426 n.
619 2402 678 2425 290.
714 2399 811 2433 Miyne
828 2400 903 2425 Patr.
918 2401 962 2425 lat.
984 2399 1067 2426 CXX
1075 2400 1120 2432 VI,
1142 2403 1189 2427 895
1208 2409 1234 2426 n.
1248 2404 1301 2426 277.
1321 2415 1353 2418 -
1372 2399 1445 2431 Jaffe
1464 2399 1526 2433 Rey.
1541 2402 1607 2426 3372
1625 2400 1724 2432 (2524).

325 2517 347 2546 Β)
368 2516 445 2548 inque
465 2516 498 2541 R.
587 2515 613 2547 b)
632 2517 672 2541 ni·
692 2518 720 2541 in
738 2526 790 2542 ras.
804 2518 839 2543 al.
853 2526 922 2542 man.
941 2518 973 2543 R.
1062 2519 1083 2549 c)
1103 2518 1247 2550 episcopale
1265 2518 1297 2542 R.

326 2574 386 2600 300.
415 2575 438 2607 θ)
462 2576 523 2601 haec
547 2585 643 2608 quoque
667 2577 799 2608 inscriptio
821 2578 885 2602 sicut
910 2578 938 2602 in
962 2587 1006 2603 nn.
1024 2580 1082 2610 295,
1103 2580 1150 2603 298
1175 2578 1270 2610 scripta
1295 2581 1341 2608 ese,
1366 2581 1471 2608 praeter
1492 2577 1606 2608 primam
1629 2585 1713 2601 vocem
1736 2582 1815 2601 LnoNl
1839 2575 1870 2599 le.

178 2620 204 2640 35
225 2616 249 2649 b)
269 2626 335 2643 corr.
349 2626 379 2643 ex
397 2622 514 2644 tenerent
532 2619 563 2644 R.
652 2620 675 2650 ⁰)
688 2620 804 2651 primum
822 2629 834 2644 r
852 2620 880 2645 in
897 2629 950 2645 ras.
970 2622 1036 2645 2—3
1054 2620 1100 2645 litt.
1120 2620 1152 2645 R.
1240 2619 1265 2652 d)
1284 2620 1340 2644 finit
1359 2628 1425 2643 corr,
1438 2627 1468 2643 ex
1486 2619 1574 2644 finitus
1593 2619 1654 2643 add.
1674 2618 1705 2642 R.

327 2708 352 2739 1)
374 2707 461 2733 Hodie
480 2707 602 2739 Teum,
627 2709 662 2740 of.
681 2715 708 2733 n.
722 2710 784 2739 215,
805 2716 834 2740 p.
849 2710 894 2733 193
916 2710 1011 2733 annot.
1025 2712 1045 2733 1.
1151 2707 1177 2739 2)
1202 2707 1256 2738 ΙΙ.,
1283 2708 1426 2740 Caqmano,
1450 2707 1483 2738 ef.
1503 2715 1530 2732 n.
1543 2710 1601 2737 216,
1625 2709 1715 2738 p.19.3
1739 2707 1830 2730 annot.
1846 2708 1868 2730 8.

221 2748 250 2781 3)
269 2748 336 2781 111„
355 2751 388 2783 cf.
403 2749 466 2776 ibid.
485 2752 507 2776 et
522 2758 552 2783 p.
566 2753 609 2776 191
628 2752 720 2775 annot.
733 2754 756 2776 5.
843 2750 870 2782 4)
889 2750 961 2776 Idem
979 2750 1094 2782 fortasse
1112 2753 1149 2776 est
1167 2758 1198 2775 ac
1211 2750 1363 2782 Atenuls'us,
1383 2750 1420 2781 fil.
1435 2748 1598 2780 Landenulfi
1614 2747 1766 2779 Teanensis,
1783 2748 1871 2778 frater

223 2791 369 2818 Landonis
382 2792 448 2825 111„
468 2793 514 2825 qui
532 2801 557 2818 a.
570 2796 621 2819 887
638 2800 720 2818 comes
734 2792 891 2825 Capuanus,
911 2801 936 2818 a.
949 2796 1001 2819 899
1020 2793 1097 2819 etiam
1112 2793 1239 2825 princeps
1258 2793 1462 2819 Beneventanus
1479 2791 1570 2822 sactus
1587 2793 1630 2816 est.
