2189 3042
115 675 139 694 10

113 975 137 993 15

112 1231 137 1250 20

112 1488 137 1508 25

107 1875 132 1894 ³0

108 2150 133 2169 ³5

108 2364 134 2383 ⁴0

109 2643 134 2662 4³

412 184 606 212 ANASTASH
627 185 923 212 BIBLIOTHECARII
943 186 1141 213 EPISTOLAE
1161 186 1240 213 SIVE
1261 186 1538 213 PRAEFATIONES
1560 187 1582 213 7.
1759 188 1821 218 419

167 271 312 304 quissimus
331 271 418 303 codex,
437 279 511 304 quein
530 272 631 304 quidem
649 272 778 303 novimas,
798 275 870 298 extat
886 272 1014 305 Vat.pal.
1028 273 1074 299 lat.
1090 275 1139 298 826
1156 272 1188 306 (s.
1206 272 1255 306 X.)
1273 273 1295 305 f.
1309 277 1330 304 1,
1353 273 1388 305 cf.
1402 272 1434 298 de
1454 273 1528 299 Boor
1546 273 1562 298 l.
1578 273 1593 298 l.
1607 281 1632 305 2).
1647 276 1697 299 425
1717 273 1759 305 (=
1780 272 1821 305 V).

167 314 242 341 Huic
263 314 432 348 propinquas
456 316 494 340 est
513 314 632 340 Floreat.
651 315 780 341 Lam-ent.
797 315 932 341 Marcion.
950 319 1001 341 359
1027 315 1098 348 (olim
1121 323 1141 342 s.
1157 315 1248 342 Marci
1269 317 1309 349 95)
1328 316 1359 347 (s.
1375 316 1441 348 Xl.)
1467 316 1562 348 f.116¹‚
1588 317 1621 349 cf.
1639 316 1821 349 Montfaucon

169 357 337 384 Bibliotheca
347 357 561 383 bibliothecarum
574 357 662 383 mss.I
672 358 767 390 (1739),
780 360 830 383 421
840 357 869 383 E
878 359 920 389 (=
933 357 960 383 F
954 360 977 391 ),
989 365 1021 384 ex
1033 366 1085 391 qao
1098 357 1222 390 dependet
1236 358 1292 385 eod.
1305 358 1404 384 Cescna
1417 358 1476 385 bibl.
1487 359 1623 385 Malatest.
1631 358 1701 391 plat.
1712 358 1825 385 XVIII

167 400 220 426 sin.
241 409 267 426 n.
281 400 328 426 IV
345 402 376 432 (s.
400 400 478 433 XV.)
496 409 525 433 1³·
542 404 595 432 109,
621 402 655 434 cf.
676 400 710 427 R.
731 401 837 426 Zazeeri
854 400 948 427 Ὃοᾱά.
962 400 1030 426 della
1048 401 1197 427 Biblioteca
1216 401 1413 427 Malatestiana
1439 402 1468 427 di
1490 401 1596 427 Cesena'
1615 402 1705 434 (1387)
1723 409 1754 434 1).
1772 405 1822 428 405

167 443 254 475 (=F
262 443 296 476 1).
335 442 440 469 Codices
458 443 599 469 Parisinos
623 445 691 469 cont.
710 443 741 469 P.
755 443 869 474 Solmiicl,
894 443 1008 476 reliquos
1033 452 1122 469 omnes
1140 444 1175 470 E.
1190 443 1285 470 Perels.
1313 459 1345 462 —
1373 444 1438 470 Non
1461 444 1550 470 collati
1568 448 1631 470 sarit
1656 445 1684 470 lii
1708 444 1822 471 codices:

174 485 230 512 Vat.
245 486 292 512 lat.
305 489 367 513 0356
385 487 417 517 (s.
432 486 509 518 XV.)
533 486 553 518 f.
569 490 589 518 1,
604 489 669 511 2012
688 486 719 518 (⁸.
736 485 901 518 XVJXVI.)
925 487 946 518 f.
960 490 980 517 1,
995 489 1058 512 2013
1077 488 1107 520 (s.
1124 486 1200 519 XV.)
1219 489 1239 519 f.
1254 492 1274 518 1⁷
1294 490 1362 513 5406
1384 488 1415 520 (8.
1432 487 1509 521 XV.)
1527 488 1548 520 f.
1560 493 1580 520 1,
1600 491 1662 514 5625
1679 488 1712 520 (s,
1728 487 1822 521 XVI.)

167 530 187 561 s.
202 534 222 560 1,
236 533 301 556 5881)
322 530 353 562 (s.
368 529 563 562 XVIJXVII.)
583 530 603 560 f.
617 533 639 561 1,
656 528 742 555 Venet.
755 529 843 555 Marc.
852 529 909 561 IX,
924 532 957 555 37
974 529 1071 561 (Ciass.
1086 529 1170 561 ΧΧΙ,
1181 530 1223 563 32)
1242 530 1273 561 (s.
1286 529 1379 562 XVI.)
1397 530 1417 562 f.
1430 534 1451 561 1,
1471 538 1535 563 quos
1554 538 1642 556 omnes
1660 530 1822 556 eramimvit

168 572 201 598 Ε.
214 572 302 598 Pei-ets
312 583 322 601 ,·
336 574 472 605 praeterea
491 571 579 598 Paris.
593 572 639 598 lat.
652 574 718 598 5003
737 572 767 605 (ε.
783 571 813 597 Χ
821 571 886 605 Vl),
905 573 938 605 ef.
955 571 1038 598 Catal.
1053 571 1124 598 codd.
1139 580 1199 599 mss,
1212 571 1380 599 bibliothecae
1397 573 1485 606 reqiae
1504 573 1554 604 IV,
1568 577 1608 600 39.

273 628 359 654 Eat:
391 628 503 654 Carolus
522 627 643 653 Annibal
661 627 794 653 Fabrotas
818 627 960 652 Anastasii
981 627 1176 652 bibliothecarii
1199 627 1312 653 historia
1336 628 1510 654 ecclesiastiea
1536 629 1587 654 sire
1606 628 1821 661 clironoqrapliia

170 672 306 705 tripertita
331 671 433 703 (Paris.
448 672 524 704 1649)
542 678 567 703 2).
582 675 594 696 1
613 678 644 696 eo:
664 670 708 696 Ρ]
726 672 749 696 et
768 670 824 696 Vat.
839 670 883 696 lat.
897 673 965 697 2013
984 671 1031 704 (ef.
1045 677 1112 703 qnae
1131 669 1163 696 de
1185 670 1236 696 hae
1254 670 1368 696 editione
1385 671 1508 697 disseruit
1526 671 1557 697 ele
1570 672 1642 698 Boor
1656 672 1672 698 l.
1684 672 1699 698 l.
1710 671 1748 704 Π,
1760 674 1822 705 423)

167 728 196 738 =
220 715 242 741 Ι.
262 714 363 740 Beli-ker
389 713 557 747 Theophanis
582 713 793 746 chronoffl‘uplzia
812 713 849 738 II
860 713 990 746 (Bormiae
1017 714 1100 746 1841),
1120 717 1141 739 ri.
1180 713 1206 739 C.
1223 713 1254 739 (le
1274 714 1347 739 Boor
1367 714 1530 746 Theophanis
1549 714 1767 748 clironoyrapliia
1786 714 1823 740 II

168 757 291 790 (Lipsiae
304 759 391 789 1885),
405 760 436 784 33
454 765 486 783 ea·
506 757 528 783 C
543 760 567 783 et
584 757 613 784 V.

276 861 568 901 Ecclesiastica1n³¹²‚
599 862 765 892 karissime
796 861 894 892 frater
917 864 948 892 et
979 861 1073 901 (ligne
1099 860 1215 891 Christi
1244 860 1340 891 levita
1364 861 1556 898 Iohannesl.
1589 865 1719 892 auctore
1749 861 1820 893 Deo

167 914 340 955 scripturus
363 913 551 944 historiam2
573 913 675 954 exigis
698 923 716 943 a
739 923 791 943 me
816 912 994 954 quaedama
1014 913 1047 943 in
1068 912 1218 943 Latinum
1248 913 1355 943 stilum
1386 923 1427 942 ex
1448 911 1559 943 Grecis
1589 913 1820 943 voluminibusb

166 965 416 1005 transferendae,
435 964 517 1006 quod
534 967 566 995 et
589 965 658 1005 ipsa
681 974 808 1006 quoque
832 965 995 1005 proposito
1019 964 1141 994 inseras
1163 963 1270 1004 operi⁰
1287 967 1319 995 et
1342 964 1479 995 intexas.
1518 963 1578 995 His
1596 965 1680 995 enim
1698 964 1820 995 duabus

169 1016 284 1057 linguis
308 1017 480 1057 praecipue
505 1026 587 1057 quae
610 1016 643 1046 in
667 1016 803 1047 eeclesia
826 1018 918 1056 gesta
942 1018 1014 1046 sunt
1038 1018 1234 1055 enarrantur.
1280 1014 1350 1056 Ego
1375 1025 1451 1045 vero
1476 1015 1639 1056 propriam
1663 1015 1820 1046 inscitiam

167 1070 202 1098 et
225 1068 380 1098 sermonis
404 1068 583 1107 angustiam
607 1077 668 1098 non
692 1067 841 1107 ignorans
864 1065 940 1097 hocf
962 1076 1059 1107 agere
1090 1069 1177 1097 tanto
1207 1069 1373 1107 temporess'
1396 1066 1511 1097 merito
1540 1067 1693 1106 recusavi,
1725 1077 1821 1107 supra

170 1129 220 1150 me
252 1119 402 1150 videlicet
435 1129 504 1150 esse
535 1121 601 1150 tam
631 1118 765 1149 arduum
796 1128 950 1150 conamen
981 1118 1092 1159 procul
1124 1117 1220 1149 dubio
1257 1121 1360 1154 ratus;
1397 1118 1453 1149 sed
1485 1118 1636 1159 quoniam
1666 1119 1735 1159 ipse
1769 1117 1820 1150 teh

168 1172 369 1212 propositum
394 1181 473 1211 opus
501 1170 616 1201 melius
643 1169 866 1201 executurumi
889 1169 957 1201 fore
982 1169 1177 1210 asseveras¹¹‚
1209 1170 1234 1200 si
1266 1180 1314 1209 ea,
1339 1168 1422 1211 quae
1452 1170 1483 1200 in
1506 1170 1630 1201 Latinis
1659 1169 1820 1200 codicibus

166 1222 301 1254 inveniri
324 1232 387 1253 non
411 1225 552 1263 possunt,
577 1223 663 1263 prius
687 1233 728 1253 ex
751 1221 930 1253 Grecorum
953 1221 1043 1252 fonte
1065 1221 1241 1252 haurienda
1264 1222 1432 1262 percipias,
1449 1221 1566 1252 faciam
1582 1221 1653 1253 Deo
1672 1222 1820 1262 propitio,

167 1274 254 1315 qnod
278 1274 424 1314 hortaris,
441 1274 630 1315 praesertim
654 1284 725 1304 cum
742 1273 804 1305 Dei
828 1274 868 1304 sit
891 1273 977 1314 quod
1002 1273 1161 1314 agendum
1186 1274 1394 1314 proponimus
1418 1276 1451 1304 et
1472 1273 1579 1304 multis
1596 1272 1819 1314 proculdubio

164 1336 260 1357 causa
285 1325 447 1366 profectus
471 1329 567 1366 atque
592 1325 711 1356 salutis.
743 1325 812 1356 Nec
836 1325 920 1356 enim
938 1325 993 1355 tibi
1011 1328 1077 1356 tam
1094 1325 1173 1356 karo
1192 1324 1336 1366 tamque¹
1353 1325 1489 1366 sapienti
1511 1325 1681 1366 quicquam
1699 1335 1818 1366 negare

162 1381 285 1419 potero,
306 1377 361 1418 qui
382 1376 527 1418 profecto
552 1377 689 1418 apostoli
714 1376 905 1407 documento
930 1376 1070 1407 imbutus
1086 1376 1285 1417 sapientibus
1302 1379 1335 1407 et
1354 1376 1577 1417 insipientibus
1594 1376 1720 1408 debitor
1736 1387 1816 1409 sum.
1831 1391 2006 1417 cf.R0m.1,14.

261 1429 384 1460 Verum
401 1429 475 1470 quia
491 1428 664 1469 praecipue
688 1428 904 1459 necessarium
928 1427 1065 1458 arbitror
1082 1438 1131 1466 ea,
1149 1438 1231 1469 quae
1250 1438 1268 1458 a
1285 1427 1469 1458 Theodosio
1486 1428 1629 1468 principe
1646 1427 1817 1459 iuniorem3

165 1482 197 1512 in
221 1480 358 1512 ecclesia
380 1482 471 1521 gesta
494 1482 576 1518 sunt,
602 1478 779 1519 enarrandi,
805 1478 845 1510 ad
869 1479 958 1510 cuius
981 1478 1132 1510 videlicet
1155 1482 1301 1520 tempora
1325 1479 1568 1510 Theodoretusss
1593 1478 1759 1510 Socrates⁰
1788 1481 1821 1510 et

165 1533 381 1564 Sozomenusl'
398 1530 575 1561 Eusebium
590 1530 774 1571 Pamphili4
785 1530 1039 1571 subsequentesq
1056 1530 1154 1561 libros
1176 1530 1429 1561 ecclesiasticaer
1444 1530 1598 1561 historiae
1615 1530 1819 1568 texuerunt&

165 1594 284 1625 operae
314 1582 453 1624 pretium
478 1581 554 1612 duxi
582 1592 623 1612 ex
648 1581 801 1623 GeorgiI⁶
825 1581 1008 1612 summatim
1033 1581 1209 1623 quaedam⁸
1233 1584 1265 1612 et
1288 1581 1496 1623 Theophanis
1526 1581 1818 1622 chronographiaffl

163 1636 266 1677 plura,
290 1633 347 1665 sed
371 1633 529 1665 succincte
554 1633 746 1674 cai-pendan,
772 1643 907 1675 quorum
937 1633 1024 1674 prior
1046 1643 1147 1674 usque
1171 1632 1212 1664 ad
1238 1632 1530 1673 Diocletianum&
1563 1633 1722 1673 posterior
1744 1642 1820 1664 vero

160 1697 260 1728 usque
292 1685 333 1716 ad
362 1685 564 1723 Leonemwfn
596 1685 649 1725 qui
679 1687 752 1725 post
775 1683 1050 1715 Michahelemxlo
1073 1684 1253 1724 imperavit,
1284 1687 1409 1725 patrem
1440 1684 1561 1715 scilicet
1591 1684 1737 1726 Ignatiiy‚
1768 1684 1821 1726 qui

269 1867 294 1899 *)
314 1865 434 1900 Incipitz
454 1865 591 1900 praefatio
612 1865 754 1892 Anastasii
774 1865 984 1892 bibliothecarii
1011 1874 1134 1892 summae
1164 1871 1217 1892 aea
1235 1864 1408 1899 apostolieae
1432 1863 1506 1891 sedis
1529 1864 1716 1897 superscriptio
1741 1863 1771 1888 in
1793 1863 1820 1895 C,

319 1908 367 1941 01,
382 1909 413 1942 P,
428 1909 457 1942 V,
470 1909 504 1941 F,
521 1909 588 1939 F1,·
610 1909 714 1943 Incipit
732 1909 862 1944 prologos
881 1909 909 1935 in
927 1909 1046 1936 historia
1066 1909 1208 1936 Anastasii
1228 1908 1419 1942 superscriptio
1437 1908 1468 1933 in
1487 1908 1540 1934 ΡΙ.

266 2012 289 2038 7.
318 2013 341 2044 ²)
361 2014 444 2038 Greca
463 2014 498 2039 al.
512 2022 544 2039 m.
557 2021 682 2045 supersor.
695 2014 725 2044 P,
746 2014 808 2039 add.
820 2014 848 2038 in
865 2018 933 2038 teaeta
951 2014 1003 2039 P1.
1091 2012 1115 2045 ¹³)
1134 2022 1166 2039 ex
1184 2014 1272 2039 Grecis
1285 2013 1461 2038 voluminibus
1480 2021 1528 2037 om.
1544 2012 1574 2043 Ρ,
1588 2012 1642 2036 P1.
1715 2011 1738 2041 c)
1753 2019 1820 2036 corr.

162 2065 192 2081 ca:
211 2056 386 2081 transferendo
407 2056 462 2085 01,·
487 2056 664 2081 transfer-anda
682 2055 805 2087 (alterum
827 2065 844 2082 a
863 2057 962 2088 partim
981 2057 1061 2089 eras.)
1080 2056 1120 2087 Ἐξ
1145 2057 1326 2082 transferanda
1345 2056 1373 2081 F
1380 2059 1401 2081 1.
1497 2054 1521 2087 d)
1541 2064 1608 2080 corr.
1628 2055 1655 2079 in
1680 2054 1748 2086 quod
1768 2052 1819 2079 01.

166 2099 187 2130 ⁸)
208 2108 223 2124 o
244 2107 310 2124 eras.
324 2098 362 2127 F;
380 2099 433 2131 peri
443 2098 472 2123 F
478 2102 498 2123 1.
551 2097 571 2131 f)
590 2099 637 2124 hec
652 2099 680 2124 V.
738 2099 763 2130 8)
782 2108 848 2124 corr.
862 2099 919 2124 ead.
932 2108 964 2124 m.
977 2100 1005 2124 in
1023 2103 1156 2132 tantopere
1172 2099 1200 2124 V.
1253 2098 1279 2131 h)
1292 2103 1316 2124 te
1328 2100 1383 2132 ipse
1400 2097 1437 2130 (te
1450 2098 1589 2130 super-scr.)
1601 2098 1638 2126 F,·
1657 2101 1681 2122 te
1694 2098 1750 2130 ipso
1763 2097 1792 2122 F
1797 2100 1819 2122 1.

162 2141 179 2174 i)
199 2143 371 2167 exerciturum
391 2141 418 2166 V.
506 2140 531 2173 k)
551 2150 702 2167 asseuerans
723 2141 750 2172 0,
768 2142 794 2173 1⁷,
808 2142 840 2173 F,
853 2142 916 2173 F1;
944 2151 1077 2168 asseueras
1103 2151 1170 2168 corr.
1189 2151 1242 2167 ras.
1260 2151 1290 2167 em
1313 2150 1464 2167 assonerans
1485 2140 1537 2166 01.
1625 2139 1644 2172 1)
1668 2144 1746 2173 atque
1766 2138 1818 2165 01.

164 2185 197 2217 m)
216 2185 315 2210 iuniore
334 2185 449 2217 principe
470 2184 521 2209 01.
591 2184 616 2216 u)
634 2185 803 2210 Theodoritus
825 2184 878 2214 01,
893 2185 922 2215 P,
936 2185 989 2215 ΡΙ,
1076 2184 1099 2216 o)
1118 2185 1252 2210 Soehrates
1271 2185 1301 2210 P.
1372 2183 1397 2216 Ρ)
1416 2186 1553 2209 Sozomeus
1574 2184 1623 2208 01.
1711 2182 1734 2215 q)
1752 2191 1819 2208 corr.

163 2236 194 2252 ea:
213 2228 375 2260 subsequens
394 2227 429 2252 al.
442 2235 473 2252 m.
490 2227 520 2257 0,
539 2228 606 2259 forte
624 2227 682 2252 ead.
697 2236 730 2251 m.
748 2227 781 2257 V,·
799 2228 960 2259 subsequens
981 2228 1031 2257 01,
1044 2227 1082 2255 F,·
1108 2228 1248 2260 subseques
1267 2227 1296 2252 F
1303 2231 1323 2253 1.
1407 2227 1428 2259 r)
1447 2235 1460 2252 e
1481 2227 1542 2252 add.
1556 2226 1585 2251 F
1591 2230 1611 2251 1.
1701 2226 1721 2257 s)
1740 2234 1820 2258 quen-

162 2271 222 2295 dam
235 2269 294 2295 ΕΙ.
366 2268 386 2302 ῑ)
404 2271 590 2302 cronographia
604 2270 658 2299 01;
677 2271 866 2303 gronographia
878 2270 908 2302 P,
922 2270 975 2296 Pl.
1046 2270 1072 2302 u)
1091 2271 1211 2303 carpendi
1228 2271 1292 2295 coni.
1306 2270 1414 2295 Beki-er.
1486 2268 1510 2301 V)
1530 2270 1713 2294 Dionlitianum
1729 2268 1756 2299 0,
1770 2269 1819 2299 01,

147 2334 149 2336 .
165 2312 194 2343 F,
210 2312 265 2337 ΕΙ.
355 2312 385 2343 w)
398 2313 484 2337 Leone
497 2312 526 2337 P.
615 2312 640 2344 ¹)
659 2313 810 2338 Michaelem
832 2313 882 2345 01,
895 2313 948 2338 P1.
1036 2312 1061 2345 ἵ)
1080 2314 1191 2346 Ignathii
1211 2313 1259 2339 01.
1331 2313 1352 2344 z)
1372 2322 1420 2337 orn.
1438 2312 1467 2343 V,
1481 2312 1513 2344 F,
1528 2312 1582 2337 F1.
1664 2311 1686 2344 ἢ)
1704 2320 1820 2337 summae

162 2359 186 2379 et
208 2353 264 2383 CL*
282 2354 373 2384 orn-F,
388 2354 443 2380 ΓΙ.

268 2462 293 2494 1)
314 2461 368 2494 Qui
386 2461 577 2495 Hymmonides
594 2462 752 2496 vocabatur,·
771 2463 807 2495 cf.
820 2462 850 2489 de
870 2471 899 2490 eo
919 2463 1056 2490 Manitias
1071 2463 1238 2490 ‘Geseliicltte
1256 2463 1302 2489 der
1319 2463 1366 2488 lat.
1382 2462 1522 2488 Literatar
1539 2461 1583 2487 des
1596 2461 1673 2488 MA?
1688 2461 1709 2487 I
1722 2461 1816 2494 (1911),

164 2508 275 2538 689sqq.
396 2504 424 2536 2)
446 2504 519 2538 Quae
536 2505 649 2531 historia
673 2513 730 2532 non
748 2506 851 2539 scripta
875 2509 926 2538 est;
950 2509 1022 2533 extat
1046 2506 1208 2533 solummodo
1226 2506 1289 2533 Vita
1309 2505 1432 2539 Greqorii
1450 2505 1558 2538 Mayni,
1584 2512 1664 2537 qaam
1682 2504 1817 2531 Iohannes

162 2548 294 2574 diaconus
311 2546 433 2574 Ioltarme
448 2547 526 2574 VIII.
542 2555 619 2581 papa
637 2548 742 2575 iubente
759 2549 913 2582 composuit,
933 2549 972 2575 ed.
986 2549 1082 2583 Miqne
1094 2549 1170 2576 Patr.
1183 2549 1231 2576 lat.
1243 2548 1367 2581 LXXV,
1376 2551 1416 2574 60.
1522 2547 1548 2580 3)
1567 2547 1731 2580 Imperatore
1750 2547 1817 2573 Con-

161 2590 405 2623 stantinopolitano
425 2593 570 2618 408—450.
641 2592 668 2624 4)
692 2591 821 2618 Eusebius
838 2592 980 2626 episeopus
993 2592 1176 2619 Caesariensis
1193 2600 1233 2619 ea.
1247 2594 1394 2622 314—340.
1413 2590 1490 2617 cuias
1508 2590 1672 2616 celeberrima
1690 2590 1817 2616 Historia

163 2633 343 2660 ecelesiastica
368 2641 449 2666 usqae
475 2633 512 2659 ad
537 2642 562 2660 a.
581 2637 630 2660 324
654 2634 789 2667 perducta
815 2637 860 2667 est,
887 2643 915 2661 se
938 2635 1076 2668 Pamphili
1098 2635 1185 2668 filiam
1209 2634 1376 2668 spiritualem
1400 2633 1550 2659 nominavit
1567 2632 1708 2667 (Εὐσέβιος
1732 2633 1748 2657 ὁ
1770 2635 1816 2659 τοῦ

161 2675 332 2709 Παμφίλου).
454 2676 480 2709 5)
499 2676 564 2703 Scit.
582 2677 734 2703 Historiam
757 2678 924 2711 tripartitam
942 2687 960 2704 a
981 2678 1140 2705 Cassiodoro
1165 2685 1198 2705 ea:
1222 2678 1328 2711 seriptis
1350 2677 1513 2709 Theodoreti,
1537 2676 1663 2708 Socratis,
1682 2675 1818 2702 Sozomeni

164 2718 266 2745 Latine
293 2726 402 2746 versam.
529 2720 555 2752 6)
585 2719 691 2754 Georyii
717 2721 834 2754 syncelli,
868 2721 946 2747 caius
963 2721 1092 2755 Ἐκλογὴν
1118 2721 1313 2755 χρονογραφίας
1342 2720 1381 2747 ed.
1402 2719 1436 2747 G.
1451 2719 1575 2753 Dindorf
1588 2719 1714 2753 (Bormae
1733 2720 1816 2753 1829).

163 2762 188 2795 7)
213 2761 267 2788 Ed.
286 2760 316 2787 de
341 2761 414 2788 Boor
434 2761 600 2795 Theophanis
626 2763 840 2796 chronoyraphia
859 2763 878 2789 1
891 2764 990 2797 (1883).
1095 2764 1122 2797 8)
1150 2764 1338 2797 Imperatorem
1363 2772 1388 2790 a.
1409 2765 1551 2790 284—305.
1656 2762 1682 2795 9)
1706 2761 1744 2795 V.,
1770 2762 1818 2795 qui

164 2804 311 2831 Armenius
329 2807 445 2837 vocatia,
464 2813 488 2832 a.
501 2807 649 2832 813—820.
755 2805 797 2838 10)
818 2806 839 2833 Ι.
853 2806 1021 2840 ΙῐῙιαηῃαὸεε,
1037 2815 1063 2833 a.
1078 2809 1218 2834 811-813.

1567 2855 1617 2882 53*
