2189 3042
202 394 237 414 Ps.
249 395 291 417 1³2.
303 396 320 413 1.

151 1777 179 1798 cf.
194 1777 255 1798 Rom.
266 1780 286 1801 8,
297 1778 328 1797 32.

199 1828 254 1851 1.10.
266 1831 284 1853 3,
296 1831 326 1850 16.

138 2034 167 2054 cf.
176 2032 329 2058 1.Maec.13,5.

339 201 397 230 μμ,
765 192 941 220 IOHANNIS
961 192 1035 219 v111.
1054 191 1172 218 PAPAE
1196 190 1395 218 EPISTOLAE
1418 190 1476 218 107.
1496 191 1553 218 108.

335 283 500 325 quillitatis
525 282 685 313 omniu1n⁰
708 280 771 311 Dei
799 279 1006 311 ecclesiarum
1036 278 1166 320 negotio
1197 278 1329 319 previob
1352 277 1511 319 venimus,
1541 288 1603 319 quo
1627 288 1683 310 vos
1709 281 1859 320 quattuor
1890 288 1984 320 reges

335 345 431 365 unum
462 334 703 374 legitimumque
728 331 811 362 velle
839 333 1017 362 annuentec
1040 330 1111 361 Deo
1142 329 1364 361 nichilominus
1394 330 1563 369 faciamus,
1594 332 1630 361 ut
1659 330 1825 371 psalmista
1855 331 1983 361 cecinit:

335 385 429 416 ‘Ecce
447 395 543 426 quam
561 383 678 415 bonum
703 385 736 414 et
752 392 848 423 quam
871 381 1044 413 iocundum
1068 384 1117 412 est
1140 381 1287 412 habitare
1311 380 1425 412 fratres
1448 381 1480 412 in
1503 381 1612 412 unum'
1634 384 1667 412 et
1690 381 1823 422 reliqua.
1858 380 1984 413 Dehinc

336 437 495 475 volumus,
526 439 561 466 ut
589 436 632 466 ita
661 434 807 465 conventi
837 437 961 465 nostras
985 432 1229 474 01›pressiones‘¹
1253 432 1364 464 audire
1395 433 1644 474 compatiamini.
1690 432 1908 474 Quapropter,
1939 433 1985 464 fili

334 488 512 527 karissime,
538 487 687 528 quoniam
711 488 743 516 tc
767 485 860 517 valde
884 484 989 516 illuxit
1012 509 1018 515 .
1046 508 1051 515 .
1077 489 1099 515 .⁰

439 550 549 577 DATAf
568 552 612 576 UT
632 549 762 576 SUPRAf.

1058 601 1268 626 EMBOL1M1.

443 654 512 685 Iam
529 654 623 695 quiag
640 656 681 691 te,
707 653 874 684 karissime
891 652 945 692 fili,
971 651 1065 691 vere¹¹
1083 650 1262 682 devotionis
1286 654 1439 692 tanteque
1462 651 1626 682 fidelitatis
1650 661 1728 692 erga
1745 653 1850 691 vestre
1873 651 1984 681 matris

336 706 479 746 Romane
504 705 640 745 ecclesie
665 704 862 745 pontificium
886 713 956 734 esse
974 702 1130 742 videmus,
1155 706 1319 744 tamquam
1342 702 1447 734 uteroi
1468 701 1615 733 natumi*
1633 704 1801 733 monentes
1824 712 1984 742 rogamus,

335 758 517 798 flagitantes
545 756 720 795 hortamur,
750 758 785 786 ut
811 765 869 796 pro
893 765 1002 786 amore
1031 754 1248 795 apostolorum
1276 755 1455 795 principum
1479 753 1589 795 quasik
1614 756 1719 784 vestro
1743 752 1886 794 proprio1
1910 763 1985 784 eon-

335 809 418 840 sulto
443 819 501 839 nec
524 807 786 849 representaliter
810 806 1048 837 Karolomanno
1072 805 1211 847 glorioso
1235 806 1314 847 regi,
1339 811 1474 847 quesom,
1499 805 1648 844 mittatis,
1672 805 1839 835 consilium
1864 804 1985 842 dantes,

336 862 371 890 ut
402 859 569 900 antiquosn
598 858 758 889 honorans
787 858 921 898 amicos,
956 856 1019 888 Dei
1048 857 1181 898 antiqua
1211 856 1318 888 fruens
1349 857 1510 888 karitaten
1539 856 1579 887 ad
1609 856 1791 898 parentium
1821 856 1987 887 consilium

337 910 449 942 redeat
472 914 505 942 et
522 910 562 941 de
580 909 733 951 epistolis,
751 919 829 950 quas
853 908 899 939 illi
917 918 958 939 ex
974 909 1134 940 maritimo
1155 909 1288 940 itinere⁰
1304 909 1483 939 remisimus
1491 908 1514 949 2,
1539 907 1733 949 respondeat
1757 910 1789 938 et
1806 906 1987 938 Romanam

337 962 521 1002 ecclesiam,
553 973 614 1003 que
638 961 729 992 vobis
753 961 931 1002 vestrisque
965 960 1110 991 omnibus
1134 960 1232 991 decus
1261 960 1371 1002 regale
1400 962 1432 991 et
1459 959 1625 1001 imperiale
1655 959 1773 998 intulit,
1803 957 1986 990 venerando

338 1014 461 1054 diligat,
484 1014 613 1045 mittens
637 1012 862 1054 presentaliter
884 1012 961 1053 ipsis
985 1012 1263 1043 anathematizatis
1287 1011 1462 1043 Lamberto
1488 1014 1520 1042 et
1543 1011 1720 1042 Adelberto
1731 1011 1752 1041 ³.

442 1080 535 1104 DATA
557 1080 600 1104 UT
619 1080 735 1104 SUPRA.

1132 1228 1201 1257 108.

447 1293 606 1324 [alumnos
624 1291 721 1324 VIII.
734 1301 823 1332 papa
841 1291 997 1330 Arzsperto
1013 1290 1243 1329 archiepiscopo
1258 1289 1491 1321 Illediolcmensi
1506 1290 1542 1321 (Ze
1560 1290 1670 1321 itinere
1684 1299 1741 1320 suo
1764 1289 1799 1320 in
1815 1289 1988 1320 Franciaw

335 1347 463 1385 peracto
486 1344 632 1381 nuntiam
658 1343 829 1382 praecipit,
859 1345 894 1373 ut
922 1353 986 1373 una
1018 1352 1087 1373 (tum
1116 1341 1332 1381 suffragymwis
1359 1341 1428 1372 suis
1452 1340 1574 1380 Papiae
1601 1340 1662 1372 sibi
1691 1341 1741 1372 die
1763 1342 1793 1372 2.
1810 1339 1990 1372 Decembris

340 1398 494 1429 occurrat.
1623 1393 1687 1423 878
1710 1392 1802 1432 (Nov.
1819 1392 1903 1433 090.st

454 1450 527 1476 Cod:
557 1450 583 1476 R
603 1452 623 1483 f.
639 1453 670 1475 52
690 1457 715 1475 η.
732 1452 783 1474 107.

444 1501 530 1527 Eam:
558 1500 651 1526 Editio
666 1500 789 1526 Romana
804 1500 892 1532 (1591)
912 1499 967 1531 111,
981 1502 1032 1526 389
1050 1503 1140 1526 11127.
1173 1499 1269 1525 Mmzsi
1289 1499 1364 1525 Cone.
1375 1499 1431 1525 coll.
1449 1499 1548 1532 XVII,
1567 1503 1598 1525 96
1617 1508 1644 1526 η.
1656 1502 1707 1526 127.
1740 1499 1833 1533 Miyne
1854 1499 1930 1526 Patr.
1944 1499 1991 1526 lat.

343 1544 478 1577 CXXVI,
498 1547 550 1570 807
568 1551 594 1569 τι.
610 1545 664 1568 168.
684 1557 716 1561 —-
735 1542 808 1574 Jaffe,3
827 1542 891 1575 Ray.
905 1545 970 1569 3204
989 1542 1083 1575 (2417).

396 1626 690 1652 REVERENTISSIMO
714 1626 756 1650 ET
780 1626 1003 1650 SANCTISSIMO
1027 1625 1221 1649 CONFRATRI
1244 1625 1420 1650 ANSPERTO
1439 1625 1646 1649 VENERABILI
1670 1625 1940 1650 ARCHIEPISCOPO

1034 1664 1300 1688 MEDIOLANENSI.

453 1711 613 1747 Quantum
638 1721 695 1751 pro
720 1711 817 1741 totius
840 1713 945 1750 sancte
969 1710 1031 1741 Dei
1056 1710 1191 1750 ecclesie
1214 1712 1300 1741 statu
1323 1713 1355 1741 et
1382 1720 1439 1750 pro
1463 1712 1576 1740 cuncto
1599 1720 1699 1751 grege
1726 1709 1910 1750 Dominico,
1935 1721 1992 1751 pro
2028 1726 2037 1736 τ

345 1774 407 1805 quo
439 1763 640 1803 omnipotens
662 1761 751 1792 Deus
782 1762 910 1803 proprio
940 1761 1005 1792 filio
1035 1772 1090 1792 suo
1118 1772 1181 1792 non
1208 1761 1367 1802 pepercit,
1399 1760 1454 1791 sed
1482 1771 1539 1801 pro
1568 1761 1660 1791 nobis
1688 1761 1834 1792 omnibus
1863 1761 1993 1793 tradidit

342 1815 446 1854 illum,
477 1816 509 1845 et
531 1813 692 1844 Iohannes
715 1812 879 1853 apostolus
903 1813 1075 1844 exhortans
1098 1823 1156 1843 nos
1180 1813 1237 1844 ait:
1267 1812 1437 1848 ‘Quoniam
1460 1812 1515 1843 ille
1544 1823 1600 1853 pro
1624 1812 1716 1843 nobis
1739 1813 1878 1844 animam
1903 1823 1993 1844 suam

343 1867 463 1907 posuit,
498 1868 529 1896 et
563 1875 620 1895 nos
655 1864 809 1895 debemus
842 1875 900 1905 pro
933 1864 1083 1895 fratribus
1114 1864 1252 1895 animam
1283 1863 1424 1904 pouere',
1459 1863 1607 1895 laborare
1637 1874 1674 1895 ac
1702 1864 1835 1905 vigilare
1865 1874 1994 1905 semper

344 1916 508 1954 debemus,
532 1916 673 1946 omnium
696 1918 835 1947 vestrum
859 1915 930 1946 luce
955 1915 1087 1946 clarius³
1103 1916 1209 1946 novitb
1230 1916 1283 1956 pia
1306 1916 1497 1946 fraternitas
1537 1914 1750 1956 Quapropter,
1775 1919 1926 1956 quantum
1952 1926 1993 1947 ex

344 1967 450 1999 divina
468 1968 571 2008 gratia
587 1967 619 1998 in
634 1967 726 1998 nobis
743 1967 802 1998 fuit
818 1970 850 1998 et
867 1970 925 2007 est,
949 1977 989 1997 ex
1006 1978 1068 2008 quo
1085 1977 1142 1997 nos
1163 1976 1300 2007 superna
1317 1966 1479 1997 miseratio
1497 1976 1552 2006 sue
1570 1966 1704 2007 ecclesie
1720 1967 1864 2007 prefecit,
1889 1968 1993 2008 anime

346 2022 452 2060 nostre
481 2030 654 2061 numquam
678 2019 895 2059 pepercimuS,
924 2028 1095 2058 numqua-m
1120 2017 1199 2048 dura
1226 2018 1370 2058 pericula
1394 2017 1636 2054 declinavimus;
1661 2017 1719 2048 sed
1743 2017 1794 2049 die
1822 2023 1993 2060 noctuque,

346 2074 415 2111 estu
447 2074 478 2102 et
505 2071 579 2111 gelu
611 2071 729 2110 exusti,
760 2080 799 2100 ne
824 2069 900 2111 quid
931 2072 1060 2110 captum
1090 2080 1108 2100 a
1132 2069 1235 2100 bestia
1262 2072 1318 2099 aut
1341 2069 1550 2100 dilaceratum
1574 2068 1713 2100 Domino
1742 2069 1993 2109 ostenderemus,

345 2123 484 2153 marinos
508 2123 621 2153 fluctus
644 2121 833 2162 pertulimus
862 2131 919 2161 pro
944 2121 1084 2151 omnium
1109 2123 1247 2151 vestrum
1272 2120 1481 2151 liberationec
1504 2123 1601 2161 atque
1625 2121 1741 2157 salute;
1769 2121 1801 2151 in
1824 2121 1994 2152 Franciam

346 2183 474 2215 quoque
491 2174 656 2204 venientes
680 2176 711 2203 et
735 2182 847 2213 regum
870 2171 952 2202 filios
977 2172 1092 2212 partim
1110 2171 1181 2202 viva
1199 2181 1288 2211 voce,
1312 2172 1429 2212 partim
1454 2172 1597 2212 epistolis
1620 2174 1717 2213 atque
1733 2172 1849 2213 legatis
1865 2172 1994 2204 allocuti

450 2288 475 2321 ’ἢ
493 2288 515 2314 R
535 2288 565 2313 in
584 2295 664 2321 maro.
679 2286 743 2313 add.
758 2295 828 2313 ozan.
843 2287 997 2313 correctoris
1018 2287 1051 2314 R.

450 2357 472 2389 a)
493 2360 530 2382 est
549 2357 610 2381 add.
630 2356 661 2380 Β.
744 2355 770 2388 b)
790 2357 848 2388 pmo
867 2356 899 2381 R.
983 2358 1007 2387 θ)
1028 2361 1122 2381 uuente
1142 2357 1173 2382 11’.
1256 2355 1280 2387 (¹)
1300 2365 1367 2382 corr.
1380 2365 1411 2381 em
1429 2358 1591 2389 oppressione
1609 2358 1644 2382 al.
1657 2366 1726 2382 man.
1746 2358 1777 2383 R.
1864 2357 1887 2389 e)
1906 2358 1996 2383 desum

346 2402 437 2426 ultima
459 2401 537 2426 verba
559 2400 598 2430 R‚·
623 2401 657 2432 cf.
682 2400 740 2425 NA.
761 2400 896 2432 XXXVI,
916 2402 962 2426 125
986 2406 1073 2426 annot.
1093 2403 1115 2426 3.
1222 2400 1242 2432 f)
1266 2401 1301 2426 sic
1324 2401 1362 2429 B:
1386 2401 1419 2433 cf.
1443 2401 1502 2426 NA.
1522 2400 1659 2432 XXXVI,
1678 2403 1730 2426 131.
1835 2401 1860 2432 Β)
1880 2401 1942 2432 quid
1965 2401 1997 2425 B.

347 2443 371 2475 h)
391 2445 437 2474 ur}
457 2444 488 2469 R.
575 2443 592 2475 i)
612 2448 733 2468 utrumua
751 2448 805 2468 tum
824 2443 856 2469 R,
939 2442 964 2475 k)
984 2452 1033 2476 que
1053 2445 1076 2468 si
1095 2444 1125 2469 R.
1209 2443 1228 2475 ¹)
1247 2445 1335 2476 propio
1354 2444 1384 2468 R.
1468 2445 1499 2475 m)
1518 2452 1568 2477 que
1589 2444 1620 2469 R.
1702 2444 1727 2475 n)
1746 2444 1831 2476 antiq;
1850 2444 1901 2469 taffi
1920 2452 1997 2469 orans

347 2487 438 2512 amicto
457 2487 486 2512 de
506 2487 570 2519 itaq;
590 2495 640 2519 quo
662 2487 749 2511 fruens
768 2486 878 2512 karitate
898 2486 928 2512 R.
1019 2486 1043 2518 Ο)
1063 2487 1150 2512 venire
1169 2487 1199 2511 R.

452 2544 509 2571 108.
537 2544 561 2577 a)
579 2554 609 2570 -e
628 2546 706 2570 clari-
724 2545 751 2569 in
770 2553 822 2570 φας.
842 2545 874 2569 R.
963 2544 987 2577 b)
1005 2555 1071 2571 corr.
1083 2555 1114 2571 em
1132 2547 1191 2571 novi
1211 2547 1246 2572 al.
1259 2556 1327 2572 mem.
1348 2547 1379 2573 R.
1468 2548 1489 2579 c)
1504 2548 1619 2580 primum
1642 2547 1650 2572 i
1672 2547 1699 2572 in
1717 2555 1769 2572 ras.
1788 2547 1824 2572 R.

453 2630 477 2661 1)
497 2629 550 2655 Le.
564 2628 780 2660 additamentum,
801 2628 870 2661 quod
886 2636 1026 2661 perperam
1043 2629 1112 2655 sicut
1128 2629 1271 2662 propriam
1290 2630 1425 2663 epistolam
1442 2630 1581 2656 ediderunt
1595 2630 1706 2663 priores.
1794 2630 1820 2664 2)
1841 2630 1904 2657 scil.
1924 2638 1950 2656 π.
1964 2633 1997 2656 89

349 2675 373 2698 et
393 2672 481 2705 priori
499 2672 608 2705 epistola
628 2679 680 2705 per
698 2671 872 2697 Sabbatinum
891 2678 930 2704 ep.
944 2671 1103 2697 Immensem
1123 2672 1223 2704 delata,
1246 2680 1316 2705 quae
1334 2681 1389 2698 mm
1407 2676 1505 2705 arslot,
1531 2673 1563 2704 cf.
1580 2682 1609 2706 p.
1622 2676 1657 2699 86
1675 2676 1767 2699 annot.
1782 2678 1802 2699 1.
1898 2673 1924 2705 3)
1945 2672 1998 2706 Qui

349 2715 547 2741 Karolomamzi
571 2715 646 2740 iussu
668 2722 694 2740 se
717 2714 797 2747 egisse
822 2714 851 2739 in
876 2714 1087 2747 oppressionibus
1108 2723 1199 2748 papae
1223 2716 1400 2748 iactarcrant,
1429 2717 1463 2749 cf.
1486 2726 1513 2750 p.
1534 2720 1564 2742 70
1587 2719 1681 2742 annot.
1701 2721 1730 2748 4,
1756 2724 1783 2749 p.
1802 2720 1834 2743 85
1859 2719 1952 2742 mmet.
1972 2720 1998 2743 4.

349 2759 375 2790 4)
396 2757 478 2784 Heme
496 2757 633 2791 epistolam
651 2756 746 2783 eisdem
765 2757 818 2788 fere
831 2757 922 2782 diebus
940 2765 971 2782 ac
988 2765 1034 2783 vn.
1046 2762 1103 2787 146,
1119 2762 1174 2789 147,
1196 2758 1322 2789 Taurini,
1342 2758 1387 2784 ubi
1399 2758 1442 2784 die
1455 2758 1656 2785 24.Norembris
1673 2758 1814 2785 aaz-encrat
1827 2758 1875 2792 (cf.
1889 2767 1915 2785 π.
1928 2759 1997 2791 147),

349 2801 474 2833 scriptam
494 2808 545 2826 esse
563 2802 628 2827 recte
647 2802 783 2826 senserunt
804 2799 879 2831 Jaffe'
896 2802 920 2825 et
939 2800 1042 2826 Ewald.

2005 765 2031 784 10

2013 1976 2038 1993 30

2016 2296 2040 2315 35

2016 2550 2041 2568 40

2016 2808 2041 2826 45
