2189 3042
141 905 165 923 1⁰

137 1201 162 1219 15

136 1716 159 1735 25

135 1974 159 1993 30

134 2233 157 2252 35

132 2535 159 2553 40

133 2785 157 2803 45

634 193 812 221 IOHANNIS
831 194 906 221 VIII.
925 194 1042 220 PAPAE
1065 194 1261 222 EPISTOLAE
1284 195 1325 222 35.
1344 196 1385 223 36.
1792 203 1830 232 35

184 292 332 316 possumus
348 284 501 319 incognitis
524 285 606 311 rebus
630 285 660 311 in
683 285 847 319 cuiusquam
863 285 952 319 partis
976 286 1161 321 preiudicium
1178 286 1306 319 diffinire,
1330 287 1494 322 priusquam
1518 289 1656 322 universa,
1674 299 1728 326 que
1751 293 1833 325 gesta

184 337 258 367 sunt,
280 336 418 363 veraciter
441 336 595 363 audiamus.
642 332 835 373 Siquidema,
864 335 898 363 ut
926 332 971 363 ait
994 333 1168 373 apostoluS,
1192 332 1369 365 ‘mediator
1391 335 1482 366 unius
1506 337 1588 367 nonb
1613 337 1687 377 cst’⁷
1713 339 1764 379 qui
1789 339 1894 371 sicoal.
1909 353 1970 376 mu,

184 393 279 414 unam
303 386 428 424 partem
452 384 550 424 audit,
574 387 609 415 ut
632 384 724 415 alteri
748 385 831 424 parti
854 383 950 414 nichil
973 387 1124 415 reservet.
1171 385 1328 426 Optamus
1352 389 1385 416 ct
1407 390 1525 418 cetera.

287 444 381 468 DATA
405 446 450 470 111.
474 446 658 470 KALENDAS
681 446 815 475 MARTII,
834 446 1034 470 INDICTIONE
1051 447 1082 471 X.

983 584 1032 614 36.

292 636 450 667 Iohannes
472 635 566 667 VIII.
588 646 679 675 papa
695 636 937 676 archiepiscopis
960 640 987 668 et
1010 638 1160 677 episeopis
1185 639 1217 670 in
1240 650 1331 679 refluo
1350 640 1467 672 Karoli
1490 641 1612 682 (Calvi)
1638 643 1833 684 Imperatoris

183 687 364 717 constitutis
392 687 522 717 mmtiat
556 687 592 717 (Ze
626 688 782 727 anqustiis
816 687 979 719 Romanae
1008 689 1170 727 ecclesiam
1200 694 1308 728 mozmt,
1344 694 1379 721 ut
1407 692 1624 731 imperatorem
1657 697 1833 728 accedentes

182 738 342 769 (caecilium
364 738 609 777 eius-eamdent.
1499 746 1562 776 376
1584 746 1661 777 Nov.
1679 747 1746 788 (?)l

297 801 372 827 eod„-
401 802 428 828 R
445 805 511 836 f218
529 811 555 828 n.
569 805 608 828 36.

288 853 372 879 End:
402 853 499 880 Editio
519 854 644 880 Romana
663 855 745 888 (1591)
766 854 823 887 111,
843 858 890 881 318
908 863 935 880 oi.
950 858 982 881 35
1001 866 1032 876 =
1051 854 1176 880 sirmond
1196 855 1273 881 Cone.
1287 860 1342 882 ant.
1361 857 1466 884 Galliae
1484 859 1540 891 111,
1559 864 1607 886 462
1625 869 1651 887 n.
1666 866 1707 888 22.
1740 864 1836 890 Marnst

186 896 264 923 Cone.
278 897 336 922 coll.
351 897 450 929 XVII,
468 900 502 923 33
520 906 546 922 n.
560 900 598 923 35.
635 898 730 931 Migme
751 897 828 923 Patr.
842 897 888 923 lat.
904 897 1039 929 CXXVI,
1060 901 1105 923 716
1123 906 1150 924 n.
1164 901 1202 924 62.
1222 913 1254 916 —
1274 899 1346 931 Jaffc
1366 900 1430 934 Rey.
1445 905 1510 928 3031
1524 903 1618 936 (2310).

224 983 376 1008 OMNIBUS
399 984 677 1009 ARCHIEPISCOPIS
700 985 744 1008 ET
767 983 936 1008 EPISCOPIS
960 984 994 1008 IN
1018 984 1132 1008 REGNO
1155 985 1386 1010 IMPERATOfflS
1410 987 1538 1012 KAROLI
1561 990 1790 1017 CONSTITUTIS.

288 1034 435 1065 Pristinis
464 1035 563 1065 attriti
597 1035 733 1066 miseriis
763 1037 796 1065 et
825 1034 969 1075 oppressi
1004 1034 1240 1065 calamitatibus
1277 1035 1475 1068 dilectissimi
1508 1039 1564 1070 filii
1594 1042 1693 1072 nostri
1727 1045 1834 1084 magni

180 1086 384 1127 imperatoris
407 1087 529 1125 Karoli,
554 1087 644 1127 quasi
667 1086 707 1117 de
731 1085 896 1127 profundis
920 1085 961 1116 ad
983 1085 1091 1116 Deum
1119 1086 1308 1127 clamantes,
1341 1091 1493 1130 tanquam
1523 1091 1621 1131 ipsius
1644 1093 1774 1125 Domini
1802 1099 1834 1126 et
1848 1104 1875 1124 cf.
1890 1105 1924 1126 rs.
1937 1108 1981 1131 129,
1993 1108 2010 1127 1.

180 1137 356 1169 Salvatoris
379 1139 478 1169 nostri
501 1138 587 1168 anxii
615 1137 866 1178 expectabamus
894 1137 1066 1168 adventum
1096 1141 1140 1177 et,
1173 1141 1208 1168 ut
1238 1139 1283 1169 ita
1311 1139 1462 1181 dixerim,
1494 1142 1562 1173 cius
1594 1144 1744 1176 iteratum
1775 1158 1832 1187 pro

183 1189 286 1220 salute
310 1192 418 1220 nostra
442 1189 651 1221 credebamus
674 1190 840 1220 imminere
865 1189 1063 1219 descensum.
1110 1189 1188 1227 Sed,
1219 1201 1276 1231 pro
1302 1191 1406 1222 dolor!
1438 1196 1485 1223 tot
1513 1204 1550 1225 ac
1575 1196 1670 1226 tantis
1699 1198 1832 1228 circum-

181 1241 294 1271 damur
316 1241 389 1272 hinc
412 1241 486 1272 inde
502 1242 661 1282 periculis,
685 1240 730 1272 ‘ut
745 1240 857 1272 tedeat
879 1251 936 1271 nos
961 1241 1077 1271 etiarna
1093 1241 1221 1273 vivere'.
1260 1242 1344 1274 Ecce
1369 1244 1454 1275 enim
1471 1245 1702 1278 dominicarum
1727 1250 1832 1280 ovium
1848 1259 1979 1282 :neor-m.

180 1292 221 1323 ab
238 1293 407 1333 Agarenis,
431 1293 485 1333 qui
501 1295 573 1323 sunt
595 1293 651 1323 filii
667 1292 894 1331 fornicationis,
918 1302 1042 1323 necnon
1066 1295 1098 1323 et
1121 1293 1162 1323 ab
1179 1293 1237 1332 his,
1256 1295 1309 1334 qui
1333 1295 1400 1326 solo
1418 1300 1490 1327 sunt
1505 1299 1632 1329 nomine
1651 1299 1832 1338 Christiani,
1847 1310 1875 1329 cr.
1890 1310 1945 1330 Osea
1959 1312 2007 1334 24.

181 1344 242 1385 alie
260 1344 369 1386 gladio
387 1345 612 1383 trucidanturb,
636 1345 698 1384 alie
719 1344 805 1375 fame
822 1347 967 1385 pereunt,
989 1345 1051 1385 alie
1068 1355 1144 1375 vero
1161 1346 1193 1375 in
1209 1346 1342 1386 predam
1367 1351 1399 1378 et
1423 1349 1643 1389 captivitatem
1661 1351 1831 1389 ducuntur;

181 1395 238 1426 sed
263 1399 295 1427 et
317 1399 463 1437 pastores
480 1406 599 1435 earum,
624 1395 792 1427 reverendi
815 1397 968 1437 episcopi,
992 1396 1140 1438 profugi⁰
1164 1400 1213 1428 et⁰
1231 1399 1305 1438 vagi
1328 1399 1389 1429 huc
1412 1399 1552 1441 illucque
1576 1402 1723 1442 palantes
1747 1406 1832 1436 omni

137 1458 148 1476 2
180 1448 308 1488 penitus
324 1450 469 1488 egestate
486 1447 662 1478 tabescunt.
701 1447 849 1478 Redacta
866 1451 914 1478 est
937 1451 1023 1478 terra
1046 1449 1077 1478 in
1101 1449 1305 1480 solitudinem
1330 1454 1363 1481 et
1386 1451 1500 1482 ablatis
1524 1452 1563 1483 ab
1580 1453 1635 1484 illa
1651 1453 1832 1486 hominibus
1847 1464 1924 1485 cf.10r.
1936 1467 1967 1490 50,
1979 1468 2009 1487 13.

181 1500 321 1530 ferarum
351 1499 449 1530 saltus
480 1499 595 1530 effecta
624 1502 688 1536 est;
720 1500 880 1537 civitates,
913 1503 1016 1531 castra
1043 1503 1076 1531 et
1102 1501 1175 1540 ville
1206 1500 1356 1542 subverse
1390 1512 1462 1543 nec,
1494 1504 1548 1534 ubi
1577 1515 1686 1536 earum
1717 1506 1834 1539 fuerint

182 1551 315 1591 edificia,
340 1551 486 1586 innuunt;
510 1551 568 1581 sed
591 1554 623 1582 et
638 1551 836 1582 venerabilia
859 1551 931 1582 loca
947 1551 1148 1583 destruentes
1164 1552 1279 1584 altaria
1296 1553 1426 1584 Domini
1443 1555 1649 1595 suffoderunt,
1672 1558 1832 1589 ministros

181 1606 213 1633 et
236 1612 344 1633 servos
369 1603 437 1633 eius
462 1602 655 1634 occiderunt.
694 1602 786 1633 Facti
809 1613 916 1633 sumus
939 1603 1113 1634 secundum
1130 1604 1329 1644 psalmistam
1354 1606 1384 1635 in
1401 1606 1541 1637 derisum
1561 1611 1593 1638 et
1613 1612 1829 1651 contemptum
1845 1622 2011 1647 cf.PS.·13,14.

179 1654 238 1694 his,
255 1655 308 1695 qui
331 1655 363 1685 in
380 1655 513 1685 circuitu
536 1658 644 1686 nostro
669 1658 750 1695 sunt,
775 1654 850 1685 dum
874 1655 920 1686 illi
944 1658 998 1686 aut
1014 1656 1190 1686 vicinorum
1214 1656 1333 1687 auxilio
1352 1659 1515 1698 potiuntur
1530 1662 1585 1690 aut
1608 1660 1721 1692 saltem
1739 1665 1832 1702 pacto

179 1706 353 1737 secimdum
366 1706 547 1747 apostolum
563 1709 690 1748 tempus
707 1706 878 1747 redimunt,
895 1709 1045 1748 quoniam
1063 1708 1131 1739 dies
1147 1709 1223 1739 mali
1240 1712 1320 1739 sunt.
1349 1709 1551 1741 Seminainus
1568 1712 1799 1754 pedetemptim
1807 1715 1830 1752 ¹1,
1847 1723 1874 1743 cf.
1890 1723 1974 1749 Epire„
1986 1727 2015 1746 16.

180 1759 324 1798 quamvis
353 1759 385 1788 in
408 1758 562 1797 lacrimis,
592 1768 651 1789 nec
680 1759 926 1800 recolligimus2,
957 1760 1053 1790 immo
1085 1760 1147 1790 iam
1176 1771 1235 1791 nec
1263 1761 1441 1792 seminandi
1472 1762 1608 1794 facultas
1638 1765 1831 1805 suppeditat.

180 1808 280 1840 Sedet
302 1810 333 1840 in
356 1810 485 1840 tristitia
509 1810 637 1841 domina
660 1810 755 1849 orbis,
780 1813 884 1841 mater
905 1811 1124 1848 ecclesiarum,
1148 1812 1302 1853 magistra
1325 1814 1479 1853 gentium,
1505 1815 1680 1846 consolatio
1703 1817 1830 1848 tristan-

179 1861 297 1892 tiu1n0³
322 1864 354 1892 et
376 1872 439 1892 non
463 1864 512 1893 est
535 1862 588 1902 qui
611 1861 750 1902 adiuvet,
774 1872 836 1892 non
861 1865 909 1893 est
933 1863 986 1903 qui
1010 1863 1191 1893 consoletur
1215 1874 1296 1901 cam,
1321 1864 1379 1894 nisi
1403 1868 1437 1895 tu
1461 1865 1556 1906 solus,
1581 1877 1598 1897 o
1623 1867 1706 1898 bone
1730 1868 1829 1907 Deus,

179 1913 239 1944 etsi
262 1923 324 1944 non
348 1923 382 1944 re
406 1916 538 1954 propter
561 1914 746 1955 iniquitates
769 1917 903 1953 nostras,
928 1914 985 1945 sed
1008 1925 1075 1955 spe,
1099 1925 1159 1955 que
1184 1915 1358 1946 secundum
1378 1917 1558 1956 apostolum
1576 1929 1637 1948 non
1655 1919 1828 1950 confundit.
1844 1928 1871 1948 cf.
1886 1928 2007 1954 Roman.

179 1965 259 2006 Que,
282 1965 397 1996 fratres
420 1965 589 2005 karissimi,
613 1966 729 2006 partim
746 1965 836 1996 vobis
852 1966 1077 2007 significamus,
1102 1966 1189 2007 (nam
1213 1967 1239 1997 si
1262 1977 1320 2008 per
1335 1968 1460 2007 singula
1484 1969 1623 2000 scribere
1641 1973 1831 2011 temptasse-

177 2027 258 2057 mus,
282 2017 406 2048 facilius
429 2017 522 2048 nobis
545 2017 656 2048 charta
680 2027 776 2057 quam
793 2027 897 2047 sermo
916 2017 1090 2059 deficeret),
1115 2021 1158 2058 ut,
1184 2018 1264 2049 sicut
1288 2029 1384 2050 unum
1402 2029 1515 2060 corpus
1540 2032 1646 2051 sumus
1669 2022 1701 2052 in
1725 2024 1830 2063 capite
1845 2030 2018 2056 cf.R0ms12,5.

179 2069 305 2100 Christo
330 2072 362 2100 et
385 2069 467 2100 alter
483 2069 615 2100 alterius
638 2068 793 2108 membra,
817 2069 862 2100 ita
885 2069 1049 2100 nobiscum
1074 2070 1194 2110 pariter
1209 2070 1409 2101 condoleatis
1433 2074 1465 2101 et
1489 2073 1737 2112 compatiamini,
1755 2075 1831 2114 quia

178 2119 215 2151 ‘si
239 2120 315 2162 quid
338 2131 435 2151 unum
459 2121 579 2161 patitur
602 2121 801 2160 membrum‘,
825 2125 861 2153 ut
884 2122 995 2153 doctor
1015 2124 1158 2164 gentium
1182 2124 1236 2164 ait,
1260 2123 1510 2164 ‘compatiuntur
1533 2126 1639 2156 onmia
1663 2126 2000 2161 mcmb1·a³;1.00r.12,22;.

179 2176 211 2204 et
233 2172 270 2203 ‘si
294 2173 515 2213 compatimur,
530 2175 573 2203 ·et
592 2174 890 2215 oorregnabimusf&
936 2173 1154 2206 C‘ondolentes
1178 2177 1285 2206 autem
1309 2175 1401 2206 nobis
1426 2178 1458 2206 et
1482 2177 1715 2217 compatientes
1739 2188 1831 2208 acce-
1846 2188 1926 2208 znrnn.
1937 2190 1956 2213 2,
1966 2190 1998 2210 1-1.

179 2224 261 2254 datis
284 2224 325 2254 ad
350 2223 653 2255 christianissimum
677 2225 777 2256 filium
800 2228 943 2256 nostrum
972 2229 1005 2256 et
1035 2226 1200 2256 consilium
1224 2225 1354 2257 Domini
1384 2226 1425 2257 ab
1454 2237 1492 2257 eo
1522 2237 1584 2257 non
1616 2227 1829 2269 abscondatis,

178 2279 388 2317 suggerentes
411 2278 444 2307 et
467 2275 686 2316 exhortantes,
710 2280 745 2307 ut
766 2277 956 2318 perpendat,
981 2277 1050 2318 quis
1075 2280 1107 2308 et
1125 2288 1220 2319 quam
1244 2278 1395 2309 terribilis
1419 2279 1460 2309 sit
1483 2278 1547 2319 ille,
1572 2280 1625 2320 qui
1648 2279 1731 2310 hunc
1755 2284 1829 2311 ante

178 2328 285 2368 secula
312 2327 385 2358 huic
410 2327 609 2368 prefuturum
631 2329 756 2369 regioni
778 2328 1060 2369 predestinaverit,
1094 2332 1126 2360 et
1153 2340 1249 2370 quam
1274 2329 1415 2361 districte
1445 2330 1485 2360 ab
1511 2340 1549 2360 eo
1581 2334 1750 2361 exacturus
1780 2333 1828 2368 sit,

178 2379 264 2420 quod
288 2380 476 2419 commisitss,
501 2380 554 2420 qui
578 2380 700 2410 scilicet
723 2383 788 2410 tam
804 2380 936 2421 pretiosi
960 2381 1121 2421 sanguinis
1145 2380 1278 2421 fusione,
1303 2380 1389 2422 quod
1413 2381 1559 2421 credidit,
1584 2383 1669 2413 emit.
1714 2382 1828 2413 Memi-

177 2431 259 2461 nerit
279 2431 386 2470 etiam,
405 2431 479 2472 quia
502 2434 534 2462 et
549 2441 607 2461 nos
623 2431 712 2462 illum
736 2442 792 2472 pre
809 2433 924 2462 ceteris
941 2432 1127 2473 propinquis
1143 2435 1176 2463 et
1200 2433 1313 2472 emulis
1336 2433 1404 2463 cius
1422 2434 1598 2464 amavimus
1607 2434 1628 2473 4,
1654 2434 1830 2474 elegimush

281 2526 303 2558 a)
322 2527 347 2551 Si
366 2527 434 2551 enim
452 2526 484 2551 R.
572 2525 596 2559 b)
616 2535 662 2552 no·
681 2528 708 2551 in
726 2536 779 2552 ras.
798 2527 830 2552 R.

281 2576 322 2602 36.
349 2577 373 2609 a)
392 2578 467 2602 -tiam
485 2578 513 2602 in
530 2586 583 2603 ras.
596 2578 628 2604 R.
718 2578 741 2610 b)
761 2579 868 2603 -dantur
886 2579 913 2603 *in
931 2588 983 2603 ras.
997 2579 1029 2603 R.
1124 2579 1145 2610 c)
1166 2579 1313 2611 profugient
1329 2579 1360 2603 B.
1451 2577 1475 2609 d)
1495 2579 1556 2603 -tim
1576 2588 1642 2604 corr.
1656 2588 1686 2604 ea:
1705 2582 1774 2603 -tuin
1794 2578 1824 2602 R.

178 2619 201 2652 e)
219 2621 350 2646 tristitium
363 2621 395 2646 R.
465 2620 484 2653 f)
504 2622 520 2645 b
539 2629 606 2646 corr.
625 2630 655 2646 ex
674 2631 690 2646 u
708 2621 741 2647 R.
829 2620 854 2654 8)
873 2626 883 2646 t
905 2622 932 2646 in
950 2630 1002 2647 ras.
1022 2622 1053 2647 R.
1141 2621 1167 2653 h)
1185 2623 1316 2653 eligimus,
1335 2622 1384 2645 -li-
1403 2622 1430 2646 in
1449 2630 1501 2646 νιιδ.
1519 2621 1550 2645 R.

284 2689 308 2721 1)
326 2688 357 2714 Ε
371 2688 499 2721 pluribus
521 2697 581 2714 cnm
598 2691 722 2715 contemtu
744 2689 866 2722 epistolae
887 2698 914 2716 11.
930 2693 962 2715 22
980 2689 1161 2715 consonantiis
1184 2689 1230 2721 (cf.
1250 2691 1384 2721 sequentes
1403 2688 1602 2722 (annotationes)
1622 2688 1761 2713 verosimile
1784 2688 1822 2719 fit,

176 2730 246 2756 lianc
264 2731 400 2763 epistolam
418 2731 505 2757 eodem
526 2732 579 2763 fere
597 2734 710 2765 tempore
738 2740 771 2758 ac
797 2733 871 2757 'illam
889 2733 1018 2765 seriptmn
1036 2740 1090 2757 esse
1108 2732 1143 2763 cf.
1160 2731 1223 2758 NA.
1238 2731 1389 2763 XXXVI,
1409 2734 1462 2756 139.
1561 2731 1588 2763 2)
1609 2731 1681 2756 Idem
1703 2731 1733 2755 ¹th
1751 2738 1777 2756 n.
1792 2734 1823 2756 22

177 2774 215 2807 (p.
226 2777 258 2801 20
270 2774 286 2800 l.
297 2778 325 2800 15
333 2775 381 2807 sq.)
394 2775 512 2800 occurrit
528 2775 622 2800 modus
640 2775 755 2807 dicendi,
773 2775 844 2801 mule
860 2783 945 2800 unum
962 2775 1122 2807 eandemque
1141 2775 1168 2799 in
1181 2777 1296 2806 utraque
1308 2773 1417 2805 epistola
1431 2773 1583 2799 dictatorem
1597 2772 1821 2805 (leprosiambivius.

178 2817 203 2849 3)
224 2817 316 2843 Etiam
334 2817 398 2843 haec
416 2816 502 2843 codem
520 2819 606 2843 tenore
624 2818 653 2843 'in
673 2826 697 2843 n.
712 2821 745 2843 22
762 2819 799 2850 (Ρ,
816 2821 848 2844 20
866 2818 882 2843 Ζ.
898 2822 928 2843 12
938 2818 985 2850 sq.)
1004 2819 1153 2844 occurrant.
1241 2817 1268 2849 »1)
1290 2816 1330 2849 Cf.
1349 2824 1376 2841 η.
1392 2819 1432 2847 32,
1448 2823 1475 2848 p.
1491 2820 1520 2841 :1'1
1539 2818 1630 2841 ιιιωιυι.
1645 2819 1669 2841 3.

1586 2866 1617 2891 5³⁵³
