2189 3042
247 153 309 181 270
677 145 854 172 IOHANNIS
873 145 947 171 VIII.
967 144 1085 171 PAPAE
1108 144 1307 172 EPISTOLAE
1329 146 1388 173 311.
1407 145 1464 172 312.

434 240 728 265 REVERENTISSIMO
747 240 790 264 ET
809 239 1032 264 SANCTISSIMO
1051 239 1195 265 ROMANO
1213 240 1483 266 ARGHIEPISCOPO
1501 241 1708 266 RAVENNATI.

355 291 437 326 Quia
460 301 523 322 non
546 291 648 321 solum
673 294 818 331 tempore
842 290 1051 321 ordinationis
1074 292 1127 331 tue
1152 293 1184 322 te
1208 291 1354 332 scriptisl
1379 294 1411 322 et
1433 291 1540 322 verbis
1568 291 1743 322 secundum
1772 301 1896 322 morem

247 346 280 373 et
303 343 489 373 canonicam
519 342 733 379 sanctionem,
765 341 822 372 sed
852 341 1058 382 postmodum
1087 342 1275 382 sepissime2
1304 352 1490 374 ammonere
1521 343 1716 383 curavimus,
1748 342 1896 383 quatinus

246 403 317 424 cum
342 392 414 423 filiis
438 396 470 424 et
492 393 645 424 membris
669 396 778 433 sancte
803 396 856 433 tue
881 393 1016 431 ecclesie,
1041 392 1214 434 tranquilla
1244 403 1372 435 semper
1401 397 1508 425 mente
1538 397 1570 425 et
1598 394 1696 425 alacri
1724 394 1896 425 affectione

246 454 306 475 ceu
321 444 456 475 idoneus
472 447 582 485 pastor
598 445 764 485 existeres,
789 444 884 475 valde
901 445 1054 475 miramur
1071 443 1277 476 dilectionem
1293 448 1381 476 tuam
1398 446 1520 476 monita
1535 448 1644 477 nostra
1661 445 1896 476 contemnendo

247 496 293 526 eis
316 495 538 536 preiudicium,
563 496 643 527 sicut
667 495 861 535 audivimus,
893 495 1159 540 etinportabiles
1183 497 1359 537 gravitates
1391 497 1509 528 inferre
1540 497 1670 528 minime
1700 501 1895 528 recusasse’¹.

244 546 339 578 Unde
363 547 479 578 iterum
503 548 645 588 presenti
669 547 867 588 apostolatus
891 548 990 578 nostri
1015 549 1134 578 statuto
1158 547 1306 578 iubemus
1323 548 1515 580 fraternitati
1531 551 1594 589 tue,
1619 552 1654 580 ut
1670 548 1744 579 huic
1760 547 1897 579 Iohanni

245 598 422 629 venerabili
451 598 586 629 diacono
616 598 832 629 commendito
857 602 976 638 nostro,
1006 600 1058 639 qui
1088 598 1129 629 ad
1157 602 1300 630 nostram
1323 600 1534 640 apostolicam
1558 600 1667 632 sedem
1698 599 1895 641 confugiens,

245 649 455 690 prciudicium
474 660 492 681 a
511 654 540 681 te
558 650 617 680 sibi
635 649 758 681 illatum
775 649 858 681 ferre
875 660 938 681 non
955 650 1064 681 valens
1081 654 1190 681 nostro
1207 661 1242 682 se
1258 651 1351 692 petiit
1367 652 1566 692 apostolicob
1584 651 1723 692 presidio
1740 650 1896 691 adiuvari,

246 704 279 731 et
302 700 375 732 ideo
398 712 456 732 nos
479 701 573 732 solita
597 701 818 732 misericordia
840 702 920 732 moti
943 701 1121 743 apostolica
1144 701 1202 733 tibi
1226 701 1445 744 benignitate⁰
1469 703 1676 743 mandamus,
1704 705 1740 733 ut
1768 712 1840 733 eum
1865 703 1897 733 in

245 753 368 793 gremio
392 756 500 792 sancte
525 756 577 793 tue
603 753 738 793 ecclesie
762 753 900 794 benigne
924 754 1061 794 recipias
1083 756 1115 784 et
1130 754 1326 785 monasteria
1343 764 1399 785 seu
1417 757 1449 785 et
1465 754 1546 795 resd,
1564 759 1661 796 quase
1677 753 1723 785 illi
1739 754 1785 786 tui
1801 764 1896 785 occu-

245 808 402 844 paverunt
425 805 559 836 ministri
569 806 590 844 ³,
613 805 725 836 libenti
750 805 856 835 animo
873 815 931 846 pro
956 815 1065 836 amore
1086 808 1194 836 nostro
1211 805 1437 846 presentaliter
1460 805 1578 836 reddas
1602 808 1644 845 et,
1669 816 1731 847 que
1756 805 1796 836 de
1819 805 1897 846 ipsis

244 855 341 887 rebus
364 867 383 886 a
406 857 468 886 tuis
492 856 601 887 ablata
625 860 711 896 sunt,
739 855 843 887 modis
868 856 1013 887 omnibus
1036 857 1201 896 restituas,
1225 857 1271 888 ita
1295 867 1370 888 sane
1399 860 1434 888 ut
1464 858 1494 888 ei
1522 856 1674 898 deinceps
1703 856 1744 888 ad
1772 859 1897 887 nostras

245 907 437 947 apostolicas
461 918 555 939 aures
579 919 642 939 non
665 908 706 939 sit
728 908 945 938 necessarium
969 908 1156 939 reclamare.
1193 907 1296 939 Simili
1319 909 1417 939 etiam
1441 908 1538 939 modo
1563 908 1621 939 tibi
1638 908 1839 949 mandamus,
1862 911 1898 939 ut

249 958 380 989 Iohanni
405 959 582 990 venerabili
606 959 741 990 diacono
765 962 797 990 et
820 959 991 990 cartulario
1016 959 1151 999 ecclesie
1176 962 1229 1000 tue
1253 961 1484 991 monasterium
1508 960 1609 991 sancti
1624 959 1786 1000 Martini4,
1810 959 1897 1001 quod

245 1010 280 1040 af
302 1013 333 1041 te
358 1010 477 1041 dudum
501 1011 679 1052 promeruit
703 1011 863 1052 optinere,
895 1010 934 1041 de
958 1012 1101 1052 presenti
1125 1011 1262 1043 reddere
1287 1011 1432 1052 studeas,
1461 1022 1519 1042 nos
1543 1012 1627 1043 enim
1652 1011 1713 1042 hoc
1736 1012 1898 1052 patienter

245 1061 287 1092 ad
311 1065 342 1093 te
358 1062 579 1103 peragendum
596 1062 774 1103 apostolica
790 1061 988 1103 benignitate
1007 1062 1192 1093 direximus.
1228 1063 1360 1103 Verum,
1386 1063 1472 1104 quod
1488 1073 1551 1094 non
1568 1063 1737 1103 credimus,
1762 1064 1788 1094 si
1804 1063 1898 1094 aliter

246 1114 429 1144 fraternitas
449 1116 504 1144 tua
524 1114 698 1155 peregerit,
723 1113 755 1144 hi
784 1114 882 1144 nostri
910 1113 1030 1155 legati⁵
1053 1117 1162 1145 nostra
1186 1114 1364 1155 apostolica
1388 1114 1459 1145 fulti
1482 1115 1674 1146 auctoritate
1702 1115 1762 1146 hoc
1786 1114 1898 1156 procul

248 1165 344 1195 (lubio
369 1165 501 1206 explere
525 1165 709 1206 studebunt,
734 1166 885 1207 quoniam
909 1166 1026 1196 iustum
1052 1166 1120 1197 fore
1144 1165 1359 1207 decernimus,
1391 1176 1447 1197 eos
1470 1169 1543 1207 post
1565 1166 1663 1207 longa
1687 1165 1842 1207 obsequia
1865 1169 1897 1197 et

247 1215 395 1247 diuturna
430 1217 573 1257 servitia,
610 1228 671 1258 que
707 1218 738 1247 in
773 1220 882 1248 sancta
910 1216 1099 1249 Ravennate
1131 1217 1268 1249 ecclesia
1303 1221 1513 1259 peregerunt,
1549 1228 1612 1249 non
1647 1218 1771 1249 solumg
1799 1218 1896 1259 digna

246 1269 505 1300 remuneratione
529 1268 613 1300 nonh
637 1269 769 1310 privari,
800 1269 857 1300 sed
882 1269 988 1310 potius
1018 1269 1185 1310 adquisitis
1213 1269 1378 1301 beneficiis
1406 1269 1556 1300 alacriter
1585 1269 1748 1310 gratulari.
1794 1268 1837 1300 Et
1864 1270 1897 1300 in

246 1319 307 1350 hoc
330 1320 375 1350 ita
391 1322 527 1361 peragat
544 1320 728 1351 fraternitas
744 1323 808 1360 tua,
833 1323 876 1361 ut,
895 1320 969 1361 quei
986 1331 1004 1352 a
1020 1320 1113 1352 nobis
1129 1330 1186 1362 pro
1205 1321 1339 1362 ecclesie
1358 1324 1410 1361 tue
1428 1321 1567 1352 utilitate
1584 1321 1726 1362 petieris,
1748 1321 1896 1362 assequik

247 1371 437 1401 omnimodis
460 1372 577 1402 valeas.

350 1424 443 1447 DATA
463 1424 634 1449 KALENDIS
657 1423 890 1455 SEI’TEMBRIS⁶‚
910 1424 1110 1448 INDICTIONE
1128 1425 1183 1449 XV.

1035 1545 1107 1574 312.

356 1592 514 1623 Iohannes
533 1592 628 1624 VIII.
650 1603 737 1632 papa
753 1593 832 1624 clero
848 1593 1030 1624 Ravennati
1051 1594 1165 1624 iterum
1181 1594 1350 1632 praecipit,
1372 1596 1409 1624 nt
1424 1593 1650 1625 Maimbertum
1665 1594 1895 1626 Bononiensem

246 1641 392 1674 clericam
415 1643 607 1675 incessanter
629 1654 678 1675 eos
701 1645 830 1675 iniuriis
852 1644 1042 1684 affliqentcm
1064 1648 1122 1676 ant
1139 1644 1272 1676 Romam
1295 1645 1424 1676 mittant
1446 1647 1504 1675 aut
1527 1645 1779 1684 comprehensum
1801 1647 1895 1678 misso

246 1704 303 1724 sno
326 1696 355 1725 et
378 1694 518 1726 Iohanni
541 1696 614 1726 (luci
637 1695 771 1727 Romam
794 1696 1009 1727 deducendam
1032 1697 1230 1728 contradant.
1572 1698 1636 1727 882
1658 1697 1739 1736 Any.
1755 1697 1807 1727 28.

362 1748 436 1775 eod„-
465 1749 492 1775 R
524 1770 530 1776 .
558 1753 573 1775 2
597 1751 603 1763 ¹
644 1771 648 1776 .
715 1771 721 1777 .

350 1791 436 1818 Echi:
465 1752 558 1818 Edita}
572 1754 797 1827 Ξῖοιῖἶιωῗῗβὸω)
811 1794 869 1825 ΙΙΙ,
883 1797 930 1820 510
947 1802 974 1820 n.
985 1797 1039 1820 301.
1069 1794 1164 1819 Mansa
1184 1792 1261 1819 Cone.
1277 1794 1334 1819 coll.
1351 1793 1448 1826 XVII,
1460 1797 1510 1820 220
1528 1802 1556 1820 n.
1566 1797 1620 1821 301.
1652 1794 1749 1829 Miqne
1760 1795 1835 1821 Patr.
1848 1796 1894 1822 lat.

249 1834 383 1867 CXXVI,
405 1839 453 1861 955
471 1844 498 1861 n.
512 1838 570 1862 362.
590 1850 622 1854 —
641 1836 718 1867 ιῙιιῄνέ
738 1836 803 1870 Rey.
816 1839 885 1863 3384
905 1836 1004 1869 (2609).
1041 1836 1118 1862 Kehr
1136 1836 1220 1861 Italia
1234 1836 1377 1869 pontificia
1395 1836 1423 1869 V,
1439 1840 1472 1862 92
1489 1845 1515 1863 n.
1529 1840 1570 1863 34.

326 1914 478 1939 OMNIBUS
498 1915 769 1939 VENERABILIBUS
793 1914 1048 1939 SACERDOTIBUS
1071 1914 1134 1938 SEU
1157 1914 1428 1938 SUBDIACONIBUS
1451 1915 1495 1938 ΕΤ
1513 1915 1683 1940 UN1VERSO
1705 1916 1815 1941 CLERO

788 1953 920 1988 SANC'm}
941 1953 1159 1977 RAVENNA'ris
1182 1952 1352 1988 Eccnnsng.

311 1999 432 2031 Audita
456 2009 532 2040 sepe
557 1999 730 2030 afflictione
759 2002 855 2040 atque
883 1999 1014 2029 miseria
1042 2001 1166 2039 vestra,
1200 2008 1296 2039 quam
1326 2008 1384 2039 per
1407 1999 1635 2030 Maimbertum
1659 2000 1897 2032 Bononiensem

247 2051 419 2082 clericuma
443 2051 658 2082 incessanterb
682 2050 837 2091 patimini,
861 2051 924 2080 iam
948 2049 1073 2090 pridem
1096 2053 1239 2081 nostram
1263 2051 1474 2090 apostolicam
1491 2051 1634 2082 misimus
1650 2051 1741 2082 vobis
1757 2053 1896 2083 auctori-

349 2145 407 2177 311.
436 2147 459 2177 θ)
478 2155 545 2172 corr.
559 2155 588 2171 ea:
606 2155 738 2172 recusases
756 2146 788 2171 R.
885 2145 910 2179 b)
930 2155 959 2171 a·
978 2147 1005 2171 in
1024 2155 1076 2172 ras.
1096 2146 1127 2172 B.
1226 2146 1248 2178 c)
1268 2147 1429 2178 uenignitate
1448 2146 1479 2171 R.
1578 2145 1602 2178 d)
1621 2150 1647 2171 et
1664 2155 1709 2172 seu
1727 2146 1730 2178 Ι
1746 2156 1817 2178 ures,
1837 2156 1896 2173 ures

247 2189 272 2213 in
291 2198 343 2213 ras.
364 2188 395 2213 R.
484 2189 505 2220 e)
524 2190 596 2221 quasi
615 2189 647 2214 R.
736 2188 754 2221 s)
773 2189 799 2213 in
818 2198 871 2214 ras.
890 2190 925 2214 al.
939 2198 1008 2215 man.
1028 2190 1058 2214 R.
1149 2189 1173 2221 8)
1191 2189 1252 2214 add.
1273 2198 1354 2221 snpra
1373 2189 1468 2214 lineam
1487 2190 1522 2214 al.
1535 2197 1604 2214 man.
1623 2189 1656 2214 R.
1743 2189 1769 2221 h)
1788 2190 1850 2215 add.
1869 2191 1896 2215 in

246 2240 328 2264 marss.
342 2233 377 2256 al.
390 2240 459 2256 man.
479 2232 511 2256 R.
599 2231 617 2263 i)
636 2241 703 2257 corr.
717 2241 747 2258 esa:
766 2241 789 2264 q;
809 2233 843 2257 al.
857 2241 927 2258 man.
946 2232 978 2257 R.
1066 2231 1091 2264 k)
1110 2241 1177 2258 corr.
1191 2240 1221 2257 ex
1240 2233 1347 2264 adsequi
1365 2231 1398 2257 R.

349 2274 408 2299 312.
435 2273 458 2306 η)
477 2273 542 2299 clrm
561 2274 593 2299 R.
681 2274 704 2306 b)
724 2276 885 2300 incensanter
904 2275 936 2301 B.

351 2329 375 2361 1)
398 2328 438 2360 Cf.
451 2337 478 2355 n.
490 2331 543 2354 131.
614 2329 641 2360 2)
664 2328 705 2360 C'f'.
718 2337 766 2355 nn.
779 2332 834 2361 161,
852 2332 906 2362 162,
926 2333 983 2362 226,
1001 2333 1058 2362 235,
1077 2333 1132 2361 261,
1151 2333 1209 2361 280,
1227 2333 1284 2362 281,
1304 2333 1360 2362 282,
1380 2332 1439 2361 283,
1457 2332 1513 2362 285,
1532 2332 1588 2362 286,
1610 2332 1666 2355 296.
1737 2329 1763 2362 3)
1777 2329 1896 2356 Nomina

248 2371 278 2396 in
296 2371 413 2404 minata,
432 2379 513 2404 qnam
531 2371 668 2405 descripsit
685 2372 848 2405 registrator,
869 2372 989 2398 nondum
1004 2373 1094 2406 posita
1112 2375 1199 2405 erant,
1220 2374 1255 2406 ef.
1274 2372 1337 2398 NA.
1357 2372 1507 2404 XXXVI,
1526 2375 1582 2398 116.
1686 2372 1713 2405 4)
1731 2372 1896 2398 Monialium

247 2413 303 2439 ord.
317 2422 337 2439 s.
351 2413 493 2440 Benedicti
508 2421 593 2446 prope
611 2414 743 2440 ecelesimn
761 2414 886 2440 maiorem
903 2415 990 2446 situin,
1010 2415 1081 2448 qnod
1098 2415 1128 2440 in
1147 2415 1308 2441 documentis
1326 2414 1388 2440 inde
1405 2423 1424 2440 a
1442 2422 1508 2441 saec.
1520 2414 1551 2440 X
1567 2415 1684 2441 occurrit
1697 2415 1744 2449 (ef.
1760 2414 1898 2441 Fantazzi

248 2456 324 2482 Mon.
339 2456 461 2483 Ravenn.
480 2457 503 2489 Ι,
522 2460 566 2482 121
586 2465 612 2483 n.
627 2461 666 2489 19,
686 2460 734 2483 126
750 2465 778 2484 n.
791 2460 821 2483 21
833 2458 897 2491 eta).
985 2458 1012 2491 5)
1032 2458 1068 2483 In
1085 2458 1252 2491 sequentibus
1269 2457 1387 2490 epistolis
1404 2458 1489 2483 unias
1501 2459 1604 2483 tantum
1616 2457 1696 2490 missi,
1714 2459 1790 2484 cuins
1801 2465 1897 2484 nomen

247 2507 327 2532 aeque
346 2501 454 2532 tacetur,
477 2500 574 2525 mentio
591 2500 621 2532 fit
640 2499 685 2533 (cf.
704 2508 731 2526 n.
746 2503 801 2532 312,
819 2508 849 2533 p.
863 2504 909 2526 271
928 2501 943 2526 l.
957 2504 978 2533 9,
999 2509 1025 2526 n.
1040 2504 1097 2533 313,
1118 2509 1145 2533 p.
1159 2504 1206 2526 271
1225 2501 1240 2526 l.
1253 2503 1293 2527 32.
1306 2504 1347 2533 34,
1371 2509 1399 2527 n.
1412 2503 1467 2533 314,
1483 2508 1511 2533 p.
1526 2503 1573 2526 272
1592 2500 1608 2526 l.
1623 2500 1731 2534 15.19),·
1757 2508 1816 2526 nna
1837 2509 1896 2527 cnm

248 2542 337 2574 leyatis
351 2542 483 2568 Iohannes
496 2541 636 2574 diaconus,
656 2542 703 2575 qni
716 2542 869 2568 Romanam
887 2542 967 2568 sedem
981 2544 1168 2577 appellaverat,
1187 2543 1345 2569 Ravennam
1363 2543 1442 2569 rediit
1462 2543 1508 2577 (cf.
1527 2551 1610 2576 snpra
1629 2543 1644 2569 l.
1661 2547 1681 2575 7,
1698 2551 1725 2569 n.
1736 2546 1792 2576 314,
1808 2551 1836 2577 p.
1848 2547 1896 2570 272

249 2584 264 2610 l.
278 2585 336 2618 24);
362 2584 508 2611 Ravennae
526 2584 661 2611 Iohannes
682 2585 793 2618 qnidam
818 2585 876 2611 dnm
900 2586 1056 2612 morabatur
1078 2585 1125 2619 (ef.
1144 2594 1172 2613 n.
1186 2589 1245 2618 314,
1260 2594 1288 2619 p.
1302 2589 1350 2612 272
1367 2586 1383 2612 l.
1399 2586 1449 2619 19),
1475 2594 1532 2612 non
1550 2585 1652 2619 qni'dem
1674 2585 1733 2612 dnm
1751 2585 1896 2612 Ravennas

247 2627 328 2653 huius
352 2627 481 2659 nominis,
505 2628 548 2653 cni
570 2627 699 2661 dirigitur
723 2628 832 2661 epistola
854 2636 881 2654 n.
895 2630 942 2654 313
964 2628 1039 2661 (nam
1062 2629 1097 2660 cf.
1116 2628 1178 2656 ibid.
1199 2637 1229 2662 p.
1245 2631 1291 2655 271
1310 2629 1325 2655 l.
1339 2628 1398 2662 34),
1424 2629 1469 2655 secl
1493 2628 1562 2655 idem
1584 2628 1667 2660 forte,
1694 2629 1741 2661 qui
1765 2629 1843 2655 etiam
1866 2629 1896 2654 in

248 2670 380 2703 Stephani
399 2670 424 2696 V
443 2669 558 2703 quodam
580 2670 708 2702 rescripto
731 2670 785 2696 JE.
798 2673 866 2697 3410
888 2671 1002 2697 occurrit
1027 2671 1074 2704 (cf.
1094 2671 1170 2698 Kehr
1188 2672 1204 2698 Z.
1218 2671 1234 2698 l.
1254 2679 1283 2704 p.
1298 2675 1329 2697 92
1350 2679 1377 2698 n.
1390 2674 1422 2698 36
1440 2671 1558 2704 annot),
1584 2672 1630 2697 cni
1653 2680 1711 2698 una
1734 2680 1794 2697 cnm
1818 2672 1897 2697 misso

248 2712 379 2739 mandata
401 2713 546 2745 apostolica
568 2712 696 2746 explenda
718 2712 867 2739 traduntur
892 2713 938 2746 (cf.
957 2721 984 2739 n.
997 2717 1058 2748 312,
1074 2722 1103 2747 p.
1116 2717 1163 2740 271
1183 2714 1198 2740 l.
1214 2717 1228 2739 9
1234 2734 1241 2746 ,
1263 2722 1290 2740 n.
1305 2717 1363 2747 313,
1384 2723 1413 2747 p.
1427 2717 1472 2740 271
1491 2714 1506 2741 Ζ.
1519 2717 1564 2746 34,
1589 2722 1616 2741 n.
1630 2717 1690 2747 314,
1704 2722 1733 2747 p.
1747 2717 1797 2740 272
1814 2714 1831 2740 ἶ.
1845 2714 1895 2747 15).

248 2757 275 2789 6)
294 2755 391 2782 E'wald
402 2755 594 2782 emenclandimz
607 2763 659 2782 esse
674 2758 752 2789 putat
766 2755 797 2782 V.
808 2755 866 2782 kal.
877 2755 952 2789 Sept.
966 2756 1002 2782 acl
1017 2757 1105 2782 instar
1116 2765 1156 2790 ep.
1169 2765 1216 2784 nn.
1228 2760 1286 2790 312,
1300 2760 1355 2790 313,
1374 2756 1419 2783 sed
1431 2757 1466 2789 cf.
1480 2756 1542 2783 NA.
1558 2756 1653 2783 XXX
1658 2756 1703 2789 VI,
1714 2759 1759 2783 132
1770 2758 1864 2783 annot.
1872 2759 1895 2783 3.

1917 713 1941 733 10

1915 971 1938 990 15

1915 1227 1940 1247 20

1914 1605 1938 1626 25

1913 1846 1938 1864 30

1914 2150 1939 2170 35

1914 2379 1940 2397 40

1913 2592 1939 2611 45
