<?xml version="1.0" encoding="UTF-8"?>
<!DOCTYPE html PUBLIC "-//W3C//DTD XHTML 1.0 Transitional//EN"
    "http://www.w3.org/TR/xhtml1/DTD/xhtml1-transitional.dtd">
<html xmlns="http://www.w3.org/1999/xhtml" xml:lang="en" lang="en">
 <head>
  <title>
</title>
<meta http-equiv="Content-Type" content="text/html;charset=utf-8" />
  <meta name='ocr-system' content='tesseract 3.04.00' />
  <meta name='ocr-capabilities' content='ocr_page ocr_carea ocr_par ocr_line ocrx_word'/>
</head>
<body>
  <div class='ocr_page' id='page_1' title='image "./monumentagerman07geseuoft_0451.png"; bbox 0 0 2189 3042; ppageno 0'>
   <div class='ocr_carea' id='block_1_1' title="bbox 109 736 133 755">
    <p class='ocr_par' dir='ltr' id='par_1_1' title="bbox 109 736 133 755">
     <span class='ocr_line' id='line_1_1' title="bbox 109 736 133 755; baseline -0.042 0"><span class='ocrx_word' id='word_1_1' title='bbox 109 736 133 755; x_wconf 89' lang='lat'>10</span> 
     </span>
    </p>
   </div>
   <div class='ocr_carea' id='block_1_2' title="bbox 107 992 130 1010">
    <p class='ocr_par' dir='ltr' id='par_1_2' title="bbox 107 992 130 1010">
     <span class='ocr_line' id='line_1_2' title="bbox 107 992 130 1010; baseline -0.043 0"><span class='ocrx_word' id='word_1_2' title='bbox 107 992 130 1010; x_wconf 75' lang='lat'>15</span> 
     </span>
    </p>
   </div>
   <div class='ocr_carea' id='block_1_3' title="bbox 107 1247 132 1266">
    <p class='ocr_par' dir='ltr' id='par_1_3' title="bbox 107 1247 132 1266">
     <span class='ocr_line' id='line_1_3' title="bbox 107 1247 132 1266; baseline 0 0"><span class='ocrx_word' id='word_1_3' title='bbox 107 1247 132 1266; x_wconf 82' lang='lat'>20</span> 
     </span>
    </p>
   </div>
   <div class='ocr_carea' id='block_1_4' title="bbox 108 1505 132 1524">
    <p class='ocr_par' dir='ltr' id='par_1_4' title="bbox 108 1505 132 1524">
     <span class='ocr_line' id='line_1_4' title="bbox 108 1505 132 1524; baseline 0 0"><span class='ocrx_word' id='word_1_4' title='bbox 108 1505 132 1524; x_wconf 74' lang='lat'>25</span> 
     </span>
    </p>
   </div>
   <div class='ocr_carea' id='block_1_5' title="bbox 109 1762 133 1779">
    <p class='ocr_par' dir='ltr' id='par_1_5' title="bbox 109 1762 133 1779">
     <span class='ocr_line' id='line_1_5' title="bbox 109 1762 133 1779; baseline 0 0"><span class='ocrx_word' id='word_1_5' title='bbox 109 1762 133 1779; x_wconf 82' lang='lat'>³0</span> 
     </span>
    </p>
   </div>
   <div class='ocr_carea' id='block_1_6' title="bbox 111 2018 135 2037">
    <p class='ocr_par' dir='ltr' id='par_1_6' title="bbox 111 2018 135 2037">
     <span class='ocr_line' id='line_1_6' title="bbox 111 2018 135 2037; baseline 0.042 -1"><span class='ocrx_word' id='word_1_6' title='bbox 111 2018 135 2037; x_wconf 81' lang='lat'>35</span> 
     </span>
    </p>
   </div>
   <div class='ocr_carea' id='block_1_7' title="bbox 114 2275 139 2293">
    <p class='ocr_par' dir='ltr' id='par_1_7' title="bbox 114 2275 139 2293">
     <span class='ocr_line' id='line_1_7' title="bbox 114 2275 139 2293; baseline 0 0"><span class='ocrx_word' id='word_1_7' title='bbox 114 2275 139 2293; x_wconf 77' lang='lat'>40</span> 
     </span>
    </p>
   </div>
   <div class='ocr_carea' id='block_1_8' title="bbox 116 2604 140 2623">
    <p class='ocr_par' dir='ltr' id='par_1_8' title="bbox 116 2604 140 2623">
     <span class='ocr_line' id='line_1_8' title="bbox 116 2604 140 2623; baseline -0.042 0"><span class='ocrx_word' id='word_1_8' title='bbox 116 2604 140 2623; x_wconf 73' lang='lat'>4⁵</span> 
     </span>
    </p>
   </div>
   <div class='ocr_carea' id='block_1_9' title="bbox 412 172 1812 204">
    <p class='ocr_par' dir='ltr' id='par_1_9' title="bbox 412 172 1812 204">
     <span class='ocr_line' id='line_1_9' title="bbox 412 172 1812 204; baseline -0.003 -2"><span class='ocrx_word' id='word_1_9' title='bbox 412 175 605 202; x_wconf 79' lang='lat' dir='ltr'>ANASTASII</span> <span class='ocrx_word' id='word_1_10' title='bbox 626 174 932 201; x_wconf 84' lang='lat' dir='ltr'>BIBLIOTHECARII</span> <span class='ocrx_word' id='word_1_11' title='bbox 952 173 1154 200; x_wconf 85' lang='lat' dir='ltr'>EPISTOLAE</span> <span class='ocrx_word' id='word_1_12' title='bbox 1173 173 1253 199; x_wconf 86' lang='lat' dir='ltr'>SIVE</span> <span class='ocrx_word' id='word_1_13' title='bbox 1272 172 1550 199; x_wconf 83' lang='lat' dir='ltr'>PRAEFATIONES</span> <span class='ocrx_word' id='word_1_14' title='bbox 1569 173 1592 199; x_wconf 80' lang='lat'>5.</span> <span class='ocrx_word' id='word_1_15' title='bbox 1751 174 1812 204; x_wconf 81' lang='grc'><strong>413</strong></span> 
     </span>
    </p>
   </div>
   <div class='ocr_carea' id='block_1_10' title="bbox 158 259 1819 1070">
    <p class='ocr_par' dir='ltr' id='par_1_10' title="bbox 158 259 1819 1070">
     <span class='ocr_line' id='line_1_10' title="bbox 269 259 1813 300; baseline -0.003 -7"><span class='ocrx_word' id='word_1_16' title='bbox 269 262 361 298; x_wconf 85' lang='lat' dir='ltr'>Quae</span> <span class='ocrx_word' id='word_1_17' title='bbox 392 261 487 293; x_wconf 82' lang='lat' dir='ltr'><strong>Greci</strong></span> <span class='ocrx_word' id='word_1_18' title='bbox 517 261 556 292; x_wconf 92' lang='lat' dir='ltr'>de</span> <span class='ocrx_word' id='word_1_19' title='bbox 585 261 636 292; x_wconf 89' lang='lat' dir='ltr'>die</span> <span class='ocrx_word' id='word_1_20' title='bbox 666 261 698 291; x_wconf 92' lang='lat' dir='ltr'>in</span> <span class='ocrx_word' id='word_1_21' title='bbox 729 261 814 292; x_wconf 91' lang='lat' dir='ltr'>diem</span> <span class='ocrx_word' id='word_1_22' title='bbox 845 260 1012 292; x_wconf 82' lang='lat' dir='ltr'>audientes</span> <span class='ocrx_word' id='word_1_23' title='bbox 1041 260 1203 291; x_wconf 73' lang='lat' dir='ltr'>invidunt³</span> <span class='ocrx_word' id='word_1_24' title='bbox 1227 262 1259 291; x_wconf 90' lang='lat' dir='ltr'>et</span> <span class='ocrx_word' id='word_1_25' title='bbox 1282 262 1391 290; x_wconf 89' lang='lat' dir='ltr'>tantae</span> <span class='ocrx_word' id='word_1_26' title='bbox 1415 259 1538 300; x_wconf 86' lang='lat' dir='ltr'>gloriae</span> <span class='ocrx_word' id='word_1_27' title='bbox 1562 259 1657 299; x_wconf 81' lang='lat' dir='ltr'>avidi,</span> <span class='ocrx_word' id='word_1_28' title='bbox 1681 261 1716 290; x_wconf 91' lang='lat' dir='ltr'>ut</span> <span class='ocrx_word' id='word_1_29' title='bbox 1740 269 1813 290; x_wconf 90' lang='lat' dir='ltr'>eum</span> 
     </span>
     <span class='ocr_line' id='line_1_11' title="bbox 160 312 1813 356; baseline -0.002 -11"><span class='ocrx_word' id='word_1_30' title='bbox 160 314 284 356; x_wconf 77' lang='lat' dir='ltr'>possint</span> <span class='ocrx_word' id='word_1_31' title='bbox 306 324 325 344; x_wconf 82' lang='lat' dir='ltr'>a</span> <span class='ocrx_word' id='word_1_32' title='bbox 345 313 494 345; x_wconf 84' lang='lat' dir='ltr'>Romana</span> <span class='ocrx_word' id='word_1_33' title='bbox 510 313 586 344; x_wconf 89' lang='lat' dir='ltr'>sede</span> <span class='ocrx_word' id='word_1_34' title='bbox 605 315 761 351; x_wconf 88' lang='lat' dir='ltr'>avertere,</span> <span class='ocrx_word' id='word_1_35' title='bbox 779 312 904 343; x_wconf 86' lang='lat' dir='ltr'>diversa</span> <span class='ocrx_word' id='word_1_36' title='bbox 920 312 1086 353; x_wconf 89' lang='lat' dir='ltr'>requirunt</span> <span class='ocrx_word' id='word_1_37' title='bbox 1101 312 1240 352; x_wconf 84' lang='lat' dir='ltr'>ingenia,</span> <span class='ocrx_word' id='word_1_38' title='bbox 1256 321 1389 342; x_wconf 89' lang='lat' dir='ltr'>munera</span> <span class='ocrx_word' id='word_1_39' title='bbox 1405 314 1478 352; x_wconf 88' lang='lat' dir='ltr'>post</span> <span class='ocrx_word' id='word_1_40' title='bbox 1493 320 1626 341; x_wconf 91' lang='lat' dir='ltr'>munera</span> <span class='ocrx_word' id='word_1_41' title='bbox 1643 320 1813 341; x_wconf 86' lang='lat' dir='ltr'>numerosa</span> 
     </span>
     <span class='ocr_line' id='line_1_12' title="bbox 160 362 1815 405; baseline -0.002 -9"><span class='ocrx_word' id='word_1_42' title='bbox 160 366 325 396; x_wconf 78' lang='lat' dir='ltr'>mittentes</span> <span class='ocrx_word' id='word_1_43' title='bbox 350 369 381 396; x_wconf 88' lang='lat' dir='ltr'>et</span> <span class='ocrx_word' id='word_1_44' title='bbox 404 364 579 405; x_wconf 81' lang='lat' dir='ltr'>sophistica</span> <span class='ocrx_word' id='word_1_45' title='bbox 602 364 631 395; x_wconf 91' lang='lat' dir='ltr'>ei</span> <span class='ocrx_word' id='word_1_46' title='bbox 652 366 842 404; x_wconf 87' lang='lat' dir='ltr'>argumenta</span> <span class='ocrx_word' id='word_1_47' title='bbox 865 363 1081 394; x_wconf 85' lang='lat' dir='ltr'>creberrimeb</span> <span class='ocrx_word' id='word_1_48' title='bbox 1097 365 1322 403; x_wconf 77' lang='lat' dir='ltr'>proponentes,</span> <span class='ocrx_word' id='word_1_49' title='bbox 1354 362 1398 392; x_wconf 92' lang='lat' dir='ltr'>At</span> <span class='ocrx_word' id='word_1_50' title='bbox 1413 362 1467 393; x_wconf 90' lang='lat' dir='ltr'>ille</span> <span class='ocrx_word' id='word_1_51' title='bbox 1484 365 1520 393; x_wconf 92' lang='lat' dir='ltr'>ut</span> <span class='ocrx_word' id='word_1_52' title='bbox 1536 362 1682 393; x_wconf 90' lang='lat' dir='ltr'>columna</span> <span class='ocrx_word' id='word_1_53' title='bbox 1698 362 1815 392; x_wconf 87' lang='lat' dir='ltr'>mansit</span> 
     </span>
     <span class='ocr_line' id='line_1_13' title="bbox 159 413 1813 456; baseline -0.003 -8"><span class='ocrx_word' id='word_1_54' title='bbox 159 416 340 456; x_wconf 91' lang='lat' dir='ltr'>immobilis,</span> <span class='ocrx_word' id='word_1_55' title='bbox 366 417 468 448; x_wconf 89' lang='lat' dir='ltr'>donec</span> <span class='ocrx_word' id='word_1_56' title='bbox 491 416 666 447; x_wconf 88' lang='lat' dir='ltr'>eorundem</span> <span class='ocrx_word' id='word_1_57' title='bbox 684 414 861 446; x_wconf 86' lang='lat' dir='ltr'>Grecorum</span> <span class='ocrx_word' id='word_1_58' title='bbox 884 414 997 445; x_wconf 83' lang='lat' dir='ltr'>fraude</span> <span class='ocrx_word' id='word_1_59' title='bbox 1022 414 1226 455; x_wconf 81' lang='lat' dir='ltr'>deciperetur</span> <span class='ocrx_word' id='word_1_60' title='bbox 1248 414 1452 444; x_wconf 81' lang='lat' dir='ltr'>scribentium</span> <span class='ocrx_word' id='word_1_61' title='bbox 1470 414 1499 444; x_wconf 93' lang='lat' dir='ltr'>ei</span> <span class='ocrx_word' id='word_1_62' title='bbox 1515 416 1611 454; x_wconf 92' lang='lat' dir='ltr'>atque</span> <span class='ocrx_word' id='word_1_63' title='bbox 1629 413 1813 452; x_wconf 87' lang='lat' dir='ltr'>dicentium,</span> 
     </span>
     <span class='ocr_line' id='line_1_14' title="bbox 160 464 1813 509; baseline -0.003 -10"><span class='ocrx_word' id='word_1_64' title='bbox 160 468 246 509; x_wconf 90' lang='lat' dir='ltr'>quod</span> <span class='ocrx_word' id='word_1_65' title='bbox 270 468 330 499; x_wconf 78' lang='lat' dir='ltr'>de⁰</span> <span class='ocrx_word' id='word_1_66' title='bbox 353 468 457 509; x_wconf 85' lang='lat' dir='ltr'>patria</span> <span class='ocrx_word' id='word_1_67' title='bbox 480 467 545 506; x_wconf 91' lang='lat' dir='ltr'>illa,</span> <span class='ocrx_word' id='word_1_68' title='bbox 570 466 644 498; x_wconf 80' lang='lat' dir='ltr'>veld</span> <span class='ocrx_word' id='word_1_69' title='bbox 667 469 773 496; x_wconf 90' lang='lat' dir='ltr'>utrum</span> <span class='ocrx_word' id='word_1_70' title='bbox 796 465 944 496; x_wconf 86' lang='lat' dir='ltr'>Romano</span> <span class='ocrx_word' id='word_1_71' title='bbox 968 475 1008 495; x_wconf 86' lang='lat' dir='ltr'>an</span> <span class='ocrx_word' id='word_1_72' title='bbox 1031 464 1385 506; x_wconf 75' lang='lat' dir='ltr'>Constantinopolitano</span> <span class='ocrx_word' id='word_1_73' title='bbox 1409 464 1552 505; x_wconf 89' lang='lat' dir='ltr'>pontifici</span> <span class='ocrx_word' id='word_1_74' title='bbox 1575 464 1667 495; x_wconf 85' lang='lat' dir='ltr'>subdi</span> <span class='ocrx_word' id='word_1_75' title='bbox 1684 464 1813 503; x_wconf 86' lang='lat' dir='ltr'>debeat,</span> 
     </span>
     <span class='ocr_line' id='line_1_15' title="bbox 160 515 1813 559; baseline -0.003 -9"><span class='ocrx_word' id='word_1_76' title='bbox 160 520 243 550; x_wconf 90' lang='lat' dir='ltr'>inter</span> <span class='ocrx_word' id='word_1_77' title='bbox 265 520 401 550; x_wconf 88' lang='lat' dir='ltr'>vicarios</span> <span class='ocrx_word' id='word_1_78' title='bbox 423 518 589 549; x_wconf 88' lang='lat' dir='ltr'>Romanos</span> <span class='ocrx_word' id='word_1_79' title='bbox 612 516 892 559; x_wconf 79' lang='lat' dir='ltr'>patriarchamque</span> <span class='ocrx_word' id='word_1_80' title='bbox 910 517 1072 557; x_wconf 87' lang='lat' dir='ltr'>Ignatium</span> <span class='ocrx_word' id='word_1_81' title='bbox 1089 516 1365 557; x_wconf 81' lang='lat' dir='ltr'>Constantinopoli</span> <span class='ocrx_word' id='word_1_82' title='bbox 1382 515 1572 557; x_wconf 80' lang='lat' dir='ltr'>disceptatio</span> <span class='ocrx_word' id='word_1_83' title='bbox 1590 515 1702 546; x_wconf 86' lang='lat' dir='ltr'>fuisset</span> <span class='ocrx_word' id='word_1_84' title='bbox 1717 525 1813 546; x_wconf 89' lang='lat' dir='ltr'>cano-</span> 
     </span>
     <span class='ocr_line' id='line_1_16' title="bbox 160 566 1814 608; baseline -0.002 -7"><span class='ocrx_word' id='word_1_85' title='bbox 160 571 230 602; x_wconf 89' lang='lat' dir='ltr'>nice</span> <span class='ocrx_word' id='word_1_86' title='bbox 251 570 404 601; x_wconf 87' lang='lat' dir='ltr'>ventilata</span> <span class='ocrx_word' id='word_1_87' title='bbox 428 572 460 601; x_wconf 91' lang='lat' dir='ltr'>et</span> <span class='ocrx_word' id='word_1_88' title='bbox 484 569 635 600; x_wconf 81' lang='lat' dir='ltr'>convictis</span> <span class='ocrx_word' id='word_1_89' title='bbox 652 568 809 599; x_wconf 91' lang='lat' dir='ltr'>Romanis</span> <span class='ocrx_word' id='word_1_90' title='bbox 827 567 968 598; x_wconf 86' lang='lat' dir='ltr'>Orientis</span> <span class='ocrx_word' id='word_1_91' title='bbox 992 568 1115 599; x_wconf 88' lang='lat' dir='ltr'>sedium</span> <span class='ocrx_word' id='word_1_92' title='bbox 1141 567 1203 598; x_wconf 90' lang='lat' dir='ltr'>loci</span> <span class='ocrx_word' id='word_1_93' title='bbox 1219 570 1399 598; x_wconf 89' lang='lat' dir='ltr'>servatores</span> <span class='ocrx_word' id='word_1_94' title='bbox 1415 567 1624 598; x_wconf 89' lang='lat' dir='ltr'>iudicaverint</span> <span class='ocrx_word' id='word_1_95' title='bbox 1636 566 1814 608; x_wconf 80' lang='lat' dir='ltr'>Vulgarum</span> 
     </span>
     <span class='ocr_line' id='line_1_17' title="bbox 160 617 1816 659; baseline -0.004 -6"><span class='ocrx_word' id='word_1_96' title='bbox 160 622 323 653; x_wconf 85' lang='lat' dir='ltr'>dioecesin</span> <span class='ocrx_word' id='word_1_97' title='bbox 347 622 393 652; x_wconf 92' lang='lat' dir='ltr'>illi</span> <span class='ocrx_word' id='word_1_98' title='bbox 414 621 485 652; x_wconf 90' lang='lat' dir='ltr'>urbi</span> <span class='ocrx_word' id='word_1_99' title='bbox 508 621 576 651; x_wconf 85' lang='lat' dir='ltr'>fore</span> <span class='ocrx_word' id='word_1_100' title='bbox 600 619 828 657; x_wconf 70' lang='lat' dir='ltr'>subiciendam,</span> <span class='ocrx_word' id='word_1_101' title='bbox 853 620 902 650; x_wconf 86' lang='lat' dir='ltr'>cui</span> <span class='ocrx_word' id='word_1_102' title='bbox 926 622 1000 650; x_wconf 89' lang='lat' dir='ltr'>ante</span> <span class='ocrx_word' id='word_1_103' title='bbox 1024 619 1197 650; x_wconf 84' lang='lat' dir='ltr'>adventum</span> <span class='ocrx_word' id='word_1_104' title='bbox 1213 618 1393 659; x_wconf 81' lang='lat' dir='ltr'>Vulgarum</span> <span class='ocrx_word' id='word_1_105' title='bbox 1416 618 1628 651; x_wconf 84' lang='lat' dir='ltr'>subdebatur:</span> <span class='ocrx_word' id='word_1_106' title='bbox 1657 628 1729 648; x_wconf 91' lang='lat' dir='ltr'>cum</span> <span class='ocrx_word' id='word_1_107' title='bbox 1752 617 1816 648; x_wconf 86' lang='lat' dir='ltr'>alia</span> 
     </span>
     <span class='ocr_line' id='line_1_18' title="bbox 159 668 1816 713; baseline -0.004 -9"><span class='ocrx_word' id='word_1_108' title='bbox 159 674 199 704; x_wconf 91' lang='lat' dir='ltr'>sit</span> <span class='ocrx_word' id='word_1_109' title='bbox 226 674 257 703; x_wconf 92' lang='lat' dir='ltr'>in</span> <span class='ocrx_word' id='word_1_110' title='bbox 282 673 450 704; x_wconf 85' lang='lat' dir='ltr'>mundanis</span> <span class='ocrx_word' id='word_1_111' title='bbox 473 672 621 713; x_wconf 85' lang='lat' dir='ltr'>negotiis,</span> <span class='ocrx_word' id='word_1_112' title='bbox 639 672 702 702; x_wconf 88' lang='lat' dir='ltr'>alia</span> <span class='ocrx_word' id='word_1_113' title='bbox 719 672 750 701; x_wconf 92' lang='lat' dir='ltr'>in</span> <span class='ocrx_word' id='word_1_114' title='bbox 768 670 992 701; x_wconf 87' lang='lat' dir='ltr'>ecclesiasticis</span> <span class='ocrx_word' id='word_1_115' title='bbox 1010 670 1175 711; x_wconf 85' lang='lat' dir='ltr'>dispositio</span> <span class='ocrx_word' id='word_1_116' title='bbox 1193 670 1279 709; x_wconf 91' lang='lat' dir='ltr'>iuris,</span> <span class='ocrx_word' id='word_1_117' title='bbox 1309 672 1340 700; x_wconf 89' lang='lat' dir='ltr'>et</span> <span class='ocrx_word' id='word_1_118' title='bbox 1356 670 1500 710; x_wconf 89' lang='lat' dir='ltr'>quamvis</span> <span class='ocrx_word' id='word_1_119' title='bbox 1523 670 1611 710; x_wconf 87' lang='lat' dir='ltr'>regio</span> <span class='ocrx_word' id='word_1_120' title='bbox 1633 669 1688 700; x_wconf 91' lang='lat' dir='ltr'>illa</span> <span class='ocrx_word' id='word_1_121' title='bbox 1705 668 1816 699; x_wconf 83' lang='lat' dir='ltr'>Grecis</span> 
     </span>
     <span class='ocr_line' id='line_1_19' title="bbox 161 720 1814 763; baseline -0.002 -8"><span class='ocrx_word' id='word_1_122' title='bbox 161 725 256 755; x_wconf 84' lang='lat' dir='ltr'>fuerit</span> <span class='ocrx_word' id='word_1_123' title='bbox 280 727 375 755; x_wconf 89' lang='lat' dir='ltr'>antea</span> <span class='ocrx_word' id='word_1_124' title='bbox 399 723 535 763; x_wconf 87' lang='lat' dir='ltr'>subdita,</span> <span class='ocrx_word' id='word_1_125' title='bbox 559 723 681 754; x_wconf 90' lang='lat' dir='ltr'>nullum</span> <span class='ocrx_word' id='word_1_126' title='bbox 706 725 814 753; x_wconf 82' lang='lat' dir='ltr'>tamen</span> <span class='ocrx_word' id='word_1_127' title='bbox 844 722 876 752; x_wconf 91' lang='lat' dir='ltr'>in</span> <span class='ocrx_word' id='word_1_128' title='bbox 900 732 938 752; x_wconf 90' lang='lat' dir='ltr'>ea</span> <span class='ocrx_word' id='word_1_129' title='bbox 955 721 1015 752; x_wconf 89' lang='lat' dir='ltr'>sibi</span> <span class='ocrx_word' id='word_1_130' title='bbox 1030 722 1079 752; x_wconf 90' lang='lat' dir='ltr'>ius</span> <span class='ocrx_word' id='word_1_131' title='bbox 1096 721 1257 752; x_wconf 89' lang='lat' dir='ltr'>vindicare</span> <span class='ocrx_word' id='word_1_132' title='bbox 1274 721 1418 762; x_wconf 86' lang='lat' dir='ltr'>legitime</span> <span class='ocrx_word' id='word_1_133' title='bbox 1436 724 1594 761; x_wconf 83' lang='lat' dir='ltr'>poterant,</span> <span class='ocrx_word' id='word_1_134' title='bbox 1612 731 1706 762; x_wconf 88' lang='lat' dir='ltr'>quam</span> <span class='ocrx_word' id='word_1_135' title='bbox 1724 720 1814 751; x_wconf 89' lang='lat' dir='ltr'>armis</span> 
     </span>
     <span class='ocr_line' id='line_1_20' title="bbox 159 771 1814 816; baseline -0.002 -10"><span class='ocrx_word' id='word_1_136' title='bbox 159 776 234 806; x_wconf 91' lang='lat' dir='ltr'>olim</span> <span class='ocrx_word' id='word_1_137' title='bbox 259 776 408 806; x_wconf 87' lang='lat' dir='ltr'>amissam</span> <span class='ocrx_word' id='word_1_138' title='bbox 433 785 490 816; x_wconf 89' lang='lat' dir='ltr'>per</span> <span class='ocrx_word' id='word_1_139' title='bbox 514 777 561 805; x_wconf 89' lang='lat' dir='ltr'>tot</span> <span class='ocrx_word' id='word_1_140' title='bbox 584 777 731 814; x_wconf 88' lang='lat' dir='ltr'>tempora</span> <span class='ocrx_word' id='word_1_141' title='bbox 754 773 905 804; x_wconf 87' lang='lat' dir='ltr'>bellando</span> <span class='ocrx_word' id='word_1_142' title='bbox 930 773 1074 813; x_wconf 89' lang='lat' dir='ltr'>recipere</span> <span class='ocrx_word' id='word_1_143' title='bbox 1099 783 1162 803; x_wconf 92' lang='lat' dir='ltr'>non</span> <span class='ocrx_word' id='word_1_144' title='bbox 1177 772 1347 803; x_wconf 88' lang='lat' dir='ltr'>valuerant</span> <span class='ocrx_word' id='word_1_145' title='bbox 1363 789 1401 794; x_wconf 89' lang='lat'>--</span> <span class='ocrx_word' id='word_1_146' title='bbox 1420 772 1565 813; x_wconf 83' lang='lat' dir='ltr'>quamvis</span> <span class='ocrx_word' id='word_1_147' title='bbox 1582 774 1614 802; x_wconf 91' lang='lat' dir='ltr'>et</span> <span class='ocrx_word' id='word_1_148' title='bbox 1629 771 1814 812; x_wconf 87' lang='lat' dir='ltr'>priusquam</span> 
     </span>
     <span class='ocr_line' id='line_1_21' title="bbox 159 823 1817 866; baseline -0.002 -9"><span class='ocrx_word' id='word_1_149' title='bbox 159 826 271 858; x_wconf 85' lang='lat' dir='ltr'>Grecis</span> <span class='ocrx_word' id='word_1_150' title='bbox 304 827 400 857; x_wconf 87' lang='lat' dir='ltr'>fuerit</span> <span class='ocrx_word' id='word_1_151' title='bbox 437 825 592 866; x_wconf 68' lang='lat' dir='ltr'>subdita‘,</span> <span class='ocrx_word' id='word_1_152' title='bbox 621 825 761 856; x_wconf 86' lang='lat' dir='ltr'>Romani</span> <span class='ocrx_word' id='word_1_153' title='bbox 792 825 874 855; x_wconf 89' lang='lat' dir='ltr'>hanc</span> <span class='ocrx_word' id='word_1_154' title='bbox 905 824 1086 866; x_wconf 85' lang='lat' dir='ltr'>possedisse</span> <span class='ocrx_word' id='word_1_155' title='bbox 1117 827 1285 865; x_wconf 79' lang='lat' dir='ltr'>patescant</span> <span class='ocrx_word' id='word_1_156' title='bbox 1313 834 1373 854; x_wconf 89' lang='lat' dir='ltr'>nec</span> <span class='ocrx_word' id='word_1_157' title='bbox 1398 823 1486 854; x_wconf 89' lang='lat' dir='ltr'>illam</span> <span class='ocrx_word' id='word_1_158' title='bbox 1517 823 1627 862; x_wconf 85' lang='lat' dir='ltr'>Greci,</span> <span class='ocrx_word' id='word_1_159' title='bbox 1657 826 1692 854; x_wconf 89' lang='lat' dir='ltr'>ut</span> <span class='ocrx_word' id='word_1_160' title='bbox 1721 833 1817 864; x_wconf 93' lang='lat' dir='ltr'>supra</span> 
     </span>
     <span class='ocr_line' id='line_1_22' title="bbox 159 874 1817 917; baseline -0.002 -8"><span class='ocrx_word' id='word_1_161' title='bbox 159 881 371 909; x_wconf 88' lang='lat' dir='ltr'>monstratum</span> <span class='ocrx_word' id='word_1_162' title='bbox 395 880 452 917; x_wconf 87' lang='lat' dir='ltr'>est,</span> <span class='ocrx_word' id='word_1_163' title='bbox 469 877 609 908; x_wconf 89' lang='lat' dir='ltr'>tenuisse</span> <span class='ocrx_word' id='word_1_164' title='bbox 627 879 857 916; x_wconf 73' lang='lat' dir='ltr'>memorentur,</span> <span class='ocrx_word' id='word_1_165' title='bbox 876 876 935 906; x_wconf 92' lang='lat' dir='ltr'>nisi</span> <span class='ocrx_word' id='word_1_166' title='bbox 953 876 1027 906; x_wconf 91' lang='lat' dir='ltr'>dum</span> <span class='ocrx_word' id='word_1_167' title='bbox 1051 876 1184 916; x_wconf 87' lang='lat' dir='ltr'>sceptris</span> <span class='ocrx_word' id='word_1_168' title='bbox 1200 874 1385 906; x_wconf 86' lang='lat' dir='ltr'>Romanicis</span> <span class='ocrx_word' id='word_1_169' title='bbox 1405 875 1593 916; x_wconf 85' lang='lat' dir='ltr'>potirentur.</span> <span class='ocrx_word' id='word_1_170' title='bbox 1626 874 1817 915; x_wconf 84' lang='lat' dir='ltr'>Quanquam</span> 
     </span>
     <span class='ocr_line' id='line_1_23' title="bbox 160 926 1817 969; baseline -0.002 -9"><span class='ocrx_word' id='word_1_171' title='bbox 160 930 219 960; x_wconf 90' lang='lat' dir='ltr'>etsi</span> <span class='ocrx_word' id='word_1_172' title='bbox 242 929 315 960; x_wconf 90' lang='lat' dir='ltr'>huic</span> <span class='ocrx_word' id='word_1_173' title='bbox 339 928 435 960; x_wconf 81' lang='lat' dir='ltr'>Greci</span> <span class='ocrx_word' id='word_1_174' title='bbox 466 928 626 969; x_wconf 80' lang='lat' dir='ltr'>principes</span> <span class='ocrx_word' id='word_1_175' title='bbox 658 927 792 969; x_wconf 86' lang='lat' dir='ltr'>regioni,</span> <span class='ocrx_word' id='word_1_176' title='bbox 818 930 972 968; x_wconf 89' lang='lat' dir='ltr'>quantum</span> <span class='ocrx_word' id='word_1_177' title='bbox 996 927 1037 958; x_wconf 91' lang='lat' dir='ltr'>ad</span> <span class='ocrx_word' id='word_1_178' title='bbox 1060 937 1127 958; x_wconf 88' lang='lat' dir='ltr'>rem</span> <span class='ocrx_word' id='word_1_179' title='bbox 1152 926 1313 967; x_wconf 85' lang='lat' dir='ltr'>publicam</span> <span class='ocrx_word' id='word_1_180' title='bbox 1337 926 1461 964; x_wconf 89' lang='lat' dir='ltr'>attinet,</span> <span class='ocrx_word' id='word_1_181' title='bbox 1486 926 1640 957; x_wconf 89' lang='lat' dir='ltr'>dominati</span> <span class='ocrx_word' id='word_1_182' title='bbox 1662 927 1733 965; x_wconf 90' lang='lat' dir='ltr'>sint,</span> <span class='ocrx_word' id='word_1_183' title='bbox 1755 936 1817 956; x_wconf 94' lang='lat' dir='ltr'>non</span> 
     </span>
     <span class='ocr_line' id='line_1_24' title="bbox 159 976 1819 1021; baseline -0.002 -10"><span class='ocrx_word' id='word_1_184' title='bbox 159 983 267 1011; x_wconf 89' lang='lat' dir='ltr'>tamen</span> <span class='ocrx_word' id='word_1_185' title='bbox 280 980 501 1021; x_wconf 87' lang='lat' dir='ltr'>praeiudicare</span> <span class='ocrx_word' id='word_1_186' title='bbox 515 982 648 1020; x_wconf 90' lang='lat' dir='ltr'>possunt</span> <span class='ocrx_word' id='word_1_187' title='bbox 662 979 726 1010; x_wconf 90' lang='lat' dir='ltr'>Dei</span> <span class='ocrx_word' id='word_1_188' title='bbox 742 979 897 1010; x_wconf 89' lang='lat' dir='ltr'>ecclesiae</span> <span class='ocrx_word' id='word_1_189' title='bbox 910 979 979 1018; x_wconf 88' lang='lat' dir='ltr'>iuri,</span> <span class='ocrx_word' id='word_1_190' title='bbox 995 988 1087 1019; x_wconf 88' lang='lat' dir='ltr'>quae,</span> <span class='ocrx_word' id='word_1_191' title='bbox 1102 977 1337 1019; x_wconf 88' lang='lat' dir='ltr'>quantumlibet</span> <span class='ocrx_word' id='word_1_192' title='bbox 1348 978 1395 1008; x_wconf 91' lang='lat' dir='ltr'>illi</span> <span class='ocrx_word' id='word_1_193' title='bbox 1408 988 1479 1008; x_wconf 90' lang='lat' dir='ltr'>cum</span> <span class='ocrx_word' id='word_1_194' title='bbox 1493 977 1625 1008; x_wconf 84' lang='lat' dir='ltr'>diversis</span> <span class='ocrx_word' id='word_1_195' title='bbox 1637 976 1819 1008; x_wconf 90' lang='lat' dir='ltr'>nationibus</span> 
     </span>
     <span class='ocr_line' id='line_1_25' title="bbox 158 1027 1813 1070; baseline -0.003 -7"><span class='ocrx_word' id='word_1_196' title='bbox 158 1031 377 1063; x_wconf 86' lang='lat' dir='ltr'>conflictantes</span> <span class='ocrx_word' id='word_1_197' title='bbox 401 1031 466 1062; x_wconf 82' lang='lat' dir='ltr'>sive</span> <span class='ocrx_word' id='word_1_198' title='bbox 491 1031 565 1062; x_wconf 88' lang='lat' dir='ltr'>victi</span> <span class='ocrx_word' id='word_1_199' title='bbox 588 1030 655 1061; x_wconf 88' lang='lat' dir='ltr'>sive</span> <span class='ocrx_word' id='word_1_200' title='bbox 679 1031 818 1062; x_wconf 89' lang='lat' dir='ltr'>victores</span> <span class='ocrx_word' id='word_1_201' title='bbox 843 1030 1018 1070; x_wconf 75' lang='lat' dir='ltr'>extiterint,</span> <span class='ocrx_word' id='word_1_202' title='bbox 1043 1040 1106 1060; x_wconf 88' lang='lat' dir='ltr'>non</span> <span class='ocrx_word' id='word_1_203' title='bbox 1128 1030 1217 1060; x_wconf 90' lang='lat' dir='ltr'>novit</span> <span class='ocrx_word' id='word_1_204' title='bbox 1239 1030 1300 1060; x_wconf 91' lang='lat' dir='ltr'>nisi</span> <span class='ocrx_word' id='word_1_205' title='bbox 1323 1029 1497 1060; x_wconf 83' lang='lat' dir='ltr'>karitatem</span> <span class='ocrx_word' id='word_1_206' title='bbox 1523 1031 1555 1060; x_wconf 93' lang='lat' dir='ltr'>et</span> <span class='ocrx_word' id='word_1_207' title='bbox 1571 1039 1695 1070; x_wconf 89' lang='lat' dir='ltr'>pacem.</span> <span class='ocrx_word' id='word_1_208' title='bbox 1718 1027 1813 1059; x_wconf 89' lang='lat' dir='ltr'>Unde</span> 
     </span>
    </p>
   </div>
   <div class='ocr_carea' id='block_1_11' title="bbox 158 1079 1991 1124">
    <p class='ocr_par' dir='ltr' id='par_1_11' title="bbox 158 1079 1991 1124">
     <span class='ocr_line' id='line_1_26' title="bbox 158 1079 1991 1124; baseline -0.002 -11"><span class='ocrx_word' id='word_1_209' title='bbox 158 1082 289 1124; x_wconf 88' lang='lat' dir='ltr'>quidam</span> <span class='ocrx_word' id='word_1_210' title='bbox 318 1083 541 1123; x_wconf 87' lang='lat' dir='ltr'>magistrorum</span> <span class='ocrx_word' id='word_1_211' title='bbox 566 1082 634 1113; x_wconf 90' lang='lat' dir='ltr'>eius</span> <span class='ocrx_word' id='word_1_212' title='bbox 658 1082 829 1113; x_wconf 80' lang='lat' dir='ltr'>exclamat:</span> <span class='ocrx_word' id='word_1_213' title='bbox 861 1081 906 1112; x_wconf 79' lang='lat' dir='ltr'>‘Si</span> <span class='ocrx_word' id='word_1_214' title='bbox 929 1079 1016 1123; x_wconf 75' lang='lat' dir='ltr'>quisf</span> <span class='ocrx_word' id='word_1_215' title='bbox 1038 1081 1164 1112; x_wconf 86' lang='lat' dir='ltr'>videtur</span> <span class='ocrx_word' id='word_1_216' title='bbox 1188 1082 1404 1113; x_wconf 87' lang='lat' dir='ltr'>contentiosus</span> <span class='ocrx_word' id='word_1_217' title='bbox 1428 1091 1508 1119; x_wconf 88' lang='lat' dir='ltr'>esse,</span> <span class='ocrx_word' id='word_1_218' title='bbox 1533 1090 1591 1111; x_wconf 92' lang='lat' dir='ltr'>nos</span> <span class='ocrx_word' id='word_1_219' title='bbox 1614 1080 1711 1111; x_wconf 90' lang='lat' dir='ltr'>talem</span> <span class='ocrx_word' id='word_1_220' title='bbox 1736 1087 1991 1113; x_wconf 76' lang='lat' dir='ltr'>con-1.00x.11,1e.</span> 
     </span>
    </p>
   </div>
   <div class='ocr_carea' id='block_1_12' title="bbox 158 1130 1820 2308">
    <p class='ocr_par' dir='ltr' id='par_1_12' title="bbox 158 1130 1820 2308">
     <span class='ocr_line' id='line_1_27' title="bbox 158 1130 1819 1174; baseline -0.002 -10"><span class='ocrx_word' id='word_1_221' title='bbox 158 1133 361 1165; x_wconf 87' lang='lat' dir='ltr'>suetudinem</span> <span class='ocrx_word' id='word_1_222' title='bbox 377 1144 441 1164; x_wconf 90' lang='lat' dir='ltr'>non</span> <span class='ocrx_word' id='word_1_223' title='bbox 459 1133 616 1164; x_wconf 88' lang='lat' dir='ltr'>habemus</span> <span class='ocrx_word' id='word_1_224' title='bbox 632 1143 737 1174; x_wconf 92' lang='lat' dir='ltr'>neque</span> <span class='ocrx_word' id='word_1_225' title='bbox 755 1133 912 1164; x_wconf 69' lang='lat' dir='ltr'>ecclesiag</span> <span class='ocrx_word' id='word_1_226' title='bbox 928 1132 1011 1163; x_wconf 86' lang='lat' dir='ltr'>Dei’.</span> <span class='ocrx_word' id='word_1_227' title='bbox 1043 1133 1135 1164; x_wconf 91' lang='lat' dir='ltr'>Licet</span> <span class='ocrx_word' id='word_1_228' title='bbox 1151 1132 1213 1163; x_wconf 89' lang='lat' dir='ltr'>hoc</span> <span class='ocrx_word' id='word_1_229' title='bbox 1229 1133 1344 1173; x_wconf 88' lang='lat' dir='ltr'>ipsum,</span> <span class='ocrx_word' id='word_1_230' title='bbox 1362 1133 1387 1163; x_wconf 88' lang='lat' dir='ltr'>si</span> <span class='ocrx_word' id='word_1_231' title='bbox 1403 1133 1465 1163; x_wconf 93' lang='lat' dir='ltr'>loci</span> <span class='ocrx_word' id='word_1_232' title='bbox 1482 1134 1662 1162; x_wconf 89' lang='lat' dir='ltr'>servatores</span> <span class='ocrx_word' id='word_1_233' title='bbox 1679 1130 1819 1162; x_wconf 88' lang='lat' dir='ltr'>Orientis</span> 
     </span>
     <span class='ocr_line' id='line_1_28' title="bbox 159 1184 1820 1225; baseline -0.001 -10"><span class='ocrx_word' id='word_1_234' title='bbox 159 1185 372 1221; x_wconf 80' lang='lat' dir='ltr'>decreverint,</span> <span class='ocrx_word' id='word_1_235' title='bbox 402 1185 496 1215; x_wconf 92' lang='lat' dir='ltr'>nullis</span> <span class='ocrx_word' id='word_1_236' title='bbox 527 1186 622 1215; x_wconf 87' lang='lat' dir='ltr'>certis</span> <span class='ocrx_word' id='word_1_237' title='bbox 651 1184 807 1225; x_wconf 86' lang='lat' dir='ltr'>probetur</span> <span class='ocrx_word' id='word_1_238' title='bbox 836 1184 969 1215; x_wconf 87' lang='lat' dir='ltr'>indiciis.</span> <span class='ocrx_word' id='word_1_239' title='bbox 1017 1184 1171 1220; x_wconf 82' lang='lat' dir='ltr'>Quamvis</span> <span class='ocrx_word' id='word_1_240' title='bbox 1202 1185 1285 1215; x_wconf 91' lang='lat' dir='ltr'>enim</span> <span class='ocrx_word' id='word_1_241' title='bbox 1315 1184 1455 1215; x_wconf 85' lang='lat' dir='ltr'>Romani</span> <span class='ocrx_word' id='word_1_242' title='bbox 1484 1184 1547 1214; x_wconf 88' lang='lat' dir='ltr'>loci</span> <span class='ocrx_word' id='word_1_243' title='bbox 1576 1185 1756 1214; x_wconf 84' lang='lat' dir='ltr'>servatores</span> <span class='ocrx_word' id='word_1_244' title='bbox 1786 1184 1820 1213; x_wconf 92' lang='lat' dir='ltr'>et</span> 
     </span>
     <span class='ocr_line' id='line_1_29' title="bbox 159 1233 1820 1278; baseline -0.002 -11"><span class='ocrx_word' id='word_1_245' title='bbox 159 1236 338 1278; x_wconf 88' lang='lat' dir='ltr'>Vulgarum</span> <span class='ocrx_word' id='word_1_246' title='bbox 369 1236 457 1267; x_wconf 86' lang='lat' dir='ltr'>missi</span> <span class='ocrx_word' id='word_1_247' title='bbox 490 1247 560 1267; x_wconf 89' lang='lat' dir='ltr'>cum</span> <span class='ocrx_word' id='word_1_248' title='bbox 596 1237 794 1277; x_wconf 86' lang='lat' dir='ltr'>imperatore</span> <span class='ocrx_word' id='word_1_249' title='bbox 829 1245 886 1266; x_wconf 90' lang='lat' dir='ltr'>seu</span> <span class='ocrx_word' id='word_1_250' title='bbox 920 1235 1103 1276; x_wconf 87' lang='lat' dir='ltr'>patriarcha</span> <span class='ocrx_word' id='word_1_251' title='bbox 1132 1246 1255 1267; x_wconf 88' lang='lat' dir='ltr'>necnon</span> <span class='ocrx_word' id='word_1_252' title='bbox 1285 1238 1317 1266; x_wconf 90' lang='lat' dir='ltr'>et</span> <span class='ocrx_word' id='word_1_253' title='bbox 1347 1235 1486 1266; x_wconf 85' lang='lat' dir='ltr'>Orientis</span> <span class='ocrx_word' id='word_1_254' title='bbox 1515 1235 1578 1266; x_wconf 92' lang='grc' dir='ltr'>1οοί</span> <span class='ocrx_word' id='word_1_255' title='bbox 1605 1233 1820 1266; x_wconf 86' lang='lat' dir='ltr'>servatoribus</span> 
     </span>
     <span class='ocr_line' id='line_1_30' title="bbox 160 1285 1819 1328; baseline -0.001 -10"><span class='ocrx_word' id='word_1_256' title='bbox 160 1288 409 1328; x_wconf 81' lang='lat' dir='ltr'>convenissent¹,</span> <span class='ocrx_word' id='word_1_257' title='bbox 434 1288 483 1318; x_wconf 93' lang='lat' dir='ltr'>his</span> <span class='ocrx_word' id='word_1_258' title='bbox 506 1291 615 1318; x_wconf 89' lang='lat' dir='ltr'>tamen</span> <span class='ocrx_word' id='word_1_259' title='bbox 639 1287 790 1318; x_wconf 88' lang='lat' dir='ltr'>omnibus</span> <span class='ocrx_word' id='word_1_260' title='bbox 814 1287 846 1318; x_wconf 91' lang='lat' dir='ltr'>in</span> <span class='ocrx_word' id='word_1_261' title='bbox 869 1298 931 1318; x_wconf 94' lang='lat' dir='ltr'>uno</span> <span class='ocrx_word' id='word_1_262' title='bbox 957 1287 1099 1318; x_wconf 86' lang='lat' dir='ltr'>conclavi</span> <span class='ocrx_word' id='word_1_263' title='bbox 1123 1287 1234 1328; x_wconf 87' lang='lat' dir='ltr'>positis</span> <span class='ocrx_word' id='word_1_264' title='bbox 1256 1287 1334 1317; x_wconf 86' lang='lat' dir='ltr'>nulli</span> <span class='ocrx_word' id='word_1_265' title='bbox 1358 1287 1398 1318; x_wconf 90' lang='lat' dir='ltr'>de</span> <span class='ocrx_word' id='word_1_266' title='bbox 1422 1287 1498 1318; x_wconf 87' lang='lat' dir='ltr'>foris</span> <span class='ocrx_word' id='word_1_267' title='bbox 1522 1286 1663 1317; x_wconf 86' lang='lat' dir='ltr'>venienti</span> <span class='ocrx_word' id='word_1_268' title='bbox 1686 1285 1819 1326; x_wconf 89' lang='lat' dir='ltr'>patebat</span> 
     </span>
     <span class='ocr_line' id='line_1_31' title="bbox 160 1338 1818 1379; baseline -0.001 -9"><span class='ocrx_word' id='word_1_269' title='bbox 160 1339 274 1377; x_wconf 81' lang='lat' dir='ltr'>aditus,</span> <span class='ocrx_word' id='word_1_270' title='bbox 302 1340 362 1370; x_wconf 89' lang='lat' dir='ltr'>nisi</span> <span class='ocrx_word' id='word_1_271' title='bbox 386 1340 435 1370; x_wconf 90' lang='lat' dir='ltr'>cui</span> <span class='ocrx_word' id='word_1_272' title='bbox 459 1339 511 1370; x_wconf 86' lang='lat' dir='ltr'>vel</span> <span class='ocrx_word' id='word_1_273' title='bbox 534 1339 711 1379; x_wconf 86' lang='lat' dir='ltr'>imperator</span> <span class='ocrx_word' id='word_1_274' title='bbox 734 1339 785 1369; x_wconf 86' lang='lat' dir='ltr'>vel</span> <span class='ocrx_word' id='word_1_275' title='bbox 809 1338 991 1379; x_wconf 87' lang='lat' dir='ltr'>patriarcha</span> <span class='ocrx_word' id='word_1_276' title='bbox 1015 1338 1148 1369; x_wconf 87' lang='lat' dir='ltr'>forsitan</span> <span class='ocrx_word' id='word_1_277' title='bbox 1179 1339 1385 1379; x_wconf 87' lang='lat' dir='ltr'>permisisset.</span> <span class='ocrx_word' id='word_1_278' title='bbox 1431 1338 1525 1370; x_wconf 90' lang='lat' dir='ltr'>Unde</span> <span class='ocrx_word' id='word_1_279' title='bbox 1555 1338 1675 1368; x_wconf 88' lang='lat' dir='ltr'>factum</span> <span class='ocrx_word' id='word_1_280' title='bbox 1699 1340 1756 1377; x_wconf 90' lang='lat' dir='ltr'>est,</span> <span class='ocrx_word' id='word_1_281' title='bbox 1784 1340 1818 1368; x_wconf 92' lang='lat' dir='ltr'>ut</span> 
     </span>
     <span class='ocr_line' id='line_1_32' title="bbox 160 1389 1819 1432; baseline -0.001 -11"><span class='ocrx_word' id='word_1_282' title='bbox 160 1390 311 1432; x_wconf 76' lang='lat' dir='ltr'>quicquid</span> <span class='ocrx_word' id='word_1_283' title='bbox 341 1389 479 1421; x_wconf 83' lang='lat' dir='ltr'>Romani</span> <span class='ocrx_word' id='word_1_284' title='bbox 509 1393 699 1429; x_wconf 86' lang='lat' dir='ltr'>assererent,</span> <span class='ocrx_word' id='word_1_285' title='bbox 729 1399 788 1420; x_wconf 92' lang='lat' dir='ltr'>nec</span> <span class='ocrx_word' id='word_1_286' title='bbox 819 1390 959 1420; x_wconf 89' lang='lat' dir='ltr'>Orientis</span> <span class='ocrx_word' id='word_1_287' title='bbox 989 1390 1051 1421; x_wconf 90' lang='lat' dir='ltr'>loci</span> <span class='ocrx_word' id='word_1_288' title='bbox 1081 1392 1261 1420; x_wconf 85' lang='lat' dir='ltr'>servatores</span> <span class='ocrx_word' id='word_1_289' title='bbox 1284 1400 1343 1420; x_wconf 87' lang='lat' dir='ltr'>nec</span> <span class='ocrx_word' id='word_1_290' title='bbox 1361 1389 1519 1430; x_wconf 89' lang='lat' dir='ltr'>Vulgares</span> <span class='ocrx_word' id='word_1_291' title='bbox 1546 1389 1763 1430; x_wconf 86' lang='lat' dir='ltr'>intelligerent</span> <span class='ocrx_word' id='word_1_292' title='bbox 1787 1392 1819 1420; x_wconf 92' lang='lat' dir='ltr'>et</span> 
     </span>
     <span class='ocr_line' id='line_1_33' title="bbox 160 1440 1818 1483; baseline -0.001 -11"><span class='ocrx_word' id='word_1_293' title='bbox 160 1452 266 1473; x_wconf 90' lang='lat' dir='ltr'>rursus</span> <span class='ocrx_word' id='word_1_294' title='bbox 291 1441 442 1483; x_wconf 91' lang='lat' dir='ltr'>quicquid</span> <span class='ocrx_word' id='word_1_295' title='bbox 467 1442 640 1472; x_wconf 87' lang='lat' dir='ltr'>orientales</span> <span class='ocrx_word' id='word_1_296' title='bbox 664 1441 816 1479; x_wconf 90' lang='lat' dir='ltr'>dicerent,</span> <span class='ocrx_word' id='word_1_297' title='bbox 841 1451 899 1471; x_wconf 88' lang='lat' dir='ltr'>nec</span> <span class='ocrx_word' id='word_1_298' title='bbox 923 1440 1061 1471; x_wconf 89' lang='lat' dir='ltr'>Romani</span> <span class='ocrx_word' id='word_1_299' title='bbox 1084 1440 1146 1471; x_wconf 92' lang='lat' dir='ltr'>loci</span> <span class='ocrx_word' id='word_1_300' title='bbox 1169 1444 1349 1471; x_wconf 90' lang='lat' dir='ltr'>servatores</span> <span class='ocrx_word' id='word_1_301' title='bbox 1370 1451 1430 1472; x_wconf 90' lang='lat' dir='ltr'>nec</span> <span class='ocrx_word' id='word_1_302' title='bbox 1441 1441 1621 1482; x_wconf 84' lang='lat' dir='ltr'>Vulgarum</span> <span class='ocrx_word' id='word_1_303' title='bbox 1639 1441 1727 1471; x_wconf 90' lang='lat' dir='ltr'>missi</span> <span class='ocrx_word' id='word_1_304' title='bbox 1745 1451 1818 1481; x_wconf 89' lang='lat' dir='ltr'>cog-</span> 
     </span>
     <span class='ocr_line' id='line_1_34' title="bbox 160 1491 1818 1533; baseline -0.001 -9"><span class='ocrx_word' id='word_1_305' title='bbox 160 1496 340 1533; x_wconf 78' lang='lat' dir='ltr'>noscerent,</span> <span class='ocrx_word' id='word_1_306' title='bbox 354 1493 428 1524; x_wconf 91' lang='lat' dir='ltr'>dum</span> <span class='ocrx_word' id='word_1_307' title='bbox 443 1493 593 1524; x_wconf 88' lang='lat' dir='ltr'>videlicet</span> <span class='ocrx_word' id='word_1_308' title='bbox 608 1492 733 1523; x_wconf 85' lang='lat' dir='ltr'>nullusll</span> <span class='ocrx_word' id='word_1_309' title='bbox 746 1491 888 1523; x_wconf 81' lang='lat' dir='ltr'>adesseti</span> <span class='ocrx_word' id='word_1_310' title='bbox 900 1493 959 1523; x_wconf 91' lang='lat' dir='ltr'>nisi</span> <span class='ocrx_word' id='word_1_311' title='bbox 972 1503 1052 1522; x_wconf 92' lang='lat' dir='ltr'>unus</span> <span class='ocrx_word' id='word_1_312' title='bbox 1064 1493 1266 1532; x_wconf 87' lang='lat' dir='ltr'>imperatoris</span> <span class='ocrx_word' id='word_1_313' title='bbox 1278 1493 1446 1533; x_wconf 89' lang='lat' dir='ltr'>interpres,</span> <span class='ocrx_word' id='word_1_314' title='bbox 1461 1493 1514 1533; x_wconf 93' lang='lat' dir='ltr'>qui</span> <span class='ocrx_word' id='word_1_315' title='bbox 1527 1502 1586 1523; x_wconf 88' lang='lat' dir='ltr'>nec</span> <span class='ocrx_word' id='word_1_316' title='bbox 1598 1491 1818 1522; x_wconf 88' lang='lat' dir='ltr'>Romanorum</span> 
     </span>
     <span class='ocr_line' id='line_1_35' title="bbox 160 1543 1818 1584; baseline -0.001 -9"><span class='ocrx_word' id='word_1_317' title='bbox 160 1555 220 1575; x_wconf 92' lang='lat' dir='ltr'>nec</span> <span class='ocrx_word' id='word_1_318' title='bbox 251 1544 453 1576; x_wconf 87' lang='lat' dir='ltr'>orientalium</span> <span class='ocrx_word' id='word_1_319' title='bbox 482 1545 545 1575; x_wconf 90' lang='lat' dir='ltr'>loci</span> <span class='ocrx_word' id='word_1_320' title='bbox 575 1547 774 1574; x_wconf 89' lang='lat' dir='ltr'>servatorum</span> <span class='ocrx_word' id='word_1_321' title='bbox 806 1553 901 1574; x_wconf 88' lang='lat' dir='ltr'>voces</span> <span class='ocrx_word' id='word_1_322' title='bbox 931 1544 1024 1574; x_wconf 88' lang='lat' dir='ltr'>aliter</span> <span class='ocrx_word' id='word_1_323' title='bbox 1053 1543 1194 1574; x_wconf 89' lang='lat' dir='ltr'>audebat</span> <span class='ocrx_word' id='word_1_324' title='bbox 1218 1543 1324 1583; x_wconf 86' lang='lat' dir='ltr'>edere,</span> <span class='ocrx_word' id='word_1_325' title='bbox 1352 1544 1411 1574; x_wconf 90' lang='lat' dir='ltr'>nisi</span> <span class='ocrx_word' id='word_1_326' title='bbox 1434 1544 1556 1574; x_wconf 89' lang='lat' dir='ltr'>utiam</span> <span class='ocrx_word' id='word_1_327' title='bbox 1579 1544 1754 1584; x_wconf 88' lang='lat' dir='ltr'>imperator</span> <span class='ocrx_word' id='word_1_328' title='bbox 1777 1544 1818 1574; x_wconf 84' lang='lat' dir='ltr'>ad</span> 
     </span>
     <span class='ocr_line' id='line_1_36' title="bbox 159 1594 1818 1636; baseline -0.001 -9"><span class='ocrx_word' id='word_1_329' title='bbox 159 1596 400 1627; x_wconf 87' lang='lat' dir='ltr'>subversionem</span> <span class='ocrx_word' id='word_1_330' title='bbox 417 1595 593 1636; x_wconf 85' lang='lat' dir='ltr'>Vulgarum</span> <span class='ocrx_word' id='word_1_331' title='bbox 617 1594 821 1636; x_wconf 71' lang='lat' dir='ltr'>imperaratk,</span> <span class='ocrx_word' id='word_1_332' title='bbox 847 1598 984 1635; x_wconf 76' lang='lat' dir='ltr'>excepto</span> <span class='ocrx_word' id='word_1_333' title='bbox 1008 1594 1093 1636; x_wconf 91' lang='lat' dir='ltr'>quod</span> <span class='ocrx_word' id='word_1_334' title='bbox 1118 1595 1228 1626; x_wconf 87' lang='lat' dir='ltr'>datum</span> <span class='ocrx_word' id='word_1_335' title='bbox 1253 1598 1301 1625; x_wconf 90' lang='lat' dir='ltr'>est</span> <span class='ocrx_word' id='word_1_336' title='bbox 1315 1595 1419 1625; x_wconf 91' lang='lat' dir='ltr'>missis</span> <span class='ocrx_word' id='word_1_337' title='bbox 1432 1595 1610 1636; x_wconf 87' lang='lat' dir='ltr'>Vulgarum</span> <span class='ocrx_word' id='word_1_338' title='bbox 1623 1594 1638 1613; x_wconf 66' lang='lat'>¹&lt;</span> <span class='ocrx_word' id='word_1_339' title='bbox 1655 1595 1818 1635; x_wconf 87' lang='lat' dir='ltr'>quoddam</span> 
     </span>
     <span class='ocr_line' id='line_1_37' title="bbox 160 1646 1819 1689; baseline -0.001 -11"><span class='ocrx_word' id='word_1_340' title='bbox 160 1648 313 1689; x_wconf 89' lang='lat' dir='ltr'>scriptum</span> <span class='ocrx_word' id='word_1_341' title='bbox 345 1646 473 1678; x_wconf 78' lang='lat' dir='ltr'>Grrecis1</span> <span class='ocrx_word' id='word_1_342' title='bbox 496 1647 601 1678; x_wconf 91' lang='lat' dir='ltr'>verbis</span> <span class='ocrx_word' id='word_1_343' title='bbox 632 1650 664 1677; x_wconf 88' lang='lat' dir='ltr'>et</span> <span class='ocrx_word' id='word_1_344' title='bbox 692 1647 807 1678; x_wconf 86' lang='lat' dir='ltr'>litteris</span> <span class='ocrx_word' id='word_1_345' title='bbox 837 1649 1016 1686; x_wconf 84' lang='lat' dir='ltr'>exaratum,</span> <span class='ocrx_word' id='word_1_346' title='bbox 1048 1647 1224 1686; x_wconf 77' lang='lat' dir='ltr'>continens,</span> <span class='ocrx_word' id='word_1_347' title='bbox 1255 1647 1345 1687; x_wconf 89' lang='lat' dir='ltr'>quasi</span> <span class='ocrx_word' id='word_1_348' title='bbox 1375 1646 1438 1678; x_wconf 91' lang='lat' dir='ltr'>loci</span> <span class='ocrx_word' id='word_1_349' title='bbox 1470 1650 1650 1678; x_wconf 88' lang='lat' dir='ltr'>servatores</span> <span class='ocrx_word' id='word_1_350' title='bbox 1679 1646 1819 1677; x_wconf 88' lang='lat' dir='ltr'>Orientis</span> 
     </span>
     <span class='ocr_line' id='line_1_38' title="bbox 160 1697 1820 1739; baseline -0.001 -9"><span class='ocrx_word' id='word_1_351' title='bbox 160 1700 244 1731; x_wconf 87' lang='lat' dir='ltr'>inter</span> <span class='ocrx_word' id='word_1_352' title='bbox 267 1699 330 1729; x_wconf 88' lang='lat' dir='ltr'>loci</span> <span class='ocrx_word' id='word_1_353' title='bbox 355 1701 536 1729; x_wconf 88' lang='lat' dir='ltr'>servatores</span> <span class='ocrx_word' id='word_1_354' title='bbox 552 1698 720 1729; x_wconf 85' lang='lat' dir='ltr'>Romanos</span> <span class='ocrx_word' id='word_1_355' title='bbox 744 1700 777 1728; x_wconf 90' lang='lat' dir='ltr'>et</span> <span class='ocrx_word' id='word_1_356' title='bbox 799 1697 1015 1738; x_wconf 89' lang='lat' dir='ltr'>patriarcham</span> <span class='ocrx_word' id='word_1_357' title='bbox 1039 1697 1201 1739; x_wconf 88' lang='lat' dir='ltr'>Ignatium</span> <span class='ocrx_word' id='word_1_358' title='bbox 1224 1697 1387 1729; x_wconf 84' lang='lat' dir='ltr'>arbitresm</span> <span class='ocrx_word' id='word_1_359' title='bbox 1412 1698 1587 1729; x_wconf 83' lang='lat' dir='ltr'>existentes</span> <span class='ocrx_word' id='word_1_360' title='bbox 1610 1698 1820 1729; x_wconf 86' lang='lat' dir='ltr'>iudicaverint</span> 
     </span>
     <span class='ocr_line' id='line_1_39' title="bbox 162 1748 1819 1791; baseline -0.001 -9"><span class='ocrx_word' id='word_1_361' title='bbox 162 1751 341 1791; x_wconf 86' lang='lat' dir='ltr'>Vulgarum</span> <span class='ocrx_word' id='word_1_362' title='bbox 366 1750 514 1791; x_wconf 88' lang='lat' dir='ltr'>patriam,</span> <span class='ocrx_word' id='word_1_363' title='bbox 545 1760 628 1791; x_wconf 89' lang='lat' dir='ltr'>quae</span> <span class='ocrx_word' id='word_1_364' title='bbox 652 1749 683 1780; x_wconf 93' lang='lat' dir='ltr'>in</span> <span class='ocrx_word' id='word_1_365' title='bbox 706 1748 863 1790; x_wconf 89' lang='lat' dir='ltr'>Hyllirico</span> <span class='ocrx_word' id='word_1_366' title='bbox 888 1750 1060 1780; x_wconf 87' lang='lat' dir='ltr'>constituta</span> <span class='ocrx_word' id='word_1_367' title='bbox 1084 1752 1143 1789; x_wconf 89' lang='lat' dir='ltr'>est,</span> <span class='ocrx_word' id='word_1_368' title='bbox 1168 1749 1308 1781; x_wconf 88' lang='lat' dir='ltr'>dioecesi</span> <span class='ocrx_word' id='word_1_369' title='bbox 1333 1749 1709 1791; x_wconf 86' lang='lat' dir='ltr'>Constantinopolitanae</span> <span class='ocrx_word' id='word_1_370' title='bbox 1733 1750 1819 1781; x_wconf 89' lang='lat' dir='ltr'>subi-</span> 
     </span>
     <span class='ocr_line' id='line_1_40' title="bbox 162 1800 1820 1842; baseline 0 -9"><span class='ocrx_word' id='word_1_371' title='bbox 162 1802 319 1842; x_wconf 86' lang='lat' dir='ltr'>ciendam,</span> <span class='ocrx_word' id='word_1_372' title='bbox 340 1812 413 1832; x_wconf 89' lang='lat' dir='ltr'>cum</span> <span class='ocrx_word' id='word_1_373' title='bbox 437 1802 477 1833; x_wconf 90' lang='lat' dir='ltr'>ab</span> <span class='ocrx_word' id='word_1_374' title='bbox 502 1801 577 1832; x_wconf 89' lang='lat' dir='ltr'>olim</span> <span class='ocrx_word' id='word_1_375' title='bbox 601 1802 634 1832; x_wconf 92' lang='lat' dir='ltr'>in</span> <span class='ocrx_word' id='word_1_376' title='bbox 656 1803 792 1842; x_wconf 85' lang='lat' dir='ltr'>utraque</span> <span class='ocrx_word' id='word_1_377' title='bbox 809 1801 932 1842; x_wconf 90' lang='lat' dir='ltr'>Hepiro</span> <span class='ocrx_word' id='word_1_378' title='bbox 949 1800 1114 1832; x_wconf 86' lang='lat' dir='ltr'>Dardania</span> <span class='ocrx_word' id='word_1_379' title='bbox 1131 1800 1232 1832; x_wconf 83' lang='lat' dir='ltr'>Dacia</span> <span class='ocrx_word' id='word_1_380' title='bbox 1248 1801 1415 1832; x_wconf 81' lang='lat' dir='ltr'>Thessalia</span> <span class='ocrx_word' id='word_1_381' title='bbox 1432 1804 1464 1832; x_wconf 88' lang='lat' dir='ltr'>et</span> <span class='ocrx_word' id='word_1_382' title='bbox 1485 1802 1600 1832; x_wconf 87' lang='lat' dir='ltr'>ceteris</span> <span class='ocrx_word' id='word_1_383' title='bbox 1615 1802 1648 1832; x_wconf 92' lang='lat' dir='ltr'>in</span> <span class='ocrx_word' id='word_1_384' title='bbox 1663 1801 1820 1842; x_wconf 87' lang='lat' dir='ltr'>Hyllirico</span> 
     </span>
     <span class='ocr_line' id='line_1_41' title="bbox 161 1852 1819 1895; baseline -0.001 -10"><span class='ocrx_word' id='word_1_385' title='bbox 161 1854 229 1885; x_wconf 86' lang='lat' dir='ltr'>sitis</span> <span class='ocrx_word' id='word_1_386' title='bbox 252 1854 423 1895; x_wconf 89' lang='lat' dir='ltr'>provinciis</span> <span class='ocrx_word' id='word_1_387' title='bbox 446 1863 575 1894; x_wconf 90' lang='lat' dir='ltr'>semper</span> <span class='ocrx_word' id='word_1_388' title='bbox 598 1852 684 1883; x_wconf 90' lang='lat' dir='ltr'>sedis</span> <span class='ocrx_word' id='word_1_389' title='bbox 707 1853 905 1894; x_wconf 89' lang='lat' dir='ltr'>apostolicae</span> <span class='ocrx_word' id='word_1_390' title='bbox 930 1852 1095 1893; x_wconf 89' lang='lat' dir='ltr'>dispositio</span> <span class='ocrx_word' id='word_1_391' title='bbox 1120 1853 1205 1883; x_wconf 84' lang='lat' dir='ltr'>facta</span> <span class='ocrx_word' id='word_1_392' title='bbox 1228 1852 1359 1892; x_wconf 89' lang='lat' dir='ltr'>clareat,</span> <span class='ocrx_word' id='word_1_393' title='bbox 1383 1854 1464 1884; x_wconf 88' lang='lat' dir='ltr'>sicut</span> <span class='ocrx_word' id='word_1_394' title='bbox 1480 1852 1626 1884; x_wconf 86' lang='lat' dir='ltr'>diversae</span> <span class='ocrx_word' id='word_1_395' title='bbox 1646 1853 1819 1885; x_wconf 83' lang='lat' dir='ltr'>historiaen</span> 
     </span>
     <span class='ocr_line' id='line_1_42' title="bbox 161 1903 1820 1946; baseline -0.001 -9"><span class='ocrx_word' id='word_1_396' title='bbox 161 1906 237 1937; x_wconf 81' lang='lat' dir='ltr'>vel¹¹</span> <span class='ocrx_word' id='word_1_397' title='bbox 259 1905 444 1946; x_wconf 88' lang='lat' dir='ltr'>pontificum</span> <span class='ocrx_word' id='word_1_398' title='bbox 468 1905 687 1936; x_wconf 87' lang='lat' dir='ltr'>Romanorum</span> <span class='ocrx_word' id='word_1_399' title='bbox 718 1914 737 1935; x_wconf 89' lang='lat' dir='ltr'>a</span> <span class='ocrx_word' id='word_1_400' title='bbox 760 1904 902 1935; x_wconf 87' lang='lat' dir='ltr'>Damaso</span> <span class='ocrx_word' id='word_1_401' title='bbox 930 1914 1017 1945; x_wconf 89' lang='lat' dir='ltr'>papa</span> <span class='ocrx_word' id='word_1_402' title='bbox 1045 1914 1103 1944; x_wconf 92' lang='lat' dir='ltr'>per</span> <span class='ocrx_word' id='word_1_403' title='bbox 1135 1903 1266 1935; x_wconf 88' lang='lat' dir='ltr'>easdem</span> <span class='ocrx_word' id='word_1_404' title='bbox 1295 1904 1475 1944; x_wconf 86' lang='lat' dir='ltr'>provincias</span> <span class='ocrx_word' id='word_1_405' title='bbox 1509 1904 1626 1935; x_wconf 88' lang='lat' dir='ltr'>missae</span> <span class='ocrx_word' id='word_1_406' title='bbox 1662 1908 1820 1936; x_wconf 86' lang='lat' dir='ltr'>testantur</span> 
     </span>
     <span class='ocr_line' id='line_1_43' title="bbox 164 1954 1819 1998; baseline 0.001 -11"><span class='ocrx_word' id='word_1_407' title='bbox 164 1957 319 1997; x_wconf 89' lang='lat' dir='ltr'>epistolae</span> <span class='ocrx_word' id='word_1_408' title='bbox 328 1956 351 1997; x_wconf 84' lang='lat'>2,</span> <span class='ocrx_word' id='word_1_409' title='bbox 382 1959 415 1987; x_wconf 88' lang='lat' dir='ltr'>et</span> <span class='ocrx_word' id='word_1_410' title='bbox 437 1956 495 1987; x_wconf 91' lang='lat' dir='ltr'>has</span> <span class='ocrx_word' id='word_1_411' title='bbox 517 1955 696 1986; x_wconf 81' lang='lat' dir='ltr'>Grecorum</span> <span class='ocrx_word' id='word_1_412' title='bbox 720 1956 880 1996; x_wconf 89' lang='lat' dir='ltr'>principes</span> <span class='ocrx_word' id='word_1_413' title='bbox 904 1955 971 1986; x_wconf 87' lang='lat' dir='ltr'>sola</span> <span class='ocrx_word' id='word_1_414' title='bbox 994 1955 1025 1986; x_wconf 86' lang='lat' dir='ltr'>vi</span> <span class='ocrx_word' id='word_1_415' title='bbox 1048 1955 1229 1986; x_wconf 86' lang='lat' dir='ltr'>faventibus</span> <span class='ocrx_word' id='word_1_416' title='bbox 1253 1955 1313 1986; x_wconf 91' lang='lat' dir='ltr'>sibi</span> <span class='ocrx_word' id='word_1_417' title='bbox 1339 1954 1699 1996; x_wconf 80' lang='lat' dir='ltr'>ConstantInopolitanis</span> <span class='ocrx_word' id='word_1_418' title='bbox 1727 1967 1819 1998; x_wconf 90' lang='lat' dir='ltr'>prae-</span> 
     </span>
     <span class='ocr_line' id='line_1_44' title="bbox 164 2006 1818 2050; baseline 0.001 -12"><span class='ocrx_word' id='word_1_419' title='bbox 164 2007 295 2048; x_wconf 87' lang='lat' dir='ltr'>sulibus,</span> <span class='ocrx_word' id='word_1_420' title='bbox 309 2018 404 2038; x_wconf 88' lang='lat' dir='ltr'>causa</span> <span class='ocrx_word' id='word_1_421' title='bbox 421 2007 590 2038; x_wconf 86' lang='lat' dir='ltr'>dumtaxat</span> <span class='ocrx_word' id='word_1_422' title='bbox 606 2017 703 2047; x_wconf 88' lang='lat' dir='ltr'>quam</span> <span class='ocrx_word' id='word_1_423' title='bbox 719 2007 864 2047; x_wconf 87' lang='lat' dir='ltr'>superius</span> <span class='ocrx_word' id='word_1_424' title='bbox 880 2006 1113 2047; x_wconf 83' lang='lat' dir='ltr'>annotavimus,</span> <span class='ocrx_word' id='word_1_425' title='bbox 1131 2009 1274 2037; x_wconf 84' lang='lat' dir='ltr'>extortas</span> <span class='ocrx_word' id='word_1_426' title='bbox 1286 2006 1326 2037; x_wconf 86' lang='lat' dir='ltr'>ab</span> <span class='ocrx_word' id='word_1_427' title='bbox 1340 2007 1517 2047; x_wconf 88' lang='lat' dir='ltr'>apostolica</span> <span class='ocrx_word' id='word_1_428' title='bbox 1530 2007 1607 2038; x_wconf 87' lang='lat' dir='ltr'>sede</span> <span class='ocrx_word' id='word_1_429' title='bbox 1622 2008 1818 2050; x_wconf 85' lang='lat' dir='ltr'>subegerint.</span> 
     </span>
     <span class='ocr_line' id='line_1_45' title="bbox 165 2057 1818 2101; baseline 0.001 -11"><span class='ocrx_word' id='word_1_430' title='bbox 165 2058 268 2099; x_wconf 85' lang='lat' dir='ltr'>Super</span> <span class='ocrx_word' id='word_1_431' title='bbox 300 2059 415 2100; x_wconf 89' lang='lat' dir='ltr'>quibus</span> <span class='ocrx_word' id='word_1_432' title='bbox 445 2057 638 2099; x_wconf 90' lang='lat' dir='ltr'>recipiendis</span> <span class='ocrx_word' id='word_1_433' title='bbox 667 2057 741 2089; x_wconf 93' lang='lat' dir='ltr'>ideo</span> <span class='ocrx_word' id='word_1_434' title='bbox 772 2058 950 2099; x_wconf 87' lang='lat' dir='ltr'>apostolica</span> <span class='ocrx_word' id='word_1_435' title='bbox 979 2057 1074 2088; x_wconf 89' lang='lat' dir='ltr'>sedes</span> <span class='ocrx_word' id='word_1_436' title='bbox 1103 2058 1244 2089; x_wconf 89' lang='lat' dir='ltr'>nullam⁰</span> <span class='ocrx_word' id='word_1_437' title='bbox 1274 2059 1456 2099; x_wconf 87' lang='lat' dir='ltr'>repperitur</span> <span class='ocrx_word' id='word_1_438' title='bbox 1486 2058 1600 2090; x_wconf 89' lang='lat' dir='ltr'>fecisse</span> <span class='ocrx_word' id='word_1_439' title='bbox 1631 2060 1818 2101; x_wconf 88' lang='lat' dir='ltr'>querellam,</span> 
     </span>
     <span class='ocr_line' id='line_1_46' title="bbox 166 2109 1818 2152; baseline 0.001 -11"><span class='ocrx_word' id='word_1_440' title='bbox 166 2110 317 2152; x_wconf 90' lang='lat' dir='ltr'>quoniam</span> <span class='ocrx_word' id='word_1_441' title='bbox 341 2120 416 2141; x_wconf 82' lang='lat' dir='ltr'>mox</span> <span class='ocrx_word' id='word_1_442' title='bbox 439 2110 506 2150; x_wconf 83' lang='lat' dir='ltr'>has,</span> <span class='ocrx_word' id='word_1_443' title='bbox 531 2112 565 2140; x_wconf 89' lang='lat' dir='ltr'>ut</span> <span class='ocrx_word' id='word_1_444' title='bbox 588 2109 788 2150; x_wconf 85' lang='lat' dir='ltr'>praedictum</span> <span class='ocrx_word' id='word_1_445' title='bbox 811 2112 869 2150; x_wconf 90' lang='lat' dir='ltr'>est,</span> <span class='ocrx_word' id='word_1_446' title='bbox 894 2119 991 2150; x_wconf 86' lang='lat' dir='ltr'>saepe</span> <span class='ocrx_word' id='word_1_447' title='bbox 1015 2113 1195 2141; x_wconf 89' lang='lat' dir='ltr'>memorata</span> <span class='ocrx_word' id='word_1_448' title='bbox 1210 2109 1389 2151; x_wconf 86' lang='lat' dir='ltr'>Vulgarum</span> <span class='ocrx_word' id='word_1_449' title='bbox 1412 2111 1499 2141; x_wconf 89' lang='lat' dir='ltr'>natio</span> <span class='ocrx_word' id='word_1_450' title='bbox 1524 2111 1591 2142; x_wconf 91' lang='lat' dir='ltr'>adit</span> <span class='ocrx_word' id='word_1_451' title='bbox 1614 2114 1647 2142; x_wconf 92' lang='lat' dir='ltr'>et</span> <span class='ocrx_word' id='word_1_452' title='bbox 1670 2111 1731 2142; x_wconf 90' lang='lat' dir='ltr'>sibi</span> <span class='ocrx_word' id='word_1_453' title='bbox 1749 2112 1818 2143; x_wconf 92' lang='lat' dir='ltr'>iure</span> 
     </span>
     <span class='ocr_line' id='line_1_47' title="bbox 165 2160 1818 2205; baseline 0.002 -13"><span class='ocrx_word' id='word_1_454' title='bbox 165 2162 334 2203; x_wconf 91' lang='lat' dir='ltr'>potestatis</span> <span class='ocrx_word' id='word_1_455' title='bbox 358 2161 466 2192; x_wconf 89' lang='lat' dir='ltr'>omnia</span> <span class='ocrx_word' id='word_1_456' title='bbox 487 2160 637 2193; x_wconf 83' lang='lat' dir='ltr'>vindicat.</span> <span class='ocrx_word' id='word_1_457' title='bbox 669 2161 714 2191; x_wconf 89' lang='lat' dir='ltr'>At</span> <span class='ocrx_word' id='word_1_458' title='bbox 736 2160 791 2191; x_wconf 93' lang='lat' dir='ltr'>ubi</span> <span class='ocrx_word' id='word_1_459' title='bbox 814 2161 926 2202; x_wconf 85' lang='lat' dir='ltr'>religio</span> <span class='ocrx_word' id='word_1_460' title='bbox 943 2160 1058 2202; x_wconf 76' lang='lat' dir='ltr'>reditP,</span> <span class='ocrx_word' id='word_1_461' title='bbox 1082 2161 1250 2193; x_wconf 88' lang='lat' dir='ltr'>confestim</span> <span class='ocrx_word' id='word_1_462' title='bbox 1268 2165 1300 2193; x_wconf 89' lang='lat' dir='ltr'>et</span> <span class='ocrx_word' id='word_1_463' title='bbox 1317 2162 1502 2194; x_wconf 88' lang='lat' dir='ltr'>dioeceseos</span> <span class='ocrx_word' id='word_1_464' title='bbox 1519 2163 1567 2193; x_wconf 81' lang='lat' dir='ltr'>fas</span> <span class='ocrx_word' id='word_1_465' title='bbox 1583 2163 1652 2194; x_wconf 90' lang='lat' dir='ltr'>sedi</span> <span class='ocrx_word' id='word_1_466' title='bbox 1668 2165 1818 2205; x_wconf 88' lang='lat' dir='ltr'>propriae</span> 
     </span>
     <span class='ocr_line' id='line_1_48' title="bbox 165 2211 1819 2247; baseline 0.001 -3"><span class='ocrx_word' id='word_1_467' title='bbox 165 2213 367 2244; x_wconf 87' lang='lat' dir='ltr'>reformatur.</span> <span class='ocrx_word' id='word_1_468' title='bbox 392 2212 484 2243; x_wconf 86' lang='lat' dir='ltr'>Haec</span> <span class='ocrx_word' id='word_1_469' title='bbox 497 2222 569 2243; x_wconf 89' lang='lat' dir='ltr'>cum</span> <span class='ocrx_word' id='word_1_470' title='bbox 581 2211 722 2243; x_wconf 85' lang='lat' dir='ltr'>Romani</span> <span class='ocrx_word' id='word_1_471' title='bbox 734 2215 766 2243; x_wconf 88' lang='lat' dir='ltr'>et</span> <span class='ocrx_word' id='word_1_472' title='bbox 779 2212 827 2243; x_wconf 91' lang='lat' dir='ltr'>his</span> <span class='ocrx_word' id='word_1_473' title='bbox 848 2212 964 2244; x_wconf 90' lang='lat' dir='ltr'>similia</span> <span class='ocrx_word' id='word_1_474' title='bbox 976 2213 1037 2244; x_wconf 90' lang='lat' dir='ltr'>loci</span> <span class='ocrx_word' id='word_1_475' title='bbox 1056 2217 1237 2245; x_wconf 88' lang='lat' dir='ltr'>servatores</span> <span class='ocrx_word' id='word_1_476' title='bbox 1255 2215 1438 2245; x_wconf 88' lang='lat' dir='ltr'>summatim</span> <span class='ocrx_word' id='word_1_477' title='bbox 1451 2214 1628 2246; x_wconf 81' lang='lat' dir='ltr'>Grecorum</span> <span class='ocrx_word' id='word_1_478' title='bbox 1641 2214 1819 2247; x_wconf 85' lang='lat' dir='ltr'>locutiones</span> 
     </span>
     <span class='ocr_line' id='line_1_49' title="bbox 166 2263 1819 2308; baseline 0.001 -12"><span class='ocrx_word' id='word_1_479' title='bbox 166 2265 372 2296; x_wconf 87' lang='lat' dir='ltr'>advertentes</span> <span class='ocrx_word' id='word_1_480' title='bbox 399 2266 588 2303; x_wconf 84' lang='lat' dir='ltr'>assererent,</span> <span class='ocrx_word' id='word_1_481' title='bbox 619 2264 717 2295; x_wconf 85' lang='lat' dir='ltr'>etiam</span> <span class='ocrx_word' id='word_1_482' title='bbox 746 2263 807 2295; x_wconf 91' lang='lat' dir='ltr'>hoc</span> <span class='ocrx_word' id='word_1_483' title='bbox 837 2264 999 2304; x_wconf 85' lang='lat' dir='ltr'>prosecuti</span> <span class='ocrx_word' id='word_1_484' title='bbox 1029 2267 1100 2295; x_wconf 87' lang='lat' dir='ltr'>sunt</span> <span class='ocrx_word' id='word_1_485' title='bbox 1131 2265 1287 2297; x_wconf 86' lang='lat' dir='ltr'>dicentes:</span> <span class='ocrx_word' id='word_1_486' title='bbox 1312 2265 1479 2297; x_wconf 84' lang='lat' dir='ltr'>‘Omnibus</span> <span class='ocrx_word' id='word_1_487' title='bbox 1508 2266 1610 2308; x_wconf 89' lang='lat' dir='ltr'>liquet</span> <span class='ocrx_word' id='word_1_488' title='bbox 1632 2277 1737 2308; x_wconf 91' lang='lat' dir='ltr'>neque</span> <span class='ocrx_word' id='word_1_489' title='bbox 1761 2278 1819 2299; x_wconf 90' lang='lat' dir='ltr'>nos</span> 
     </span>
    </p>
   </div>
   <div class='ocr_carea' id='block_1_13' title="bbox 168 2425 1818 2591">
    <p class='ocr_par' dir='ltr' id='par_1_13' title="bbox 168 2425 1818 2591">
     <span class='ocr_line' id='line_1_50' title="bbox 271 2425 1817 2463; baseline 0.003 -11"><span class='ocrx_word' id='word_1_490' title='bbox 271 2429 294 2458; x_wconf 67' lang='grc' dir='ltr'>Β)</span> <span class='ocrx_word' id='word_1_491' title='bbox 312 2428 347 2452; x_wconf 73' lang='lat' dir='ltr'>sic</span> <span class='ocrx_word' id='word_1_492' title='bbox 366 2427 394 2459; x_wconf 86' lang='lat' dir='ltr'>V,</span> <span class='ocrx_word' id='word_1_493' title='bbox 410 2426 459 2457; x_wconf 83' lang='lat' dir='ltr'>VJ,</span> <span class='ocrx_word' id='word_1_494' title='bbox 475 2426 534 2456; x_wconf 81' lang='lat' dir='ltr'>V2,·</span> <span class='ocrx_word' id='word_1_495' title='bbox 559 2427 682 2458; x_wconf 82' lang='lat' dir='ltr'>invident,</span> <span class='ocrx_word' id='word_1_496' title='bbox 706 2435 720 2452; x_wconf 89' lang='lat' dir='ltr'>e</span> <span class='ocrx_word' id='word_1_497' title='bbox 738 2435 805 2452; x_wconf 76' lang='lat' dir='ltr'>corr.</span> <span class='ocrx_word' id='word_1_498' title='bbox 822 2426 871 2452; x_wconf 84' lang='lat' dir='ltr'>V3.</span> <span class='ocrx_word' id='word_1_499' title='bbox 971 2425 996 2459; x_wconf 81' lang='lat' dir='ltr'>b)</span> <span class='ocrx_word' id='word_1_500' title='bbox 1015 2427 1179 2453; x_wconf 80' lang='lat' dir='ltr'>crebrerrime</span> <span class='ocrx_word' id='word_1_501' title='bbox 1199 2429 1287 2460; x_wconf 83' lang='lat' dir='ltr'>codd.;</span> <span class='ocrx_word' id='word_1_502' title='bbox 1314 2430 1359 2455; x_wconf 72' lang='lat' dir='ltr'>sed</span> <span class='ocrx_word' id='word_1_503' title='bbox 1385 2431 1419 2463; x_wconf 81' lang='lat' dir='ltr'>cf.</span> <span class='ocrx_word' id='word_1_504' title='bbox 1437 2429 1501 2454; x_wconf 69' lang='grc' dir='ltr'>ΜΘ.</span> <span class='ocrx_word' id='word_1_505' title='bbox 1515 2429 1596 2462; x_wconf 81' lang='lat' dir='ltr'>Epist.</span> <span class='ocrx_word' id='word_1_506' title='bbox 1615 2430 1658 2461; x_wconf 87' lang='lat' dir='ltr'>VI,</span> <span class='ocrx_word' id='word_1_507' title='bbox 1675 2433 1723 2455; x_wconf 78' lang='lat'>755</span> <span class='ocrx_word' id='word_1_508' title='bbox 1747 2431 1764 2456; x_wconf 79' lang='lat' dir='ltr'>l.</span> <span class='ocrx_word' id='word_1_509' title='bbox 1778 2432 1817 2456; x_wconf 75' lang='lat'>28.</span> 
     </span>
     <span class='ocr_line' id='line_1_51' title="bbox 168 2468 1816 2506; baseline 0.002 -11"><span class='ocrx_word' id='word_1_510' title='bbox 168 2470 190 2502; x_wconf 66' lang='grc' dir='ltr'>ὓ)</span> <span class='ocrx_word' id='word_1_511' title='bbox 211 2479 260 2495; x_wconf 89' lang='lat' dir='ltr'>om.</span> <span class='ocrx_word' id='word_1_512' title='bbox 276 2470 330 2495; x_wconf 89' lang='lat' dir='ltr'>V3.</span> <span class='ocrx_word' id='word_1_513' title='bbox 401 2468 426 2501; x_wconf 82' lang='lat' dir='ltr'>d)</span> <span class='ocrx_word' id='word_1_514' title='bbox 445 2470 486 2494; x_wconf 79' lang='lat' dir='ltr'>vel</span> <span class='ocrx_word' id='word_1_515' title='bbox 505 2470 580 2502; x_wconf 76' lang='lat' dir='ltr'>deest,</span> <span class='ocrx_word' id='word_1_516' title='bbox 598 2471 643 2496; x_wconf 73' lang='lat' dir='ltr'>sed</span> <span class='ocrx_word' id='word_1_517' title='bbox 661 2471 731 2495; x_wconf 69' lang='lat' dir='ltr'>locus</span> <span class='ocrx_word' id='word_1_518' title='bbox 749 2479 826 2495; x_wconf 75' lang='lat' dir='ltr'>rasus</span> <span class='ocrx_word' id='word_1_519' title='bbox 843 2472 859 2496; x_wconf 89' lang='grc'><em>3</em></span> <span class='ocrx_word' id='word_1_520' title='bbox 877 2471 1022 2496; x_wconf 76' lang='lat' dir='ltr'>litterarum</span> <span class='ocrx_word' id='word_1_521' title='bbox 1039 2476 1115 2497; x_wconf 83' lang='lat' dir='ltr'>vacat</span> <span class='ocrx_word' id='word_1_522' title='bbox 1133 2472 1184 2498; x_wconf 90' lang='lat' dir='ltr'>V3.</span> <span class='ocrx_word' id='word_1_523' title='bbox 1264 2473 1286 2504; x_wconf 79' lang='grc' dir='ltr'>θ)</span> <span class='ocrx_word' id='word_1_524' title='bbox 1306 2481 1373 2498; x_wconf 81' lang='lat' dir='ltr'>corr.</span> <span class='ocrx_word' id='word_1_525' title='bbox 1386 2481 1416 2498; x_wconf 68' lang='lat' dir='ltr'>ex</span> <span class='ocrx_word' id='word_1_526' title='bbox 1435 2473 1524 2498; x_wconf 81' lang='lat' dir='ltr'>abdita</span> <span class='ocrx_word' id='word_1_527' title='bbox 1544 2472 1571 2498; x_wconf 89' lang='lat' dir='ltr'>V.</span> <span class='ocrx_word' id='word_1_528' title='bbox 1641 2472 1661 2505; x_wconf 66' lang='grc'>1)</span> <span class='ocrx_word' id='word_1_529' title='bbox 1680 2476 1696 2506; x_wconf 62' lang='grc' dir='ltr'>ᾗ</span> <span class='ocrx_word' id='word_1_530' title='bbox 1712 2473 1738 2505; x_wconf 78' lang='lat' dir='ltr'>V,</span> <span class='ocrx_word' id='word_1_531' title='bbox 1757 2474 1816 2503; x_wconf 87' lang='lat' dir='ltr'>V1;</span> 
     </span>
     <span class='ocr_line' id='line_1_52' title="bbox 168 2512 1818 2548; baseline 0.004 -12"><span class='ocrx_word' id='word_1_532' title='bbox 168 2521 218 2545; x_wconf 85' lang='lat' dir='ltr'>que</span> <span class='ocrx_word' id='word_1_533' title='bbox 235 2512 297 2543; x_wconf 80' lang='lat' dir='ltr'>V2;</span> <span class='ocrx_word' id='word_1_534' title='bbox 327 2515 343 2545; x_wconf 66' lang='lat' dir='ltr'>c}</span> <span class='ocrx_word' id='word_1_535' title='bbox 362 2514 464 2538; x_wconf 86' lang='lat' dir='ltr'>uidetur</span> <span class='ocrx_word' id='word_1_536' title='bbox 481 2514 508 2538; x_wconf 79' lang='lat' dir='ltr'>in</span> <span class='ocrx_word' id='word_1_537' title='bbox 526 2522 580 2539; x_wconf 69' lang='lat' dir='ltr'>ras.</span> <span class='ocrx_word' id='word_1_538' title='bbox 592 2518 621 2538; x_wconf 82' lang='lat' dir='ltr'>ut</span> <span class='ocrx_word' id='word_1_539' title='bbox 637 2513 689 2538; x_wconf 75' lang='lat' dir='ltr'><em>vid.</em></span> <span class='ocrx_word' id='word_1_540' title='bbox 710 2513 738 2538; x_wconf 89' lang='lat' dir='ltr'>V.</span> <span class='ocrx_word' id='word_1_541' title='bbox 817 2513 841 2545; x_wconf 73' lang='grc' dir='ltr'>Β)</span> <span class='ocrx_word' id='word_1_542' title='bbox 860 2514 895 2538; x_wconf 76' lang='grc' dir='ltr'>εἰσ</span> <span class='ocrx_word' id='word_1_543' title='bbox 914 2513 971 2543; x_wconf 84' lang='lat' dir='ltr'>V3,·</span> <span class='ocrx_word' id='word_1_544' title='bbox 990 2514 1083 2547; x_wconf 80' lang='lat' dir='ltr'>reliqui</span> <span class='ocrx_word' id='word_1_545' title='bbox 1101 2516 1234 2541; x_wconf 85' lang='lat' dir='ltr'>ecclesiae.</span> <span class='ocrx_word' id='word_1_546' title='bbox 1310 2514 1335 2547; x_wconf 61' lang='grc' dir='ltr'>Ι1)</span> <span class='ocrx_word' id='word_1_547' title='bbox 1353 2524 1419 2540; x_wconf 70' lang='lat' dir='ltr'>corr.</span> <span class='ocrx_word' id='word_1_548' title='bbox 1434 2524 1464 2540; x_wconf 66' lang='lat' dir='ltr'>esc</span> <span class='ocrx_word' id='word_1_549' title='bbox 1482 2515 1560 2540; x_wconf 88' lang='lat' dir='ltr'>nullis</span> <span class='ocrx_word' id='word_1_550' title='bbox 1578 2515 1607 2541; x_wconf 90' lang='lat' dir='ltr'>V.</span> <span class='ocrx_word' id='word_1_551' title='bbox 1693 2515 1711 2548; x_wconf 86' lang='lat' dir='ltr'>i)</span> <span class='ocrx_word' id='word_1_552' title='bbox 1730 2517 1818 2542; x_wconf 85' lang='lat' dir='ltr'>adesse</span> 
     </span>
     <span class='ocr_line' id='line_1_53' title="bbox 173 2554 1818 2591; baseline 0.003 -11"><span class='ocrx_word' id='word_1_553' title='bbox 173 2555 230 2581; x_wconf 75' lang='lat' dir='ltr'>V2.</span> <span class='ocrx_word' id='word_1_554' title='bbox 305 2554 332 2588; x_wconf 80' lang='lat' dir='ltr'>k)</span> <span class='ocrx_word' id='word_1_555' title='bbox 351 2557 675 2589; x_wconf 79' lang='lat' dir='ltr'>imperarat—Vulgarum</span> <span class='ocrx_word' id='word_1_556' title='bbox 694 2565 742 2582; x_wconf 87' lang='lat' dir='ltr'>om.</span> <span class='ocrx_word' id='word_1_557' title='bbox 760 2556 812 2582; x_wconf 80' lang='lat' dir='ltr'>V2.</span> <span class='ocrx_word' id='word_1_558' title='bbox 892 2556 910 2588; x_wconf 84' lang='lat'>¹)</span> <span class='ocrx_word' id='word_1_559' title='bbox 928 2565 981 2583; x_wconf 80' lang='lat' dir='ltr'>ras.</span> <span class='ocrx_word' id='word_1_560' title='bbox 996 2566 1062 2584; x_wconf 82' lang='lat' dir='ltr'>corr.</span> <span class='ocrx_word' id='word_1_561' title='bbox 1075 2566 1106 2583; x_wconf 76' lang='lat' dir='ltr'>ecc</span> <span class='ocrx_word' id='word_1_562' title='bbox 1123 2559 1221 2591; x_wconf 66' lang='lat' dir='ltr'>grescis</span> <span class='ocrx_word' id='word_1_563' title='bbox 1240 2559 1266 2583; x_wconf 92' lang='lat' dir='ltr'>V.</span> <span class='ocrx_word' id='word_1_564' title='bbox 1346 2558 1378 2588; x_wconf 86' lang='lat'>¹¹¹)</span> <span class='ocrx_word' id='word_1_565' title='bbox 1396 2559 1505 2583; x_wconf 80' lang='lat' dir='ltr'>arbitros</span> <span class='ocrx_word' id='word_1_566' title='bbox 1524 2558 1576 2583; x_wconf 80' lang='lat' dir='ltr'>V2.</span> <span class='ocrx_word' id='word_1_567' title='bbox 1653 2560 1677 2591; x_wconf 82' lang='lat' dir='ltr'>n)</span> <span class='ocrx_word' id='word_1_568' title='bbox 1698 2560 1818 2585; x_wconf 83' lang='lat' dir='ltr'>historiae</span> 
     </span>
    </p>
   </div>
   <div class='ocr_carea' id='block_1_14' title="bbox 168 2598 1107 2632">
    <p class='ocr_par' dir='ltr' id='par_1_14' title="bbox 168 2598 1107 2632">
     <span class='ocr_line' id='line_1_54' title="bbox 168 2598 1107 2632; baseline 0.002 -8"><span class='ocrx_word' id='word_1_569' title='bbox 168 2599 209 2624; x_wconf 82' lang='lat' dir='ltr'>vel</span> <span class='ocrx_word' id='word_1_570' title='bbox 228 2606 354 2630; x_wconf 70' lang='lat' dir='ltr'>superscr.</span> <span class='ocrx_word' id='word_1_571' title='bbox 370 2598 400 2631; x_wconf 88' lang='lat' dir='ltr'>V,</span> <span class='ocrx_word' id='word_1_572' title='bbox 419 2607 467 2624; x_wconf 90' lang='lat' dir='ltr'>om.</span> <span class='ocrx_word' id='word_1_573' title='bbox 482 2599 507 2624; x_wconf 83' lang='lat' dir='ltr'>V</span> <span class='ocrx_word' id='word_1_574' title='bbox 513 2602 536 2625; x_wconf 87' lang='lat'>2.</span> <span class='ocrx_word' id='word_1_575' title='bbox 607 2599 631 2632; x_wconf 92' lang='lat'>0)</span> <span class='ocrx_word' id='word_1_576' title='bbox 650 2600 721 2624; x_wconf 79' lang='lat' dir='ltr'>nulla</span> <span class='ocrx_word' id='word_1_577' title='bbox 740 2599 768 2631; x_wconf 87' lang='lat' dir='ltr'>V,</span> <span class='ocrx_word' id='word_1_578' title='bbox 782 2599 836 2625; x_wconf 90' lang='lat' dir='ltr'>V2.</span> <span class='ocrx_word' id='word_1_579' title='bbox 908 2599 933 2631; x_wconf 82' lang='grc' dir='ltr'>Ρ)</span> <span class='ocrx_word' id='word_1_580' title='bbox 951 2601 1034 2625; x_wconf 84' lang='lat' dir='ltr'>reddit</span> <span class='ocrx_word' id='word_1_581' title='bbox 1054 2600 1107 2626; x_wconf 80' lang='lat'>1⁷1.</span> 
     </span>
    </p>
   </div>
   <div class='ocr_carea' id='block_1_15' title="bbox 170 2699 1818 2823">
    <p class='ocr_par' dir='ltr' id='par_1_15' title="bbox 170 2699 1818 2823">
     <span class='ocr_line' id='line_1_55' title="bbox 277 2699 1818 2737; baseline 0.002 -11"><span class='ocrx_word' id='word_1_582' title='bbox 277 2699 301 2732; x_wconf 91' lang='lat'>1)</span> <span class='ocrx_word' id='word_1_583' title='bbox 324 2699 364 2731; x_wconf 74' lang='lat' dir='ltr'>Cf.</span> <span class='ocrx_word' id='word_1_584' title='bbox 378 2699 437 2727; x_wconf 73' lang='lat' dir='ltr'><strong><em>Lib.</em></strong></span> <span class='ocrx_word' id='word_1_585' title='bbox 445 2703 522 2733; x_wconf 73' lang='lat' dir='ltr'>pont.</span> <span class='ocrx_word' id='word_1_586' title='bbox 537 2701 554 2728; x_wconf 84' lang='grc' dir='ltr'>Ζ,</span> <span class='ocrx_word' id='word_1_587' title='bbox 567 2701 583 2728; x_wconf 86' lang='lat' dir='ltr'>l.</span> <span class='ocrx_word' id='word_1_588' title='bbox 597 2709 619 2728; x_wconf 79' lang='grc' dir='ltr'>ο.</span> <span class='ocrx_word' id='word_1_589' title='bbox 631 2704 730 2728; x_wconf 78' lang='grc'><em>46-58</em></span> <span class='ocrx_word' id='word_1_590' title='bbox 744 2709 774 2734; x_wconf 80' lang='lat' dir='ltr'>p.</span> <span class='ocrx_word' id='word_1_591' title='bbox 788 2704 898 2734; x_wconf 72' lang='lat' dir='ltr'>1828qq.</span> <span class='ocrx_word' id='word_1_592' title='bbox 1002 2701 1028 2734; x_wconf 86' lang='lat'>2)</span> <span class='ocrx_word' id='word_1_593' title='bbox 1047 2701 1112 2736; x_wconf 65' lang='lat' dir='ltr'>Ray.</span> <span class='ocrx_word' id='word_1_594' title='bbox 1125 2703 1198 2736; x_wconf 75' lang='lat' dir='ltr'>Jaffe&#39;</span> <span class='ocrx_word' id='word_1_595' title='bbox 1215 2706 1265 2730; x_wconf 76' lang='lat'>232</span> <span class='ocrx_word' id='word_1_596' title='bbox 1283 2706 1307 2730; x_wconf 84' lang='lat' dir='ltr'>et</span> <span class='ocrx_word' id='word_1_597' title='bbox 1324 2706 1384 2733; x_wconf 75' lang='lat'><em>237;</em></span> <span class='ocrx_word' id='word_1_598' title='bbox 1401 2706 1435 2737; x_wconf 72' lang='lat' dir='ltr'>cf.</span> <span class='ocrx_word' id='word_1_599' title='bbox 1446 2702 1516 2729; x_wconf 78' lang='lat' dir='ltr'>MG.</span> <span class='ocrx_word' id='word_1_600' title='bbox 1530 2702 1618 2735; x_wconf 61' lang='lat' dir='ltr'>ffln&#39;st.</span> <span class='ocrx_word' id='word_1_601' title='bbox 1631 2702 1677 2735; x_wconf 90' lang='lat' dir='ltr'>VI,</span> <span class='ocrx_word' id='word_1_602' title='bbox 1689 2705 1739 2729; x_wconf 82' lang='lat'>438</span> <span class='ocrx_word' id='word_1_603' title='bbox 1757 2710 1818 2729; x_wconf 80' lang='lat' dir='ltr'>cum</span> 
     </span>
     <span class='ocr_line' id='line_1_56' title="bbox 170 2741 1818 2779; baseline 0.002 -11"><span class='ocrx_word' id='word_1_604' title='bbox 170 2750 235 2769; x_wconf 78' lang='lat' dir='ltr'>ann.</span> <span class='ocrx_word' id='word_1_605' title='bbox 250 2746 270 2768; x_wconf 85' lang='lat'>1.</span> <span class='ocrx_word' id='word_1_606' title='bbox 307 2741 350 2768; x_wconf 86' lang='lat' dir='ltr'>De</span> <span class='ocrx_word' id='word_1_607' title='bbox 368 2742 518 2769; x_wconf 73' lang='lat' dir='ltr'>collectione</span> <span class='ocrx_word' id='word_1_608' title='bbox 538 2744 775 2776; x_wconf 74' lang='lat' dir='ltr'>Thessalonicensi,</span> <span class='ocrx_word' id='word_1_609' title='bbox 795 2752 875 2777; x_wconf 75' lang='lat' dir='ltr'>quam</span> <span class='ocrx_word' id='word_1_610' title='bbox 893 2743 937 2770; x_wconf 83' lang='lat' dir='ltr'>hie</span> <span class='ocrx_word' id='word_1_611' title='bbox 954 2744 1061 2777; x_wconf 79' lang='lat' dir='ltr'>respicit</span> <span class='ocrx_word' id='word_1_612' title='bbox 1078 2745 1253 2779; x_wconf 80' lang='lat' dir='ltr'>Anastasius,</span> <span class='ocrx_word' id='word_1_613' title='bbox 1276 2746 1416 2773; x_wconf 78' lang='lat' dir='ltr'>novissime</span> <span class='ocrx_word' id='word_1_614' title='bbox 1439 2748 1545 2779; x_wconf 61' lang='lat' dir='ltr'>efferunt</span> <span class='ocrx_word' id='word_1_615' title='bbox 1564 2745 1598 2772; x_wconf 80' lang='lat' dir='ltr'>F.</span> <span class='ocrx_word' id='word_1_616' title='bbox 1612 2745 1770 2772; x_wconf 78' lang='lat' dir='ltr'>Streichhan</span> <span class='ocrx_word' id='word_1_617' title='bbox 1788 2746 1818 2772; x_wconf 70' lang='lat' dir='ltr'>in</span> 
     </span>
     <span class='ocr_line' id='line_1_57' title="bbox 170 2784 1510 2823; baseline 0.003 -12"><span class='ocrx_word' id='word_1_618' title='bbox 170 2785 224 2811; x_wconf 82' lang='lat' dir='ltr'>‘Zs.</span> <span class='ocrx_word' id='word_1_619' title='bbox 237 2787 258 2819; x_wconf 79' lang='lat' dir='ltr'>f.</span> <span class='ocrx_word' id='word_1_620' title='bbox 272 2784 336 2812; x_wconf 81' lang='lat' dir='ltr'>RG.</span> <span class='ocrx_word' id='word_1_621' title='bbox 352 2785 426 2812; x_wconf 79' lang='lat' dir='ltr'>Kan.</span> <span class='ocrx_word' id='word_1_622' title='bbox 437 2785 509 2813; x_wconf 64' lang='lat' dir='ltr'>Abt?</span> <span class='ocrx_word' id='word_1_623' title='bbox 524 2787 594 2819; x_wconf 90' lang='lat' dir='ltr'>XII,</span> <span class='ocrx_word' id='word_1_624' title='bbox 609 2790 674 2820; x_wconf 85' lang='lat' dir='ltr'>33o;</span> <span class='ocrx_word' id='word_1_625' title='bbox 695 2787 786 2821; x_wconf 86' lang='lat' dir='ltr'>XVII,</span> <span class='ocrx_word' id='word_1_626' title='bbox 800 2790 847 2814; x_wconf 85' lang='lat'>538</span> <span class='ocrx_word' id='word_1_627' title='bbox 853 2797 862 2820; x_wconf 83' lang='lat'>,·</span> <span class='ocrx_word' id='word_1_628' title='bbox 884 2788 908 2813; x_wconf 79' lang='lat' dir='ltr'>et</span> <span class='ocrx_word' id='word_1_629' title='bbox 927 2786 967 2813; x_wconf 90' lang='lat' dir='ltr'>W.</span> <span class='ocrx_word' id='word_1_630' title='bbox 981 2786 1073 2814; x_wconf 67' lang='lat' dir='ltr'>Volker</span> <span class='ocrx_word' id='word_1_631' title='bbox 1090 2789 1120 2814; x_wconf 78' lang='lat' dir='ltr'>in</span> <span class='ocrx_word' id='word_1_632' title='bbox 1136 2789 1190 2816; x_wconf 85' lang='lat' dir='ltr'>‘Zs.</span> <span class='ocrx_word' id='word_1_633' title='bbox 1202 2790 1224 2823; x_wconf 84' lang='lat' dir='ltr'>f.</span> <span class='ocrx_word' id='word_1_634' title='bbox 1239 2789 1314 2817; x_wconf 67' lang='lat' dir='ltr'>KG?</span> <span class='ocrx_word' id='word_1_635' title='bbox 1331 2789 1387 2816; x_wconf 88' lang='lat' dir='ltr'>XL</span> <span class='ocrx_word' id='word_1_636' title='bbox 1394 2789 1439 2822; x_wconf 89' lang='lat' dir='ltr'>VI,</span> <span class='ocrx_word' id='word_1_637' title='bbox 1453 2792 1510 2815; x_wconf 85' lang='lat'><em>370.</em></span> 
     </span>
    </p>
   </div>
  </div>
 </body>
</html>
