2189 3042
171 759 194 777 10

168 1016 192 1035 15

165 1274 190 1293 20

163 1530 188 1550 25

162 1788 188 1807 30

161 2049 186 2068 35

160 2435 186 2454 40

157 2659 184 2678 45

648 199 827 227 IOHANNIS
846 200 920 227 VIII.
940 201 1058 227 PAPAE
1080 201 1279 229 EPISTOLAE
1303 203 1360 230 189.
1380 204 1437 231 190.
1809 210 1865 239 151

216 286 361 326 imperio.
407 285 509 316 Vobis
543 296 681 326 namque
713 287 851 327 populus
879 287 948 328 ipse
979 288 1060 318 sicut
1088 298 1168 329 grex
1202 289 1307 319 ovium
1331 289 1461 321 Domini
1492 291 1673 331 pastoribus
1704 295 1752 323 est
1780 303 1866 324 com-

216 338 330 367 missus
359 339 405 377 et,
434 337 493 368 nisi
522 347 577 368 eos
601 337 645 367 ita
668 347 751 368 nunc
775 338 946 379 temporali
969 339 1189 379 increpatione
1214 342 1428 381 correxeritis,
1453 345 1488 372 ut
1511 342 1623 382 spiritu
1646 343 1725 374 salvi
1749 345 1811 375 sint
1834 346 1864 375 in

216 388 268 419 die
292 388 421 419 Domini
449 388 549 418 nostri
576 387 653 418 Iesu
677 387 808 428 Christi,
842 390 971 430 sanguis
994 400 1105 421 corum
1130 390 1169 421 de
1193 392 1307 421 vestris
1330 393 1441 433 procul
1466 393 1563 424 dubio
1588 395 1734 425 manibus
1758 397 1863 437 requi—

215 442 316 476 retur;
341 440 387 470 sin
412 442 519 470 autem
543 439 633 469 vobis
657 441 918 471 annuntiantibus
941 452 1004 472 11011
1029 442 1218 483 obedierint,
1243 443 1301 484 ipsi
1325 444 1357 474 in
1380 445 1444 474 suis
1468 445 1687 485 iniquitatibus
1705 446 1864 485 deficient⁷

216 501 272 521 vos
294 501 370 522 vero
395 491 517 521 animas
540 493 663 521 vestras
687 491 857 522 liberastis.
904 492 1060 524 Preterea
1084 504 1180 524 unum
1205 494 1298 525 valde
1322 494 1465 526 illicitum
1491 499 1523 527 et
1543 497 1727 528 execrabile
1744 498 1863 529 malum

215 545 326 573 contra
349 542 564 573 venerabiliaa
588 545 769 573 sanctorum
794 547 919 583 patrum
945 544 1075 575 decreta
1099 545 1230 576 eosdem
1253 549 1376 577 vestros
1399 547 1645 587 parrochianosb
1664 549 1863 579 committere

214 593 371 634 audimus,
395 594 456 624 1100
474 596 532 633 est,
556 596 592 624 ut
611 593 699 624 nulla
721 595 849 634 generis
871 597 1145 636 consanguinitate
1167 596 1336 636 custodita,
1360 598 1446 628 nulla
1470 599 1732 640 propinquitatise
1748 610 1863 640 paren-

214 644 279 675 tela
303 644 472 675 observata
496 645 714 686 unusquisque
739 656 829 676 suam
853 647 1081 688 propinquam,
1105 648 1136 677 in
1161 658 1362 689 quocumque
1388 650 1505 680 fuerint
1528 650 1644 691 gradu,
1673 651 1810 691 accipiat
1833 652 1865 681 in

213 705 348 726 uxorem
376 698 473 736 atque
497 696 619 726 incesto
649 700 681 727 et
708 696 831 727 nefario
860 708 894 728 se
923 698 1071 738 coniugio
1097 698 1261 739 copulent,
1291 699 1405 736 quodd‘
1429 704 1538 731 licitum
1562 701 1669 732 facere
1694 705 1861 733 Christianis

213 760 270 777 non
287 753 337 783 est,
361 752 426 778 dum
447 760 536 785 usque
557 760 585 778 se
605 753 753 786 generatio
775 754 948 787 cognoverit.
986 749 1081 780 Unde
1105 751 1296 780 sanctissimi
1319 751 1566 791 predecessores
1590 753 1699 791 nostri,
1724 752 1862 793 Stepha-

213 809 271 828 nus
294 798 445 830 videlicet
468 798 632 840 Eugenius
657 803 754 840 atque
778 800 862 841 Leo⁷
891 800 1024 831 sinodali
1050 801 1180 831 decreto
1206 801 1269 832 tale
1293 802 1466 832 nefandum
1491 804 1674 843 coniugium
1696 804 1765 834 fieri
1789 815 1863 845 pro—

212 849 402 880 hibuerunt0
431 849 608 881 dicentes²x
642 855 681 881 Ut
711 856 921 888 consobrinam,
952 858 1079 890 neptem,
1107 865 1268 888 novercam,
1300 857 1396 883 fratris
1423 867 1538 884 uxorem
1562 860 1606 885 vel
1635 859 1721 885 etiam
1751 866 1862 896 quam-

211 900 292 932 libet·
320 906 353 932 de
381 907 496 940 propria
523 902 708 941 cognationes
735 908 829 933 nullus
856 909 1001 941 presumat
1029 902 1089 933 Sibi
1117 907 1146 933 in
1175 907 1306 942 coniugio
1335 909 1473 942 copulari,
1504 910 1571 942 quia
1599 910 1734 944 scriptum
1763 913 1806 937 est
1832 912 1860 937 in

1881 352 1907 371 cf.
1922 350 1993 372 reor.
2006 355 2024 377 5,
2034 355 2055 373 5.

211 957 273 991 lege
302 957 427 984 Domini:
455 952 686 992 ‘Tui-pitudinem
713 959 808 985 uxoris
836 959 925 992 patris
954 955 1020 985 sive
1048 959 1143 985 uxoris
1171 959 1267 985 fratris
1300 960 1385 992 atque
1414 960 1517 986 sororis
1545 962 1593 996 tue
1622 970 1678 987 non
1708 962 2044 997 revelabis;1,ev.1s,zsqq.

211 1008 358 1042 turpitudo
389 1009 463 1036 enim
494 1011 543 1036 tua
572 1005 634 1036 est³.
678 1010 715 1036 Et
739 1011 762 1036 si
786 1011 859 1037 Deus
882 1010 1002 1036 Ebraico
1026 1010 1131 1044 populo
1155 1012 1222 1037 ante
1246 1010 1481 1037 incarnationem
1505 1012 1647 1046 unigeniti
1670 1013 1720 1038 filii
1744 1014 1786 1039 sui
1808 1014 1860 1049 hec

211 1061 349 1086 servanda
371 1061 525 1093 mandavit,
550 1063 666 1094 quanto
690 1062 810 1096 amplius
834 1071 894 1094 nos,
918 1062 967 1095 qui
984 1061 1145 1088 Christiana
1168 1061 1314 1095 religionis
1331 1062 1500 1089 documenta
1519 1065 1655 1095 tenemusy
1680 1064 1715 1090 ab
1732 1064 1860 1091 illicitisg

210 1112 338 1138 conubiis
363 1113 512 1139 observare
536 1113 677 1145 debemus,
702 1122 737 1140 ne
761 1113 881 1140 demersi
897 1113 927 1139 in
944 1113 1119 1147 voraginem
1135 1112 1209 1146 ignis
1228 1112 1319 1148 eterni
1336 1121 1544 1140 concrememur
1560 1115 1708 1142 incendio?
1753 1116 1781 1142 Si
1798 1117 1859 1150 quis

210 1172 276 1190 vero
299 1164 329 1190 in
352 1164 404 1191 hoc
428 1164 537 1191 nefario
561 1165 692 1198 coniugio
716 1161 864 1191 inventus
886 1164 916 1190 in
940 1172 972 1190 eo
989 1171 1167 1197 permanere
1192 1163 1344 1189 voluerit
1368 1162 1423 1190 aut
1446 1171 1527 1191 nunc
1551 1160 1590 1191 ab
1614 1172 1715 1192 uxore
1740 1162 1860 1193 solutus

209 1211 271 1242 hoo
301 1222 399 1253 agere
428 1213 647 1253 temptaverit,
677 1217 749 1243 sciat
772 1225 801 1243 se
825 1216 997 1242 auctoritate
1021 1215 1181 1249 apostolica
1204 1215 1396 1241 anathematis
1421 1216 1532 1243 vinculo
1557 1226 1617 1243 esse
1641 1218 1807 1244 innodatum
1832 1221 1860 1245 et

209 1268 302 1294 nullus
327 1268 456 1295 sacerdos
480 1269 522 1294 illi
545 1268 654 1294 tribuat
677 1268 901 1294 communionem
926 1269 966 1299 et,
996 1267 1017 1292 si
1042 1267 1195 1293 inclinatus
1219 1266 1254 1292 ab
1278 1266 1390 1293 inlicita
1413 1276 1445 1294 se
1470 1269 1570 1302 copula
1594 1269 1751 1301 diviserit,
1782 1271 1859 1306 pegni-

209 1319 300 1354 tentie
324 1319 529 1351 summittatur,
554 1321 585 1346 ut
608 1320 737 1345 sacerdos
760 1319 816 1346 loci
839 1318 1069 1345 consideraverit.
1118 1313 1190 1344 HOC
1216 1313 1334 1344 etiamh
1358 1324 1429 1344 oum
1453 1314 1516 1345 illis
1539 1316 1659 1356 pariter
1681 1316 1828 1347 iubemus
1837 1317 1858 1353 ³,

208 1368 243 1396 ut
273 1366 377 1396 nullus
406 1365 581 1407 propriami
607 1366 768 1406 relinquat
795 1376 930 1396 uxorem
962 1368 994 1396 et
1023 1365 1078 1396 illa
1106 1365 1232 1395 vivente
1262 1365 1398 1396 alteram
1426 1366 1487 1396 sibi
1515 1367 1658 1398 sociarek
1686 1372 1858 1408 presumat,

208 1427 268 1448 nec
296 1417 394 1448 liceat
424 1418 454 1448 ei
482 1428 544 1448 uno
574 1420 721 1458 tempore
750 1417 830 1448 duas
859 1416 981 1447 habere
1010 1427 1142 1456 uxores,
1172 1427 1349 1447 uxoremve
1381 1420 1414 1447 et
1441 1418 1661 1450 concubinam.
1707 1419 1858 1450 Iubemus

209 1468 350 1508 etiamst,
374 1472 410 1499 ut
425 1468 503 1499 nulli
526 1468 758 1499 sacerdotumm
776 1468 920 1509 nullique
937 1469 1092 1498 laicorum
1116 1467 1229 1499 liceatl
1246 1478 1297 1498 res
1321 1468 1502 1499 immobiles
1526 1469 1583 1500 sub
1601 1471 1744 1511 qualibet
1768 1481 1859 1502 occa-

209 1520 298 1551 sione
332 1530 351 1550 a
380 1521 440 1561 piis
473 1523 505 1550 et
535 1519 772 1550 venerabilibus
802 1520 881 1550 locis
911 1519 1181 1550 subt1·ahere¹¹'et
1215 1520 1246 1549 in
1277 1520 1406 1560 proprio
1437 1531 1496 1551 usu
1527 1521 1661 1559 habere;
1698 1522 1751 1563 qui
1782 1532 1858 1553 vero

206 1573 448 1613 presumpserit,
470 1572 630 1602 canonicis
654 1571 819 1602 subiaceat
836 1571 1096 1603 correctionibus.
1135 1570 1313 1602 statuimus
1330 1572 1477 1611 etiam05,
1502 1576 1536 1603 ut
1553 1583 1663 1604 omnes
1680 1574 1859 1615 presbyteri

208 1627 240 1654 et
264 1623 370 1654 clerici
394 1623 472 1654 subp
488 1624 609 1664 proprii
633 1626 793 1664 potestate
819 1624 992 1654 consistant
1009 1624 1152 1664 episcopi
1172 1626 1204 1654 et
1224 1623 1320 1653 nichil
1337 1623 1404 1654 sine
1420 1624 1520 1664 ipsius
1536 1626 1730 1656 conscientia
1746 1630 1859 1666 gerant

207 1674 380 1705 secundum
409 1675 555 1715 regulam
585 1685 604 1705 a
632 1675 776 1715 patribus
805 1676 1043 1706 constitutamq.
1091 1674 1124 1705 Si
1149 1675 1218 1716 quis
1246 1685 1323 1705 sane
1347 1675 1552 1706 sacerdotum
1576 1680 1646 1707 autr
1670 1677 1857 1708 clericorum

207 1726 300 1757 aliter
328 1736 426 1767 agere
456 1727 701 1767 presumpserit,
732 1737 751 1757 a
779 1737 836 1757 suo
868 1728 1020 1757 canonice
1049 1726 1263 1767 redarguatur
1287 1727 1452 1767 episcopo:
1477 1727 1577 1757 laicus
1602 1738 1740 1769 quoque,
1767 1729 1793 1758 si
1817 1728 1857 1759 de

206 1780 367 1818 potestate
392 1779 535 1819 episcopi
559 1778 709 1809 clericum
731 1779 908 1820 quemlibet
925 1778 1129 1809 subtraheres
1146 1779 1386 1819 presumpserit,
1412 1780 1705 1810 excommunicatus
1729 1780 1856 1811 existat.

206 1829 288 1869 Hae,
312 1829 427 1860 fratres
448 1829 618 1868 karissimi,
640 1841 697 1870 pro
715 1833 821 1860 vestra
838 1830 1072 1871 supplicatione
1094 1832 1126 1860 et
1146 1829 1388 1860 honorificentia
1405 1830 1435 1860 111
1453 1831 1677 1861 auctoritatem
1694 1831 1856 1861 habendat

207 1880 432 1921 descripsimus
454 1881 556 1920 vobis,
581 1882 729 1922 quatinus
752 1881 801 1912 his
824 1884 931 1922 nostre
956 1881 1189 1912 constitutionis
1212 1881 1324 1911 muniti
1348 1882 1509 1922 preceptis
1534 1881 1630 1922 digna
1652 1882 1724 1913 Deo
1748 1886 1855 1913 nostro

206 1933 334 1973 possitis
361 1934 515 1964 securiter
545 1933 671 1964 deferre
700 1933 856 1975 obsequia
881 1933 1070 1974 debitasque
1094 1933 1279 1974 persolvere
1304 1932 1425 1964 laudes.
1472 1932 1629 1974 Optamus
1653 1934 1856 1964 sanctitatem

205 1987 346 2015 vestram
369 1985 399 2015 in
426 1984 551 2016 Christo
575 1985 657 2016 bene
681 1986 822 2016 valer-eu.

308 2046 402 2069 DATA
424 2046 503 2070 IDUS
526 2046 652 2075 IUNIAS,
671 2046 871 2071 INDICTIONE
893 2046 951 2070 XII.

996 2141 1065 2171 190.

312 2188 470 2220 Iohannes
491 2189 587 2220 VIII.
607 2199 696 2229 papa
712 2190 935 2221 Branimirum
953 2190 1075 2231 (ducem
1094 2190 1335 2231 Clio-obcctormn)
1358 2190 1402 2221 ad
1416 2190 1579 2221 Romanae
1603 2189 1746 2221 ecclesiae
1769 2190 1852 2221 oboe-

203 2240 356 2271 dimitiam
378 2251 534 2271 reversum
558 2240 670 2271 laudat
693 2243 721 2271 et
743 2241 914 2272 missarum
936 2241 1099 2272 sollemnia
1117 2251 1177 2281 pro
1200 2241 1302 2272 salute
1319 2242 1525 2282 principatus
1549 2242 1617 2272 eius
1639 2252 1733 2281 super
1753 2242 1854 2272 altare

203 2291 231 2322 b.
255 2291 345 2322 Petra·
372 2292 401 2322 d.
424 2292 476 2322 21.
493 2291 580 2322 ΙΙΙαίί
609 2302 641 2322 sc
670 2291 836 2323 celebrasse
865 2293 1011 2330 nuntiat;
1045 2292 1218 2323 Iohannem
1247 2293 1462 2333 presbyterum
1492 2293 1654 2332 epistolam
1683 2293 1727 2323 ad
1754 2303 1852 2332 reyem

203 2342 421 2382 Bulyarorum
443 2342 622 2374 delaturum
645 2344 784 2374 remittit.
1559 2345 1622 2374 879
1645 2344 1718 2375 Iun.
1738 2347 1764 2374 7.

309 2428 332 2460 ὃ)
352 2430 392 2454 -ia
409 2430 437 2454 in
454 2438 507 2454 ras.
527 2430 559 2455 R.
654 2429 677 2461 b)
696 2430 812 2462 primum
831 2439 845 2455 0
864 2439 930 2456 corr.
944 2439 973 2456 em
991 2440 1005 2455 a
1026 2431 1056 2455 R.
1152 2431 1174 2462 c)
1193 2431 1230 2456 -is
1252 2431 1280 2455 in
1298 2440 1351 2456 ras.
1370 2431 1402 2457 B.
1495 2430 1520 2462 d)
1539 2441 1605 2456 corr.
1618 2440 1648 2456 ex
1666 2432 1802 2463 quodquod
1820 2431 1851 2456 R.

203 2471 226 2503 θ)
244 2473 412 2505 proibuerunt
432 2472 461 2497 R.
549 2471 568 2504 f)
588 2474 759 2505 congnatione
782 2473 813 2498 R.
896 2473 921 2505 8)
941 2482 1008 2499 corr.
1022 2482 1052 2498 em
1069 2474 1173 2498 inlicitis
1192 2473 1224 2499 R.
1306 2472 1332 2505 h)
1352 2475 1400 2498 -ti-
1418 2474 1445 2498 in
1464 2483 1516 2498 ras.
1536 2475 1566 2499 R.
1650 2474 1667 2505 i)
1687 2475 1801 2507 propiam
1821 2474 1851 2499 R.

202 2513 228 2547 k)
247 2524 314 2540 corr.
328 2524 359 2540 εει)
377 2516 469 2540 sociari
488 2515 519 2541 R.
608 2514 626 2547 l)
647 2517 722 2541 etiam
734 2517 853 2542 —liceat
871 2517 898 2541 iv.
916 2526 968 2541 ras.
988 2517 1020 2542 R.
1109 2517 1141 2548 ¹¹¹)
1161 2518 1260 2542 sactum
1278 2517 1310 2542 R.
1399 2518 1422 2549 ¹³)
1443 2518 1575 2542 subtraere
1594 2517 1625 2542 R.
1715 2516 1739 2548 0)
1760 2518 1806 2541 -ti-
1825 2517 1851 2540 in

202 2567 256 2583 raa.
275 2558 307 2584 R.
393 2559 418 2590 P)
438 2567 486 2592 sup
505 2559 538 2584 R.
627 2559 650 2591 q)
671 2561 825 2584 constituam
844 2559 876 2585 R.
965 2559 985 2591 r)
1004 2560 1031 2585 §t
1049 2560 1082 2586 R.
1175 2559 1196 2593 Β)
1215 2561 1348 2585 subtraere
1367 2560 1398 2584 R.
1491 2560 1509 2591 t)
1529 2569 1594 2586 corr.
1608 2569 1638 2585 ez
1657 2560 1800 2585 habendam
1819 2559 1850 2583 R.

202 2600 229 2633 u)
248 2609 289 2626 -re
307 2601 335 2626 in
353 2610 406 2626 ras.
425 2601 457 2627 B.

309 2651 334 2684 1)
356 2651 396 2683 Cf.
410 2660 431 2678 c.
443 2656 471 2677 15
489 2660 560 2678 conc.
575 2652 650 2679 Rom.
661 2653 812 2679 Zachariae
831 2661 856 2679 α.
870 2656 919 2679 743
937 2652 990 2687 (ed.
1005 2653 1073 2679 MG.
1089 2652 1169 2679 Cone.
1184 2653 1226 2685 II,
1240 2654 1292 2686 20).
1363 2653 1390 2685 2)
1413 2653 1451 2684 Cf.
1463 2661 1482 2678 c.
1498 2657 1514 2679 6
1531 2661 1603 2679 conc.
1616 2652 1690 2678 Rom.
1704 2652 1850 2677 Zachariae

204 2695 272 2726 (non
286 2693 417 2730 Stephani
434 2694 489 2728 II.)
509 2703 534 2721 a.
551 2698 598 2721 743
618 2694 690 2727 (ibid.
701 2696 783 2729 1214)
803 2707 834 2717 =
854 2703 875 2721 c.
889 2698 922 2722 33
940 2703 1011 2722 conc.
1026 2697 1099 2721 Rom.
1117 2696 1233 2729 Euyenz'vt
1247 2696 1286 2721 II.
1305 2704 1330 2722 a.
1344 2699 1392 2721 826
1411 2695 1484 2727 (ibid.
1494 2695 1591 2727 p.58*.>)
1612 2694 1710 2720 abbrev.
1732 2705 1762 2715 Ξ
1781 2702 1802 2719 c.
1815 2696 1849 2719 32⁸*

202 2743 275 2762 corne.
289 2730 366 2763 Rom.
380 2736 479 2763 Leonis
497 2736 547 2763 IV.
566 2746 590 2763 a.
605 2741 666 2770 853,
687 2737 742 2764 JE.
757 2738 777 2763 I
790 2746 817 2770 p.
833 2741 891 2764 336.
979 2738 1005 2770 3)
1028 2738 1068 2770 Cf.
1087 2746 1107 2764 c.
1124 2742 1156 2765 36
1174 2746 1246 2764 conc.
1259 2739 1335 2764 Rom.
1350 2738 1470 2771 Enycnii
1489 2738 1538 2769 ΙΙ.,
1557 2737 1573 2763 l.
1588 2738 1603 2763 Ζ.
1619 2746 1647 2770 p.
1663 2740 1714 2763 582
1733 2748 1763 2758 z
1783 2745 1803 2761 e.
1818 2739 1850 2761 36

202 2786 276 2805 conc.
291 2779 367 2805 Rom.
382 2779 480 2805 Leonis
500 2780 549 2806 IV.
570 2780 585 2806 l.
599 2780 615 2806 l.
703 2781 729 2813 4)
751 2781 792 2812 Cf.
805 2781 868 2806 ibid.
888 2785 954 2807 c.10·
973 2781 989 2807 l.
1003 2781 1018 2807 ἶ.
1038 2785 1126 2814 11574
1145 2792 1176 2802 =
1197 2789 1217 2807 c.
1232 2785 1261 2807 16
1282 2781 1296 2807 l.
1312 2781 1327 2807 Ζ.
1417 2782 1442 2812 5)
1464 2780 1504 2812 C'f.
1524 2788 1584 2806 ean.
1604 2780 1712 2812 apostol.
1732 2778 1851 2804 XXXV

201 2821 381 2856 (XXXIII),
398 2822 437 2849 ed.
453 2822 549 2856 Hefele
566 2822 802 2857 ‘Cmaeilienyeschss
821 2824 844 2856 1,
861 2827 916 2850 311.
