2189 3042
281 112 341 141 375
667 105 865 132 EPISTOLAE
884 104 933 131 AD
952 103 1017 130 RES
1037 103 1268 131 ORIENTALES
1285 103 1516 131 SPECTANTES
1535 105 1558 131 2.

278 196 437 235 γένωνται,
467 195 662 233 θεραπεῦσαι
699 192 758 222 οὐκ
791 192 907 231 ἴσχυσε.
954 190 1010 221 Διὸ
1041 191 1225 231 καθαιρέσει
1256 190 1310 221 καὶ
1341 190 1517 230 ἀναθέματι
1547 191 1663 226 αὐτοὺς
1694 193 1928 232 καθυπέβαλεν,

276 248 387 277 ἐκεῖνοι
423 246 458 276 δὲ
489 244 660 285 γράμματά
690 255 721 273 τε
752 242 933 273 ἀπέστειλαν
963 242 1016 273 καὶ
1047 242 1194 282 πρέσβεις
1223 241 1305 282 πρὸς
1336 241 1391 272 τὸν
1419 244 1586 282 τηνικαῦτα
1614 243 1788 282 ἁγιώτατον
1819 244 1929 275 πάπαν

275 298 400 337 Ῥώμης
423 296 476 327 τὸν
491 295 652 336 μακάριον
670 294 790 325 Λέοντα
800 294 822 334 ¹,
847 295 1011 334 ζητοῦντες
1034 293 1088 334 τὴν
1109 294 1184 334 παρ’
1202 293 1299 324 αὐτοῦ
1323 293 1493 334 ἐκδίκησιν,
1518 293 1564 328 ὡς
1588 294 1688 334 δῆθεν
1714 294 1928 335 ἠδικημένοι“,

276 349 339 379 Καὶ
369 349 387 379 ὁ
414 348 523 381 πάπας
552 346 634 386 πρὸς
661 346 858 386 πατριάρχην
882 345 1029 386 Ἰγνάτιον
1058 344 1229 385 ἔγραψενῖ,
1259 345 1358 381 ἀξιῶν
1382 345 1563 376 ἀποστεῖλαί
1589 357 1654 376 τινα
1685 346 1720 376 ἐκ
1751 347 1929 387 προσώπου

277 401 373 431 αὐτοῦ
397 399 478 439 πρὸς
500 398 556 439 τὴν
572 398 789 439 πρεσβυτέραν
801 397 939 438 Ῥώμην,
965 397 1010 431 ὡς
1034 397 1073 427 ἂν
1097 397 1134 428 δι’
1157 397 1254 428 αὐτοῦ
1279 396 1432 437 ᾶναμάθῃ
1456 396 1493 427 τὰ
1516 397 1588 437 περὶ
1610 396 1685 431 τοὺς
1707 397 1931 438 σχισματικοὺς

277 452 424 485 ἐκείνους.
461 450 524 481 Καὶ
548 450 565 481 ὁ
589 449 786 490 πατριάρχης
804 449 953 489 Ἰγνάτιος
975 451 1067 480 τοῦτο
1091 450 1209 488 πρᾶξαι
1233 448 1293 479 οῦκ
1318 447 1495 488 ἀνεβάλετο,
1520 448 1584 479 ἀλλ’
1605 449 1762 480 ἀπέστειλε
1778 444 1932 489 Λάζαρον

279 503 332 534 τὸν
354 502 499 543 μοναχὸν
522 502 575 532 καὶ
591 501 792 542 ὄμολογητὴν
807 500 885 541 μετὰ
905 500 1105 541 γραμμάτων
1114 500 1136 536 ³,
1160 500 1206 534 ὡς
1222 500 1366 541 ἀκριβῶς
1389 499 1493 531 εἰδότα
1517 499 1553 531 τὰ
1576 500 1648 540 περὶ
1671 500 1724 531 τὸν
1740 500 1773 531 Γ
1769 501 1930 541 ρηγόριον.

268 555 328 590 ’Ὸς
351 555 404 585 καὶ
428 554 553 590 ἐδίδαξε
577 553 630 584 τὸν
652 553 763 583 πάπαν
785 555 891 583 ταῦτα.
927 551 983 583 Διὸ
999 552 1052 583 καὶ
1069 551 1163 586 αὐτὸς
1178 552 1418 592 κατεψηφίσατο
1434 551 1488 582 καὶ
1510 552 1692 591 κατέκρινεν
1708 552 1933 592 ὁμοιοτρόπως

276 607 348 641 τοὺς
378 605 465 646 παρὰ
497 605 644 646 Ἰγνατιόυ
679 605 930 644 κατακριθέντας
962 605 1009 639 ὡς
1039 603 1314 644 σχισματικούςΜ.
1358 603 1586 638 Τελειωθέντος
1621 603 1655 634 δὲ
1684 606 1739 635 τοῦ
1768 604 1931 644 μακαρίου

276 659 366 689 πάπα
390 657 531 691 Λέοντος
553 657 665 688 ἐκεῖνοι
689 659 734 696 τῷ
749 658 816 696 μετ’
832 655 927 687 αὐτὸν
944 656 1125 696 Βενεδίκτῳ
1147 659 1202 696 τῆς
1219 655 1344 696 Ῥώμης
1365 655 1477 695 πιάπᾳ5
1493 655 1586 686 πάλιν
1607 654 1646 686 δι’
1664 655 1761 696 ὄχλου
1786 655 1932 695 γεγόνασι

275 710 346 750 περὶ
368 712 432 740 τῶν
455 709 570 740 αὐτῶν.
601 708 682 739 Ἀλλ’
701 708 719 739 ὁ
742 708 916 748 ἀγιώτατος
931 708 1120 742 Βενὲδικτος
1143 707 1287 748 ἀκριβῶς
1309 706 1363 738 καὶ
1386 706 1481 741 αὐτὸς
1504 707 1651 743 ἐξετάσας
1666 707 1700 738 τὸ
1720 709 1853 748 πρᾶγμα
1876 707 1932 748 τὴν

275 762 341 792 κατ’
360 761 466 792 αὐτῶν
489 760 590 800 κρίσιν
609 759 750 800 ’Ῑγνατίῳ
774 760 988 800 ἐκύρωσενςθ.

387 820 447 852 Οἳ(1
477 820 555 861 μετὰ
584 823 674 851 τοῦτο
703 820 819 860 Φωτίῳ
849 820 925 851 τινὶ7
957 822 1153 860 σχισματικῷ
1186 820 1250 850 ὄντι
1280 822 1333 860 τῆς
1363 822 1417 850 τοῦ
1447 819 1527 850 θεοῦ
1550 818 1932 851 Κωνσταντινουπολιτῶν

276 873 443 914 ἐκκλησίας
465 872 518 903 καὶ
542 872 574 903 ἐν
598 872 769 912 ἀρχοντικῇ
792 872 874 907 τάξει
904 872 1040 903 τελοῦντι
1069 873 1214 911 συνεργῷ
1238 871 1434 911 χρησάμενοι
1463 870 1545 911 πρὸς
1567 870 1723 910 ΒάρδανΒ
1745 870 1799 902 τὸν
1826 883 1931 911 παρα-

277 925 505 957 δυναστεύοντα
529 924 583 955 καὶ
606 924 695 955 θεῖον
711 923 843 964 ΖΙΙιχαὴλ
866 926 920 954 τοῦ
944 923 1122 963 βασιλέως9
1139 923 1347 963 ἐλεγχόμενον
1370 922 1424 953 καὶ
1448 921 1543 953 αὐτὸν
1559 922 1647 963 παρὰ
1663 924 1718 953 τοῦ
1733 923 1931 963 πατριάρχου

269 974 422 1017 Ἴγνατίου
447 976 496 1007 ἐπὶ
526 975 798 1016 αἰσχρογαμίᾳθω
822 974 875 1006 τὸν
898 975 1047 1016 Ἰγνάτιον
1069 977 1124 1006 τοῦ
1148 975 1272 1016 θρόνου
1296 974 1409 1015 βιαίως
1436 974 1694 1015 καταβιβάζουσι,
1718 975 1934 1014 συκοφαντίας

278 1029 337 1060 οὐκ
362 1028 468 1069 ὀλίγας
489 1028 685 1068 πλασάμενοι
708 1027 775 1058 κατ’
793 1027 891 1058 αὐτοῦ
914 1027 968 1058 καὶ
990 1026 1044 1058 τὸν
1066 1027 1196 1066 βασιλέα
1221 1025 1259 1057 δι’
1277 1027 1384 1057 αὐτῶν
1407 1025 1673 1066 συναρπάσαντες.
1700 1025 1760 1060 εῸς
1780 1025 1818 1067 δὴ
1842 1027 1932 1067 βασι-

277 1080 348 1114 λεὺς
375 1079 428 1111 τὸν
455 1079 579 1110 Φώτιον
602 1079 667 1109 ἀντὶ
689 1078 838 1118 Ἰγνατίου
868 1079 1014 1119 εἰσήγαγε
1043 1078 1131 1119 παρὰ
1162 1081 1225 1109 τῶν
1248 1080 1464 1118 σχισματικῶν
1487 1078 1691 1118 ψηφισθέντα
1713 1077 1767 1108 καὶ
1789 1078 1853 1109 ὑπὸ
1876 1080 1932 1110 τοῦ

277 1132 527 1171 καθαιρεθέντος
543 1130 576 1161 Γ
571 1131 726 1171 ρηγορίου
743 1131 1005 1171 χειροτονηθέντα
1022 1130 1220 1171 αὐθημερόν.
1244 1129 1360 1161 Ὁπότε
1383 1129 1437 1160 καὶ
1459 1129 1489 1160 οἳ
1508 1129 1663 1170 ἀρχιερεῖς
1677 1129 1732 1160 καὶ
1755 1130 1785 1161 οῖ
1799 1130 1933 1170 λογάδες

276 1185 340 1214 τῶν
369 1183 480 1222 ἱερέων
508 1181 561 1213 καὶ
591 1182 668 1213 ὅσον
695 1181 882 1222 περιφανὲς(
909 1182 941 1213 ἐν
971 1184 1007 1223 τῇ
1038 1181 1189 1222 ἐκκλησίᾳ
1217 1181 1443 1222 ἀπερράγησαν
1473 1180 1523 1212 διὰ
1555 1181 1611 1221 τὴν
1640 1183 1695 1212 τοῦ
1726 1184 1932 1222 σχισματικοῦ

281 1234 407 1265 Φωτίου
438 1233 645 1264 ἀκανόνιστον
668 1234 855 1274 εἰσαγωγήν,
886 1234 919 1264 ἐν
943 1233 989 1268 οἷς
1012 1233 1106 1274 κᾷγὼ
1127 1233 1145 1264 ὁ
1165 1233 1334 1274 ἐλάχιστος.
1365 1231 1514 1267 Πολλοὺς
1538 1232 1571 1264 δὲ
1591 1233 1739 1273 κᾷκεῖνος
1761 1233 1805 1267 εἷς
1820 1232 1933 1264 ἑαυτὸν

276 1286 474 1318 ἐπεσπάσατο
504 1285 577 1320 τοὺς
605 1285 665 1325 μὲν
694 1285 819 1326 φοβῶν,
849 1284 922 1320 τοὺς
952 1285 986 1316 δὲ
1015 1287 1220 1326 κακουχῶνῧ,
1251 1284 1324 1319 τοὺς
1352 1283 1386 1315 δὲ
1417 1284 1537 1325 δώροις
1566 1285 1742 1320 ἐξαπατῶν.
1787 1284 1869 1316 Εἶτα
1898 1284 1933 1316 δὲ

276 1338 329 1369 καὶ
352 1337 521 1378 ἷδιόχειρον
545 1336 733 1377 ἐγεγράφειῦ
756 1339 812 1368 τοῦ
834 1337 996 1377 μηδέποτε
1025 1336 1105 1368 κατὰ
1131 1336 1282 1376 Ἰγνατίου
1306 1338 1325 1377 ἢ
1348 1339 1402 1377 τῆς
1431 1335 1499 1367 κατ’
1523 1335 1619 1367 αὐτὸν
1648 1336 1824 1377 ἱερωσύνης
1856 1348 1931 1367 κατ-

277 1390 410 1430 ηγορίαν
426 1389 691 1429 συστήσασθαιΗ.
731 1387 779 1420 Οὐ
802 1388 884 1420 πολὺ
907 1388 942 1420 τὸ
967 1389 1000 1419 ἐν
1021 1389 1122 1429 μέσῳ,
1146 1388 1200 1419 καὶ
1222 1388 1471 1429 καταφρονήσας
1492 1389 1548 1419 τοῦ
1573 1387 1690 1419 οἰκείου
1714 1389 1932 1429 χειρογράφου

276 1441 309 1472 ἐν
331 1444 376 1481 τῷ
399 1441 596 1481 περιβλέπτῳ
621 1443 689 1480 ναῷ
712 1442 776 1470 τῶν
799 1440 900 1480 ἁγίων
924 1440 1111 1471 ἀποστόλων
1135 1440 1301 1480 συνέδριον
1323 1439 1491 1480 λῃστρικὸν
1501 1438 1528 1458 ¹²
1552 1439 1789 1480 συστησάμενος
1814 1441 1931 1472 καθαι-

276 1493 358 1533 ρέσει
381 1492 434 1523 καὶ
459 1492 634 1531 ἀναθὲματι
658 1491 711 1522 τὸν
733 1492 932 1532 πατριάρχην
955 1490 1103 1532 Ἰγνάτιον
1127 1493 1144 1523 ὁ
1169 1492 1283 1532 μοιχὸς
1309 1490 1583 1532 καθυπέβαλενῑῧ.
1629 1491 1711 1522 Εἶτα
1735 1491 1791 1532 τὴν
1814 1493 1932 1523 οἰκείαν

275 1544 479 1584 παρανομίαν
503 1543 538 1574 ἐκ
561 1543 744 1582 περιουσίας
766 1546 916 1583 συστῆσαι
938 1543 1138 1583 βουλόμενος
1165 1543 1247 1584 πρὸς
1270 1543 1324 1584 τὴν
1354 1543 1429 1574 καθ’
1451 1543 1536 1583 ὑμᾶς
1565 1543 1782 1583 πρεσβυτέραν
1804 1543 1932 1584 Ῥώμην

277 1596 330 1627 καὶ
353 1595 406 1626 τὸν
429 1597 597 1635 τηνικαῦτα
614 1595 788 1634 ἁγιώτατον
809 1594 919 1625 πάπαν
934 1594 1099 1625 Νικόλαον
1121 1595 1330 1631 ἐξαπέστειλεν
1354 1594 1548 1629 ἐπισκόπους
1570 1593 1648 1634 μετὰ
1671 1595 1834 1635 βασιλικῆς
1857 1607 1931 1626 συν-

277 1648 427 1682 αινέσεως
456 1646 510 1677 καὶ
540 1646 712 1687 ἐξῃτήσατο
740 1645 956 1686 τοποτηρητάς
982 1646 1057 1686 παρ’
1075 1646 1197 1677 ἐκείνου
1221 1646 1368 1686 σταλῆναι
1397 1645 1479 1685 πρὸς
1504 1645 1560 1686 τὴν
1589 1647 1652 1676 τῶν
1673 1645 1931 1678 Κωνσταντινου-

278 1699 415 1730 πολιτῶν
439 1698 616 1738 ἐκκλησίαν,
646 1697 888 1737 ἐπιτηρήσοντας
911 1697 947 1728 τὰ
970 1697 1045 1738 παρ’
1063 1697 1175 1729 αὐτοῦἰ
1197 1697 1277 1728 κατὰ
1299 1696 1449 1737 Ἰγνατίου
1478 1697 1662 1737 πραχθέντα
1674 1696 1711 1727 ¹4.
1749 1696 1793 1728 “O
1815 1697 1854 1738 δὴ
1878 1698 1932 1728 καὶ

278 1752 395 1791 γέγονε.
431 1750 484 1780 καὶ
514 1748 732 1790 ἀπεστάλησαν
754 1748 1009 1783 Ῥαόούαλδος15
1032 1749 1086 1780 καὶ
1111 1749 1314 1789 Ζαχαρίαςιεί
1337 1748 1414 1789 μετὰ
1437 1748 1491 1779 καὶ
1514 1750 1709 1780 συστατικῶν
1732 1749 1932 1789 γραμμάτων

380 1920 403 1952 a)
422 1918 584 1953 ἠδικημένον
602 1920 640 1952 M,
657 1919 705 1951 On,
721 1919 771 1945 Vat
796 1920 823 1945 in
848 1924 929 1949 tenuta:
954 1918 1109 1952 ἠδικημένοι
1129 1919 1177 1945 Vat
1199 1921 1226 1945 in
1244 1928 1341 1953 mar-9„¹
1364 1919 1520 1953 ἠδικημένοι
1545 1930 1612 1946 corr.
1633 1929 1664 1946 ex
1688 1919 1849 1953 ἠδικημένον
1867 1922 1933 1948 Bav.

276 1963 301 1996 b)
321 1962 490 1996 σχιματικούς
509 1963 548 1987 Μ.
654 1962 676 1994 c)
696 1961 833 1995 ἐκήρωσεν
848 1961 877 1995 V,
891 1963 929 1994 M,
947 1963 995 1995 Oct,
1010 1963 1061 1988 Vat
1077 1964 1105 1988 in
1130 1967 1212 1994 textu,·
1238 1962 1360 1997 ἐκύρωσε
1377 1963 1429 1989 Vat
1446 1965 1474 1989 in
1492 1972 1591 1996 mary.,·
1616 1962 1752 1995 ἐκύρωσεν
1774 1963 1804 1995 (υ
1827 1973 1894 1990 corr.
1907 1969 1935 1990 ut

275 2006 338 2040 vid.)
357 2007 423 2032 Bav.
509 2005 533 2038 d)
553 2004 569 2038 ἢ
589 2005 618 2038 V,
629 2005 667 2037 M,
684 2005 732 2038 Oct,
746 2006 810 2038 Bav,
824 2005 880 2037 Vat,
899 2015 1027 2038 super-eor.
1040 2005 1067 2031 οἵ
1082 2006 1140 2032 Vat.
1224 2006 1246 2038 ὃ)
1264 2005 1427 2039 ἐσχρογαμία
1445 2006 1474 2032 V.
1562 2006 1582 2038 f)
1601 2005 1649 2039 ὅση
1667 2005 1809 2040 περιφανὲς
1828 2016 1894 2033 corr.
1906 2009 1935 2034 in

277 2049 333 2075 ὅσοι
351 2051 503 2082 περιφανεῖς
519 2049 573 2078 om
591 2047 646 2073 ὅσοι
665 2047 816 2081 περιφανὲς,
834 2049 863 2074 in
880 2058 962 2082 mary.
974 2051 1126 2082 περιφανεῖς
1146 2050 1202 2075 Vat.
1282 2050 1308 2082 8)
1320 2051 1482 2082 κακουργῶν
1494 2050 1533 2082 M,
1551 2049 1607 2075 Vat.
1705 2048 1891 2083 1])ε’γγε’γραφε
1902 2051 1936 2081 V,-

279 2091 407 2125 ἕγέγραφε
426 2092 464 2124 M,
481 2092 537 2120 Ott:
555 2090 698 2124 ἔγγέγραφε
717 2101 784 2117 corr.
797 2101 828 2117 ea:
845 2090 973 2125 ε’γέγραφε
991 2093 1056 2118 Βαυ.
1144 2091 1163 2124 ἰ)
1182 2091 1261 2118 αὐτὸν
1280 2093 1317 2119 M.

383 2198 408 2231 1)
426 2197 487 2229 IV„
500 2200 644 2224 847-855.
756 2197 783 2230 2)
809 2196 850 2231 Cf.
865 2197 932 2231 Req.
945 2197 1019 2230 Jaffe
1042 2201 1118 2230 2629,
1143 2198 1222 2225 etiam
1249 2198 1323 2232 epist.
1337 2198 1449 2225 Nicolai
1467 2198 1492 2225 Ι.
1514 2206 1602 2232 papae
1620 2198 1686 2233 Περ.
1699 2199 1773 2232 Jaffe
1796 2202 1870 2231 2813,
1895 2200 1934 2227 ed.

279 2240 352 2267 ΜΘ.
365 2241 455 2274 Epist.
470 2240 517 2274 VI,
535 2244 630 2274 boosq.
753 2240 780 2272 3)
799 2240 925 2267 Lazarus
943 2240 1035 2267 Leone
1048 2241 1096 2267 IV.
1116 2241 1172 2267 iam
1197 2244 1301 2268 mortno
1319 2241 1433 2268 Romam
1456 2241 1563 2268 videtur
1579 2242 1687 2275 venisse,
1712 2242 1744 2273 cf.
1757 2242 1817 2269 Lib.
1832 2243 1934 2276 pontif.

283 2283 345 2311 Vita
364 2283 502 2310 Benedicti
520 2283 579 2310 IH.
604 2291 625 2310 c.
638 2286 677 2317 33,
703 2283 742 2310 ed.
755 2283 894 2310 Duaehesne
911 2283 952 2316 11,
966 2288 1021 2310 147.
1126 2285 1153 2318 4)
1177 2285 1218 2312 Re
1243 2292 1304 2311 vera
1322 2284 1378 2311 Leo
1394 2284 1446 2312 IV.
1471 2287 1495 2311 et
1513 2285 1673 2312 Benedictus
1691 2285 1753 2312 III.
1776 2285 1936 2320 Greqoriam

278 2327 387 2361 eiusque
405 2334 530 2360 sequaces
547 2335 605 2353 non
628 2326 820 2358 condemnatos,
846 2326 889 2352 secl
912 2334 1054 2360 suspensos
1078 2335 1130 2354 esse
1155 2329 1327 2360 censuerunt,
1350 2327 1386 2360 cf.
1406 2327 1440 2354 Ε.
1457 2328 1546 2354 Perels
1562 2328 1662 2362 ‘Papst
1680 2328 1816 2355 Nikolaus
1833 2329 1858 2356 I.
1877 2329 1936 2356 wnd

279 2369 442 2397 Anastasius
459 2368 684 2396 bibliothecarius-³
699 2378 728 2403 p.
743 2373 783 2396 29.
872 2370 898 2402 5)
919 2370 982 2402 ΠΙ.,
1001 2374 1142 2398 855—858.
1225 2371 1251 2404 6)
1274 2371 1316 2404 Cf.
1330 2379 1391 2398 vero
1409 2371 1475 2405 Rey.
1490 2371 1568 2404 Jaffe'
1585 2372 1670 2399 2667*
1687 2374 1711 2399 et
1727 2380 1814 2406 snpra
1831 2381 1898 2400 ann.
1911 2377 1935 2401 4.

279 2413 304 2445 7)
325 2412 465 2446 Cf.supra
486 2421 515 2446 p.
529 2416 578 2440 373
597 2420 662 2438 ann.
676 2416 698 2439 2.
811 2413 837 2446 8)
857 2412 983 2440 Fratrem
1007 2414 1183 2447 imperatricis
1210 2414 1379 2447 Theodoram,
1410 2414 1458 2447 qui
1484 2417 1567 2441 842—-
1575 2418 1627 2442 866
1653 2422 1681 2442 re
1707 2422 1771 2441 vera
1797 2415 1936 2448 imperium

276 2455 444 2490 yubernavit.
566 2455 592 2487 9)
612 2455 681 2488 ΠΙ.,
693 2459 839 2488 842-867,
856 2455 908 2488 filii
930 2456 1072 2490 Theophili
1089 2457 1258 2491 imperatoris
1276 2460 1301 2484 et
1324 2457 1481 2484 Theodorae.
1583 2458 1625 2490 10)
1647 2457 1687 2492 Cf.
1704 2457 1855 2492 Uwophan.
1868 2461 1936 2486 cont.

280 2499 323 2525 De
335 2499 464 2525 Michaele
479 2498 615 2532 Theophili
630 2498 687 2531 silio
705 2506 727 2525 c.
743 2502 785 2531 30,
804 2498 841 2525 ed.
856 2499 945 2526 Bonn.
954 2507 982 2533 p.
997 2503 1050 2528 193.
1122 2501 1165 2534 11)
1187 2501 1228 2534 Of.
1240 2500 1436 2534 Herqenro'tlcer
1453 2501 1470 2527 l.
1483 2501 1499 2527 l.
1515 2500 1540 2534 I,
1553 2503 1610 2527 381.
1683 2501 1725 2534 12)
1741 2501 1782 2533 C'f.
1795 2501 1897 2529 Leonis
1909 2502 1935 2528 1.

279 2542 353 2575 epist.
366 2541 397 2568 de
416 2541 557 2576 Ephesino
575 2550 631 2568 non
650 2541 761 2574 iudicio,
781 2541 829 2568 sed
848 2541 1005 2575 latrocinio,
1026 2543 1088 2577 Rey.
1101 2543 1175 2576 Jaffe
1192 2548 1253 2577 475‚·
1278 2544 1358 2570 etiam
1378 2543 1487 2570 Nicozai
1504 2542 1530 2570 I.
1549 2543 1624 2577 epist.
1647 2543 1714 2578 Req.
1728 2544 1803 2576 Jaffe
1821 2548 1892 2572 2796
1908 2547 1934 2572 et

279 2588 352 2618 2813,
372 2585 412 2612 ed.
428 2584 496 2611 ΜΘ.
509 2585 596 2618 Epist.
609 2585 659 2619 VI,
672 2588 724 2612 487
740 2585 757 2612 l.
770 2587 785 2611 3
803 2587 827 2611 et
845 2588 891 2612 495
909 2585 926 2612 l.
940 2589 980 2612 20.
1088 2587 1129 2620 13)
1150 2588 1182 2614 A.
1195 2590 1251 2614 859.
1358 2587 1402 2619 14)
1420 2586 1462 2613 De
1486 2586 1539 2613 hac
1564 2586 1694 2621 leqatione
1712 2595 1738 2614 α.
1750 2590 1802 2614 860
1821 2587 1935 2615 Romam

279 2628 362 2654 missa
385 2629 421 2661 ef.
441 2627 634 2662 Heryenrotlwr
657 2628 673 2655 l.
691 2628 707 2654 l.
722 2631 890 2661 p.4073qt1.,
914 2628 1006 2655 Perels
1030 2629 1048 2656 l.
1063 2630 1078 2656 l.
1094 2638 1122 2663 p.
1137 2634 1176 2657 31.
1213 2629 1338 2663 Epistola
1363 2629 1456 2656 Photii
1482 2629 1644 2657 solummodo
1671 2632 1756 2663 extat,
1780 2630 1820 2658 ed.
1841 2631 1937 2665 Miyne

283 2670 361 2698 Patr.
375 2679 472 2705 yraeca
492 2671 553 2703 ΟΙΙ,
568 2675 625 2698 585.
668 2671 711 2698 De
734 2671 903 2704 imperatoris
926 2672 1019 2698 litteris
1046 2673 1080 2705 cs.
1101 2673 1214 2707 Doelqer
1241 2673 1257 2699 l.
1271 2673 1287 2699 l.
1305 2681 1333 2698 n.
1347 2676 1406 2699 457.
1532 2672 1573 2705 15)
1601 2672 1753 2706 Episcopus
1779 2673 1937 2700 Portuensis

281 2716 425 2740 853—864.
533 2715 574 2747 16)
594 2714 748 2748 Episcopus
760 2714 926 2748 Anaqninus
945 2722 966 2741 c.
982 2718 1126 2743 860-863,
1164 2716 1207 2742 De
1224 2723 1338 2749 quomm
1355 2715 1485 2749 leqatiom
1503 2715 1539 2748 ef.
1552 2714 1643 2742 Perels
1661 2715 1677 2742 l.
1690 2715 1707 2743 l.
1719 2724 1745 2749 p.
1759 2718 1789 2743 35
1796 2724 1832 2750 sq.

1960 666 1984 686 1⁰

1960 933 1984 952 15

1960 1190 1986 1210 ²⁰

1960 1436 1985 1468 ἑτι

1955 1705 1985 1734 ,30

1962 2057 1986 2076 ³5

1963 2341 1987 2360 40

1963 2556 1987 2575 45
