2189 3042
218 476 229 494 5

207 936 231 954 10

206 1235 229 1254 15

205 1491 230 1510 20

205 1748 230 1767 25

204 2204 230 2223 30

672 174 849 201 IOHANNIS
867 175 942 201 VIII.
962 175 1080 201 PAPAE
1104 174 1301 201 EPISTOLAE
1325 175 1476 202 232—234.
1838 179 1900 209 207

251 262 398 302 regulam
434 261 685 292 ecclesiasticam
715 261 830 292 iniuste
861 261 928 292 fore
960 271 1146 302 oppreSSOS,
1183 272 1317 302 quorum
1348 261 1498 293 videlicet
1529 262 1762 293 obiectionibus
1791 273 1900 294 coram

251 316 359 343 nostro
384 313 547 353 presulatu
571 313 773 343 assistentem
798 316 830 343 te
854 315 982 353 oportet
1005 313 1117 353 procul
1141 313 1237 343 (lubio
1262 313 1469 354 respondere.
1516 313 1557 344 Et
1580 314 1653 345 ideo
1678 314 1737 344 hac
1760 315 1900 345 iussione

250 367 359 394 nostra
389 367 542 404 percepta
571 374 737 394 occurrere
762 364 906 403 studeas⁷
938 366 1112 404 antequam
1137 364 1274 395 ecclesia
1298 368 1353 395 tua
1376 365 1478 395 maius
1501 365 1616 395 scisma
1639 365 1690 396 vel
1714 366 1900 397 scandalum

250 415 404 454 patiatur3
430 416 590 455 quoniam,
615 416 639 445 si
661 416 769 445 venire
794 416 857 446 iam
882 415 977 445 modo
1002 416 1241 455 contempseris,
1267 415 1395 456 dignam
1420 417 1757 447 excommunicationis
1781 427 1800 447 a
1823 417 1900 448 sede

249 465 427 505 apostolica
450 465 607 506 prolatam
632 466 802 496 sustinebis
826 466 954 496 omnino
979 476 1155 497 censuram.

351 534 446 558 DATA
465 535 550 559 V111.²1
568 535 752 558 KALENDAS
776 535 979 559 DECEMBRIS.

1040 692 1111 722 233.

355 759 513 791 Iohannes
536 758 632 790 VIII.
654 768 745 797 papa
768 758 890 789 Karolo
913 759 1014 799 (III.)
1038 760 1103 798 reqi
1132 760 1255 798 qratins
1282 761 1360 799 aylt,
1390 762 1473 799 qnod
1502 763 1728 793 consecrationi
1754 754 1900 802 Gosperti

248 810 283 841 in
313 810 490 850 episcopum
520 809 737 841 Vercellensom
769 810 932 847 annuerit,
968 810 1161 848 Anspertum
1191 810 1473 849 Mecliolcmensem,
1509 816 1679 852 antequam
1709 815 1775 853 ‘ipse
1804 814 1899 845 satis-

243 861 398 903 facturus
420 872 452 892 se
469 861 729 902 praesentaverit,
754 861 792 892 ab
815 861 1134 892 excommunicatione
1157 861 1271 892 solvere
1294 863 1407 893 renuit.
1617 865 1679 894 879
1703 865 1813 905 (Nov.)

363 928 438 955 Ood.:
466 929 492 955 R
511 931 530 963 f.
545 933 578 955 93
596 938 623 955 n.
637 932 693 956 235.

352 980 438 1006 13de
467 981 560 1006 Editio
573 980 697 1007 Romana
710 981 795 1015 (1591)
814 980 871 1012 III,
885 983 935 1006 460
953 983 1047 1007 1ι.231.
1077 980 1173 1006 Mansi
1193 980 1272 1007 Cone.
1284 981 1339 1007 coll.
1354 981 1452 1013 XVIJ,
1467 986 1512 1007 172
1531 991 1557 1007 n.
1569 986 1624 1008 231.
1656 983 1749 1016 Miyne
1768 984 1842 1010 Patr.
1854 984 1900 1010 lat.

250 1022 386 1055 CXXVI,
406 1027 455 1049 894
473 1032 500 1050 n.
514 1027 568 1050 276.
588 1039 620 1043 -
639 1023 713 1055 ε7αῇὶὲ
732 1024 794 1057 Ray.
807 1026 870 1050 3313
888 1023 988 1056 (2523).

378 1112 526 1136 DILECTO
548 1112 592 1136 AC
615 1111 783 1135 SPIRITALI
806 1111 897 1135 FILIO
922 1111 1060 1135 KAROLO
1084 1111 1251 1135 GLORIOSO
1275 1112 1318 1135 AC
1342 1112 1659 1137 EXCELLENTISSIMO
1682 1113 1769 1137 REGI.

356 1170 551 1211 Multiplices
574 1171 693 1211 gratias
710 1172 815 1210 vestre
838 1169 1007 1200 referimus
1024 1170 1267 1211 magnitudini&
1295 1171 1369 1211 quia
1385 1181 1442 1211 pro
1460 1170 1679 1201 Bercellensib
1703 1172 1899 1212 episcopatu,

249 1220 323 1263 [in]c
353 1232 416 1262 quo
444 1232 502 1252 nos
533 1221 723 1263 Cospertum
754 1232 816 1252 una
850 1231 921 1252 cum
950 1221 1062 1262 synodi
1093 1221 1224 1252 decreto
1254 1222 1440 1262 episcopum
1472 1222 1722 1262 ordinavimusl,
1759 1226 1900 1253 nostram

248 1272 387 1303 libenter
410 1274 588 1313 perfecistis
612 1273 820 1304 voluntatem.
860 1272 910 1304 De
935 1275 1042 1304 cetero
1067 1276 1186 1312 autem,
1210 1273 1271 1303 hoc
1295 1276 1344 1303 est
1359 1273 1592 1305 Mediolanensi
1612 1273 1899 1314 archiepiscopatu,

249 1335 267 1354 ο
289 1324 333 1354 fili
357 1325 533 1364 carissime,
567 1325 647 1355 siout
676 1324 767 1355 nobis
787 1335 877 1356 ,nunc
907 1324 1098 1363 mandasti²⁷
1130 1327 1165 1354 ut
1187 1324 1384 1365 Anspertum
1413 1325 1705 1365 archiepiscopum,
1741 1335 1836 1366 quem
1868 1326 1899 1355 in

248 1375 369 1415 synodo
404 1387 461 1416 pro
495 1376 656 1406 nonnullis
690 1377 754 1407 suis
783 1376 997 1417 neglegentiis
1030 1380 1062 1407 et
1090 1375 1383 1416 presumptionibus
1416 1376 1659 1415 iudicavimus&
1694 1376 1899 1407 reconciliare

248 1426 400 1457 minimed
424 1427 631 1467 deberemus,
662 1427 748 1468 quod
772 1428 902 1468 quidem
933 1438 990 1457 nos
1014 1438 1071 1467 pro
1095 1430 1202 1458 vestro
1233 1437 1343 1458 amore
1367 1428 1465 1458 alacri
1488 1431 1595 1458 mente
1619 1428 1802 1458 omnimodo
1826 1438 1898 1469 per-

248 1478 431 1517 ficeremus,
463 1479 489 1508 si
519 1479 678 1510 sententia
704 1479 932 1519 damnationis,
963 1489 1059 1519 quam
1087 1479 1119 1509 in
1146 1478 1284 1509 eundem
1308 1479 1584 1520 archiepiscopum
1608 1479 1812 1520 protulimus,
1840 1479 1898 1510 sub

249 1532 359 1560 tenore
391 1530 497 1571 aliquo
526 1540 589 1560 non
623 1529 735 1561 fuisset
764 1530 900 1571 prolata.
946 1530 1076 1561 Dictum
1111 1533 1160 1561 est
1192 1531 1276 1561 enim
1306 1531 1427 1561 tamdiu
1459 1541 1531 1561 eum
1556 1531 1623 1562 fore
1653 1531 1694 1561 ab
1718 1531 1838 1562 honore
1868 1534 1899 1562 et

248 1581 424 1612 ministerio
452 1582 662 1613 sacerdotalie
686 1593 889 1623 suspensum,
921 1582 1023 1613 donec
1052 1586 1183 1613 auctore
1206 1582 1277 1613 Deo
1307 1593 1396 1613 suam
1421 1583 1594 1623 specialem
1622 1583 1713 1613 nobis
1742 1583 1784 1613 ad
1807 1583 1898 1613 satis-

248 1632 430 1663 faciendum
454 1633 624 1664 exhiberet
646 1634 852 1674 presentiam.
889 1633 932 1664 Et
956 1635 1030 1675 quia
1055 1633 1205 1674 ecclesief
1221 1633 1283 1664 Dei
1307 1633 1510 1675 privilegium
1534 1645 1591 1664 nos
1613 1634 1707 1665 decet
1725 1635 1898 1665 immutila-

249 1686 315 1715 tum
340 1684 537 1716 sollemniter
561 1695 767 1725 conservare,
802 1696 842 1716 ne
872 1687 903 1716 in
931 1685 1038 1727 aliquo
1069 1689 1195 1727 patrum
1221 1686 1374 1716 terminos
1398 1687 1553 1727 preterire
1576 1686 1759 1724 videamur,
1790 1689 1899 1716 contra

249 1738 369 1766 statuta
392 1737 549 1768 maiorum
567 1747 664 1777 agere
680 1737 859 1778 nequimus.
894 1737 988 1769 Unde
1013 1737 1222 1778 benignitatis
1239 1741 1343 1778 vestre
1361 1737 1608 1768 excellentiamg
1630 1741 1764 1778 paterno
1782 1737 1899 1768 affectu

248 1797 425 1827 monemuS,
449 1791 485 1819 ut
501 1787 540 1818 ob
558 1788 629 1827 hoc,
648 1788 734 1829 quod
758 1788 1090 1829 inreprehensibiliter
1106 1799 1204 1829 agere
1221 1800 1283 1819 non
1299 1799 1477 1830 possman
1500 1789 1587 1819 nullo
1604 1789 1700 1819 modo
1718 1789 1899 1828 turbemini,

249 1839 399 1880 quoniam
424 1842 562 1870 vestram
588 1840 619 1870 in
644 1839 791 1870 omnibus
815 1841 960 1881 cupimus
984 1851 1041 1881 pro
1066 1840 1208 1871 honoreh
1232 1840 1387 1881 perficere
1411 1840 1620 1873 voluntatem.

351 1909 445 1933 DATA
464 1909 510 1933 UT
529 1909 646 1933 SUPRA.

1036 2074 1108 2103 234.

357 2139 515 2170 Iohannes
534 2138 631 2170 VIII.
650 2149 741 2180 papa
757 2139 915 2171 Karolum
931 2140 1034 2181 (III.)
1050 2151 1158 2180 regem,
1177 2141 1351 2179 praeterito
1373 2141 1438 2171 iam
1462 2141 1593 2171 termino
1615 2140 1645 2171 d.
1663 2142 1691 2171 1.
1710 2140 1898 2177 Novembris,

248 2201 338 2230 quern
360 2191 421 2221 sibi
440 2191 535 2231 prius
550 2190 663 2222 litteris
685 2191 728 2222 ad
750 2192 994 2223 conveniendum
1018 2202 1090 2223 cum
1112 2202 1144 2223 eo
1161 2191 1285 2232 Papiae
1307 2192 1469 2229 indixerit,
1494 2194 1590 2232 νομαί,
1614 2194 1650 2222 ut
1671 2191 1785 2231 leyatos
1800 2192 1898 2222 denuo

247 2242 307 2273 sibi
330 2242 448 2282 dirigat
470 2242 513 2273 ad
535 2242 720 2282 colloquium
742 2243 955 2274 statuendum.
1614 2244 1678 2274 879
1701 2243 1812 2282 (Now.)

363 2310 440 2336 Cod.:
470 2310 496 2336 R
513 2312 534 2344 f.
548 2313 581 2336 93
599 2318 625 2337 n.
641 2314 700 2337 236.

352 2361 436 2388 Edd.:
465 2361 558 2387 Editio
572 2362 699 2388 Romana
714 2363 802 2397 (1591)
817 2363 875 2395 ΙΙΙ,
889 2366 937 2389 459
954 2371 981 2390 11,
992 2366 1048 2389 230.
1079 2362 1174 2389 Mansi
1195 2363 1272 2389 Cone.
1284 2363 1341 2389 coll.
1357 2362 1454 2395 XVII,
1469 2366 1512 2388 171
1530 2370 1557 2388 11.
1570 2365 1626 2388 230.
1660 2362 1754 2395 Miyne
1767 2362 1840 2387 Patr.
1852 2361 1897 2386 lat.

249 2404 385 2436 CXXVI,
404 2408 454 2430 894
472 2413 499 2431 11.
513 2408 570 2431 275.
590 2420 623 2424 -
642 2405 715 2436 ἆαῆέ
733 2405 796 2439 Εεῃ.
811 2408 875 2432 3314
894 2406 993 2439 (2522).

351 2509 374 2541 a)
394 2517 410 2533 v
428 2509 456 2533 in
474 2518 528 2534 ras.
547 2510 578 2535 R.

354 2567 413 2593 233.
441 2568 464 2600 ³²)
483 2578 549 2594 corr.
564 2578 594 2594 εκ
612 2571 800 2602 magnitudinis
819 2570 850 2595 R.
931 2570 955 2601 b)
974 2572 1142 2596 Bercellensis
1161 2571 1193 2596 R.
1273 2570 1295 2601 c)
1316 2579 1363 2595 om.
1382 2570 1414 2594 R.
1493 2568 1517 2600 d)
1536 2569 1628 2594 accidit
1646 2570 1744 2593 differre
1762 2569 1800 2592 vel
1818 2568 1897 2592 simile

249 2611 324 2642 quid,
344 2615 388 2635 aut
403 2619 454 2642 pro
473 2612 624 2637 deberemus
644 2613 777 2645 leyendum
796 2617 832 2638 est
849 2614 998 2639 differamus
1018 2614 1048 2639 R.
1146 2614 1168 2645 e)
1189 2622 1218 2638 -o
1237 2622 1278 2638 sa·
1297 2622 1364 2638 corr.
1377 2621 1407 2638 ex
1425 2621 1467 2636 um
1487 2612 1518 2636 R.
1617 2610 1636 2642 f)
1656 2619 1685 2642 -e
1705 2620 1770 2635 corr.
1783 2619 1813 2635 ex
1830 2619 1845 2635 a
1865 2610 1896 2635 R.

248 2653 273 2684 8)
292 2654 443 2685 excellentie
463 2654 494 2679 R.
583 2653 608 2686 h)
627 2656 644 2679 h
663 2664 730 2681 corr.
743 2664 774 2680 ew
792 2665 816 2681 m
835 2656 867 2681 R.

353 2739 379 2771 1)
399 2738 434 2764 In
451 2738 554 2772 synodo
567 2738 693 2764 Romana
712 2738 738 2766 d.
752 2743 790 2765 15.
805 2739 923 2765 Octobris
941 2739 1068 2766 celebrata
1086 2740 1130 2773 (cf.
1149 2748 1197 2765 nn.
1211 2743 1266 2772 223,
1287 2743 1340 2771 231,
1358 2740 1426 2772 232).
1462 2739 1504 2764 De
1518 2738 1643 2770 Gosperto
1661 2739 1696 2769 cs.
1709 2744 1755 2761 nn.
1770 2740 1821 2768 179,
1842 2740 1895 2762 194.

209 2789 237 2807 40
256 2781 282 2813 2)
302 2781 337 2806 In
356 2781 457 2813 litteris,
476 2789 544 2813 quac
561 2789 616 2807 non
634 2784 751 2812 exstant;
770 2781 865 2808 desunt
883 2791 927 2815 ap.
941 2782 1110 2808 Miihlbacloer
1129 2782 1209 2816 Rey.²
1227 2782 1298 2808 inter
1315 2781 1455 2814 deperdita.
1544 2781 1571 2813 3)
1594 2780 1632 2812 Cf.
1650 2788 1677 2805 1ι.
1692 2783 1746 2805 2:2⁸.
