<?xml version="1.0" encoding="UTF-8"?>
<!DOCTYPE html PUBLIC "-//W3C//DTD XHTML 1.0 Transitional//EN"
    "http://www.w3.org/TR/xhtml1/DTD/xhtml1-transitional.dtd">
<html xmlns="http://www.w3.org/1999/xhtml" xml:lang="en" lang="en">
 <head>
  <title>
</title>
<meta http-equiv="Content-Type" content="text/html;charset=utf-8" />
  <meta name='ocr-system' content='tesseract 3.04.00' />
  <meta name='ocr-capabilities' content='ocr_page ocr_carea ocr_par ocr_line ocrx_word'/>
</head>
<body>
  <div class='ocr_page' id='page_1' title='image "./monumentagerman07geseuoft_0232.png"; bbox 0 0 2189 3042; ppageno 0'>
   <div class='ocr_carea' id='block_1_1' title="bbox 67 1102 260 1123">
    <p class='ocr_par' dir='ltr' id='par_1_1' title="bbox 67 1102 260 1123">
     <span class='ocr_line' id='line_1_1' title="bbox 67 1102 260 1123; baseline 0 -2"><span class='ocrx_word' id='word_1_1' title='bbox 67 1102 97 1123; x_wconf 73' lang='lat' dir='ltr'>cf.</span> <span class='ocrx_word' id='word_1_2' title='bbox 114 1102 174 1123; x_wconf 81' lang='lat' dir='ltr'>Rom.</span> <span class='ocrx_word' id='word_1_3' title='bbox 187 1104 219 1123; x_wconf 68' lang='lat'>14,</span> <span class='ocrx_word' id='word_1_4' title='bbox 230 1103 260 1122; x_wconf 72' lang='lat'>19.</span> 
     </span>
    </p>
   </div>
   <div class='ocr_carea' id='block_1_2' title="bbox 277 139 1488 181">
    <p class='ocr_par' dir='ltr' id='par_1_2' title="bbox 277 139 1488 181">
     <span class='ocr_line' id='line_1_2' title="bbox 277 139 1488 181; baseline -0.003 -11"><span class='ocrx_word' id='word_1_5' title='bbox 277 151 334 181; x_wconf 70' lang='lat'>193</span> <span class='ocrx_word' id='word_1_6' title='bbox 701 141 879 169; x_wconf 86' lang='lat' dir='ltr'>IOHANNIS</span> <span class='ocrx_word' id='word_1_7' title='bbox 897 141 972 167; x_wconf 90' lang='lat' dir='ltr'><strong>VIII.</strong></span> <span class='ocrx_word' id='word_1_8' title='bbox 992 140 1110 167; x_wconf 84' lang='lat' dir='ltr'>PAPAE</span> <span class='ocrx_word' id='word_1_9' title='bbox 1132 140 1330 167; x_wconf 81' lang='lat' dir='ltr'><strong>EPISTOLAE</strong></span> <span class='ocrx_word' id='word_1_10' title='bbox 1352 139 1410 166; x_wconf 81' lang='lat'>222.</span> <span class='ocrx_word' id='word_1_11' title='bbox 1430 140 1488 166; x_wconf 83' lang='lat'>223.</span> 
     </span>
    </p>
   </div>
   <div class='ocr_carea' id='block_1_3' title="bbox 633 253 1562 281">
    <p class='ocr_par' dir='ltr' id='par_1_3' title="bbox 633 253 1562 281">
     <span class='ocr_line' id='line_1_3' title="bbox 633 253 1562 281; baseline -0.003 -1"><span class='ocrx_word' id='word_1_12' title='bbox 633 255 867 281; x_wconf 76' lang='lat' dir='ltr'>NOBILISSIMOa</span> <span class='ocrx_word' id='word_1_13' title='bbox 887 255 967 278; x_wconf 79' lang='lat' dir='ltr'>VIRO</span> <span class='ocrx_word' id='word_1_14' title='bbox 990 254 1177 279; x_wconf 81' lang='lat' dir='ltr'><strong>UUAIFERIO</strong></span> <span class='ocrx_word' id='word_1_15' title='bbox 1199 254 1367 279; x_wconf 74' lang='lat' dir='ltr'>GLORIOSO</span> <span class='ocrx_word' id='word_1_16' title='bbox 1389 254 1537 278; x_wconf 82' lang='lat' dir='ltr'>PRINCIPl</span> <span class='ocrx_word' id='word_1_17' title='bbox 1547 253 1562 277; x_wconf 87' lang='lat'>¹.</span> 
     </span>
    </p>
   </div>
   <div class='ocr_carea' id='block_1_4' title="bbox 271 313 1971 1284">
    <p class='ocr_par' dir='ltr' id='par_1_4' title="bbox 271 313 1971 1284">
     <span class='ocr_line' id='line_1_4' title="bbox 379 313 1920 357; baseline -0.003 -9"><span class='ocrx_word' id='word_1_18' title='bbox 379 317 495 348; x_wconf 84' lang='lat' dir='ltr'>Rclatu</span> <span class='ocrx_word' id='word_1_19' title='bbox 521 314 720 357; x_wconf 83' lang='lat' dir='ltr'>quorundam</span> <span class='ocrx_word' id='word_1_20' title='bbox 745 313 926 355; x_wconf 75' lang='lat' dir='ltr'>didicimus,</span> <span class='ocrx_word' id='word_1_21' title='bbox 955 313 1041 354; x_wconf 85' lang='lat' dir='ltr'>quod</span> <span class='ocrx_word' id='word_1_22' title='bbox 1072 313 1226 344; x_wconf 79' lang='lat' dir='ltr'>suadente</span> <span class='ocrx_word' id='word_1_23' title='bbox 1255 313 1385 344; x_wconf 89' lang='lat' dir='ltr'>humani</span> <span class='ocrx_word' id='word_1_24' title='bbox 1409 313 1536 354; x_wconf 84' lang='lat' dir='ltr'>generis</span> <span class='ocrx_word' id='word_1_25' title='bbox 1566 313 1707 353; x_wconf 81' lang='lat' dir='ltr'>injmieo,</span> <span class='ocrx_word' id='word_1_26' title='bbox 1738 313 1792 354; x_wconf 91' lang='lat' dir='ltr'>qui</span> <span class='ocrx_word' id='word_1_27' title='bbox 1824 314 1920 344; x_wconf 86' lang='lat' dir='ltr'>totius</span> 
     </span>
     <span class='ocr_line' id='line_1_5' title="bbox 273 362 1920 408; baseline -0.003 -9"><span class='ocrx_word' id='word_1_28' title='bbox 273 369 435 408; x_wconf 59' lang='lat' dir='ltr'>inimicitie</span> <span class='ocrx_word' id='word_1_29' title='bbox 461 371 492 399; x_wconf 88' lang='lat' dir='ltr'>ct</span> <span class='ocrx_word' id='word_1_30' title='bbox 515 367 626 398; x_wconf 86' lang='lat' dir='ltr'>mortis</span> <span class='ocrx_word' id='word_1_31' title='bbox 650 362 698 397; x_wconf 78' lang='lat' dir='ltr'>est</span> <span class='ocrx_word' id='word_1_32' title='bbox 721 368 841 403; x_wconf 87' lang='lat' dir='ltr'>auctor,</span> <span class='ocrx_word' id='word_1_33' title='bbox 870 366 1006 406; x_wconf 87' lang='lat' dir='ltr'>cupiatis</span> <span class='ocrx_word' id='word_1_34' title='bbox 1029 365 1219 406; x_wconf 80' lang='lat' dir='ltr'>multiplicia</span> <span class='ocrx_word' id='word_1_35' title='bbox 1243 364 1360 396; x_wconf 87' lang='lat' dir='ltr'>damna</span> <span class='ocrx_word' id='word_1_36' title='bbox 1384 368 1417 395; x_wconf 90' lang='lat' dir='ltr'>et</span> <span class='ocrx_word' id='word_1_37' title='bbox 1440 364 1576 395; x_wconf 84' lang='lat' dir='ltr'>adversa</span> <span class='ocrx_word' id='word_1_38' title='bbox 1598 364 1716 395; x_wconf 89' lang='lat' dir='ltr'>inferre</span> <span class='ocrx_word' id='word_1_39' title='bbox 1740 364 1920 405; x_wconf 81' lang='lat' dir='ltr'>Capuanis²</span> 
     </span>
     <span class='ocr_line' id='line_1_6' title="bbox 273 416 1921 460; baseline -0.002 -10"><span class='ocrx_word' id='word_1_40' title='bbox 273 424 304 451; x_wconf 81' lang='lat' dir='ltr'>et</span> <span class='ocrx_word' id='word_1_41' title='bbox 328 423 459 460; x_wconf 82' lang='lat' dir='ltr'>proptor</span> <span class='ocrx_word' id='word_1_42' title='bbox 483 418 640 458; x_wconf 76' lang='lat' dir='ltr'>discordie</span> <span class='ocrx_word' id='word_1_43' title='bbox 664 418 798 457; x_wconf 81' lang='lat' dir='ltr'>malum,</span> <span class='ocrx_word' id='word_1_44' title='bbox 830 417 916 458; x_wconf 89' lang='lat' dir='ltr'>quod</span> <span class='ocrx_word' id='word_1_45' title='bbox 944 417 1042 457; x_wconf 61' lang='lat' dir='ltr'>seculi</span> <span class='ocrx_word' id='word_1_46' title='bbox 1071 416 1188 457; x_wconf 71' lang='lat' dir='ltr'>cotidie</span> <span class='ocrx_word' id='word_1_47' title='bbox 1217 416 1338 447; x_wconf 80' lang='lat' dir='ltr'>livoreb</span> <span class='ocrx_word' id='word_1_48' title='bbox 1362 419 1534 457; x_wconf 86' lang='lat' dir='ltr'>generatur</span> <span class='ocrx_word' id='word_1_49' title='bbox 1562 418 1594 447; x_wconf 91' lang='lat' dir='ltr'>et</span> <span class='ocrx_word' id='word_1_50' title='bbox 1620 416 1702 446; x_wconf 90' lang='lat' dir='ltr'>inter</span> <span class='ocrx_word' id='word_1_51' title='bbox 1725 416 1921 457; x_wconf 85' lang='lat' dir='ltr'>propinquos</span> 
     </span>
     <span class='ocr_line' id='line_1_7' title="bbox 273 467 1966 512; baseline -0.001 -10"><span class='ocrx_word' id='word_1_52' title='bbox 273 475 369 512; x_wconf 81' lang='lat' dir='ltr'>atquc</span> <span class='ocrx_word' id='word_1_53' title='bbox 393 471 513 501; x_wconf 84' lang='lat' dir='ltr'>amicos</span> <span class='ocrx_word' id='word_1_54' title='bbox 537 469 707 509; x_wconf 78' lang='lat' dir='ltr'>adcrescit,</span> <span class='ocrx_word' id='word_1_55' title='bbox 737 469 885 509; x_wconf 83' lang='lat' dir='ltr'>cogitetis</span> <span class='ocrx_word' id='word_1_56' title='bbox 909 469 1060 510; x_wconf 87' lang='lat' dir='ltr'>generale</span> <span class='ocrx_word' id='word_1_57' title='bbox 1085 468 1255 500; x_wconf 81' lang='lat' dir='ltr'>discrimen</span> <span class='ocrx_word' id='word_1_58' title='bbox 1278 468 1430 509; x_wconf 85' lang='lat' dir='ltr'>prebere,</span> <span class='ocrx_word' id='word_1_59' title='bbox 1454 467 1540 498; x_wconf 89' lang='lat' dir='ltr'>unde</span> <span class='ocrx_word' id='word_1_60' title='bbox 1564 468 1687 498; x_wconf 83' lang='lat' dir='ltr'>scilicet</span> <span class='ocrx_word' id='word_1_61' title='bbox 1708 478 1772 498; x_wconf 90' lang='lat' dir='ltr'>non</span> <span class='ocrx_word' id='word_1_62' title='bbox 1795 467 1921 499; x_wconf 85' lang='lat' dir='ltr'>modica</span> <span class='ocrx_word' id='word_1_63' title='bbox 1955 482 1966 501; x_wconf 80' lang='lat'>⁵</span> 
     </span>
     <span class='ocr_line' id='line_1_8' title="bbox 272 518 1922 561; baseline -0.002 -8"><span class='ocrx_word' id='word_1_64' title='bbox 272 523 410 553; x_wconf 80' lang='lat' dir='ltr'>turbatio</span> <span class='ocrx_word' id='word_1_65' title='bbox 439 522 488 552; x_wconf 81' lang='lat' dir='ltr'>liis</span> <span class='ocrx_word' id='word_1_66' title='bbox 511 522 623 551; x_wconf 87' lang='lat' dir='ltr'>vestris</span> <span class='ocrx_word' id='word_1_67' title='bbox 652 521 683 551; x_wconf 89' lang='lat' dir='ltr'>in</span> <span class='ocrx_word' id='word_1_68' title='bbox 706 520 850 561; x_wconf 88' lang='lat' dir='ltr'>partibus</span> <span class='ocrx_word' id='word_1_69' title='bbox 878 520 999 550; x_wconf 85' lang='lat' dir='ltr'>oriatur</span> <span class='ocrx_word' id='word_1_70' title='bbox 1023 523 1056 551; x_wconf 87' lang='lat' dir='ltr'>et</span> <span class='ocrx_word' id='word_1_71' title='bbox 1086 520 1172 561; x_wconf 86' lang='lat' dir='ltr'>longi</span> <span class='ocrx_word' id='word_1_72' title='bbox 1196 519 1350 561; x_wconf 86' lang='lat' dir='ltr'>temporis</span> <span class='ocrx_word' id='word_1_73' title='bbox 1374 519 1561 550; x_wconf 86' lang='lat' dir='ltr'>scandalum</span> <span class='ocrx_word' id='word_1_74' title='bbox 1589 522 1733 559; x_wconf 82' lang='lat' dir='ltr'>maneat,</span> <span class='ocrx_word' id='word_1_75' title='bbox 1765 521 1811 558; x_wconf 88' lang='lat' dir='ltr'>et,</span> <span class='ocrx_word' id='word_1_76' title='bbox 1847 518 1922 550; x_wconf 90' lang='lat' dir='ltr'>dum</span> 
     </span>
     <span class='ocr_line' id='line_1_9' title="bbox 271 571 1923 613; baseline -0.002 -9"><span class='ocrx_word' id='word_1_77' title='bbox 271 586 333 605; x_wconf 85' lang='lat' dir='ltr'>non</span> <span class='ocrx_word' id='word_1_78' title='bbox 359 573 462 604; x_wconf 80' lang='lat' dir='ltr'>desint</span> <span class='ocrx_word' id='word_1_79' title='bbox 486 573 631 604; x_wconf 81' lang='lat' dir='ltr'>extranei</span> <span class='ocrx_word' id='word_1_80' title='bbox 654 572 777 612; x_wconf 81' lang='lat' dir='ltr'>hostes,</span> <span class='ocrx_word' id='word_1_81' title='bbox 807 582 877 603; x_wconf 92' lang='lat' dir='ltr'>eum</span> <span class='ocrx_word' id='word_1_82' title='bbox 903 571 1017 613; x_wconf 90' lang='lat' dir='ltr'>quibus</span> <span class='ocrx_word' id='word_1_83' title='bbox 1045 571 1172 602; x_wconf 80' lang='lat' dir='ltr'>assidue</span> <span class='ocrx_word' id='word_1_84' title='bbox 1197 571 1359 602; x_wconf 84' lang='lat' dir='ltr'>luctamen</span> <span class='ocrx_word' id='word_1_85' title='bbox 1382 571 1544 611; x_wconf 86' lang='lat' dir='ltr'>habeatis,</span> <span class='ocrx_word' id='word_1_86' title='bbox 1569 571 1664 601; x_wconf 86' lang='lat' dir='ltr'>vultis</span> <span class='ocrx_word' id='word_1_87' title='bbox 1688 571 1923 601; x_wconf 84' lang='lat' dir='ltr'>contrarietatis</span> 
     </span>
     <span class='ocr_line' id='line_1_10' title="bbox 273 622 1922 665; baseline -0.002 -10"><span class='ocrx_word' id='word_1_88' title='bbox 273 626 454 657; x_wconf 84' lang='lat' dir='ltr'>discrimina</span> <span class='ocrx_word' id='word_1_89' title='bbox 478 624 614 665; x_wconf 60' lang='lat' dir='ltr'>prebere</span> <span class='ocrx_word' id='word_1_90' title='bbox 639 624 835 665; x_wconf 76' lang='lat' dir='ltr'>propinquis,</span> <span class='ocrx_word' id='word_1_91' title='bbox 861 635 939 664; x_wconf 87' lang='lat' dir='ltr'>quos</span> <span class='ocrx_word' id='word_1_92' title='bbox 962 625 994 654; x_wconf 89' lang='lat' dir='ltr'>in</span> <span class='ocrx_word' id='word_1_93' title='bbox 1018 624 1174 654; x_wconf 81' lang='lat' dir='ltr'>auxilium</span> <span class='ocrx_word' id='word_1_94' title='bbox 1198 623 1290 654; x_wconf 88' lang='lat' dir='ltr'>vobis</span> <span class='ocrx_word' id='word_1_95' title='bbox 1314 626 1505 664; x_wconf 80' lang='lat' dir='ltr'>oportunum</span> <span class='ocrx_word' id='word_1_96' title='bbox 1530 623 1685 663; x_wconf 84' lang='lat' dir='ltr'>poteratis</span> <span class='ocrx_word' id='word_1_97' title='bbox 1708 622 1828 653; x_wconf 87' lang='lat' dir='ltr'>habere</span> <span class='ocrx_word' id='word_1_98' title='bbox 1852 622 1922 653; x_wconf 86' lang='lat' dir='ltr'>fau-</span> 
     </span>
     <span class='ocr_line' id='line_1_11' title="bbox 272 674 1922 716; baseline -0.002 -9"><span class='ocrx_word' id='word_1_99' title='bbox 272 680 366 708; x_wconf 85' lang='lat' dir='ltr'>tores.</span> <span class='ocrx_word' id='word_1_100' title='bbox 402 676 469 706; x_wconf 75' lang='lat' dir='ltr'>Nos</span> <span class='ocrx_word' id='word_1_101' title='bbox 492 675 609 706; x_wconf 87' lang='lat' dir='ltr'>idcirco</span> <span class='ocrx_word' id='word_1_102' title='bbox 634 686 722 705; x_wconf 84' lang='lat' dir='ltr'>inore</span> <span class='ocrx_word' id='word_1_103' title='bbox 747 678 881 716; x_wconf 86' lang='lat' dir='ltr'>paterno</span> <span class='ocrx_word' id='word_1_104' title='bbox 900 686 954 706; x_wconf 86' lang='lat' dir='ltr'>vos</span> <span class='ocrx_word' id='word_1_105' title='bbox 976 675 1066 716; x_wconf 80' lang='lat' dir='ltr'>quasi</span> <span class='ocrx_word' id='word_1_106' title='bbox 1088 674 1239 705; x_wconf 88' lang='lat' dir='ltr'>dilectum</span> <span class='ocrx_word' id='word_1_107' title='bbox 1263 674 1363 705; x_wconf 88' lang='lat' dir='ltr'>filium</span> <span class='ocrx_word' id='word_1_108' title='bbox 1387 674 1598 705; x_wconf 86' lang='lat' dir='ltr'>admonemus</span> <span class='ocrx_word' id='word_1_109' title='bbox 1622 677 1654 704; x_wconf 90' lang='lat' dir='ltr'>et</span> <span class='ocrx_word' id='word_1_110' title='bbox 1678 684 1719 704; x_wconf 83' lang='lat' dir='ltr'>ex</span> <span class='ocrx_word' id='word_1_111' title='bbox 1734 674 1797 704; x_wconf 87' lang='lat' dir='ltr'>Dei</span> <span class='ocrx_word' id='word_1_112' title='bbox 1821 674 1922 705; x_wconf 90' lang='lat' dir='ltr'>omni-</span> 
     </span>
     <span class='ocr_line' id='line_1_12' title="bbox 273 725 1968 769; baseline -0.002 -11"><span class='ocrx_word' id='word_1_113' title='bbox 273 729 412 769; x_wconf 84' lang='lat' dir='ltr'>potentis</span> <span class='ocrx_word' id='word_1_114' title='bbox 442 727 632 758; x_wconf 87' lang='lat' dir='ltr'>auctoritate</span> <span class='ocrx_word' id='word_1_115' title='bbox 656 726 888 767; x_wconf 86' lang='lat' dir='ltr'>beatorumque</span> <span class='ocrx_word' id='word_1_116' title='bbox 918 727 1136 767; x_wconf 84' lang='lat' dir='ltr'>apostolorum</span> <span class='ocrx_word' id='word_1_117' title='bbox 1161 726 1249 757; x_wconf 87' lang='lat' dir='ltr'>Petri</span> <span class='ocrx_word' id='word_1_118' title='bbox 1274 729 1307 757; x_wconf 88' lang='lat' dir='ltr'>et</span> <span class='ocrx_word' id='word_1_119' title='bbox 1329 725 1424 757; x_wconf 90' lang='lat' dir='ltr'>Pauli</span> <span class='ocrx_word' id='word_1_120' title='bbox 1451 728 1612 766; x_wconf 82' lang='lat' dir='ltr'>potestate</span> <span class='ocrx_word' id='word_1_121' title='bbox 1637 725 1858 766; x_wconf 87' lang='lat' dir='ltr'>prohibemus,</span> <span class='ocrx_word' id='word_1_122' title='bbox 1888 728 1924 756; x_wconf 90' lang='lat' dir='ltr'>ut</span> <span class='ocrx_word' id='word_1_123' title='bbox 1943 735 1968 753; x_wconf 85' lang='lat'>10</span> 
     </span>
     <span class='ocr_line' id='line_1_13' title="bbox 272 777 1924 819; baseline -0.002 -8"><span class='ocrx_word' id='word_1_124' title='bbox 272 791 334 811; x_wconf 90' lang='lat' dir='ltr'>non</span> <span class='ocrx_word' id='word_1_125' title='bbox 364 779 510 810; x_wconf 82' lang='lat' dir='ltr'>habeatis</span> <span class='ocrx_word' id='word_1_126' title='bbox 533 778 695 809; x_wconf 80' lang='lat' dir='ltr'>licentiam</span> <span class='ocrx_word' id='word_1_127' title='bbox 720 789 816 819; x_wconf 80' lang='lat' dir='ltr'>super</span> <span class='ocrx_word' id='word_1_128' title='bbox 839 777 982 819; x_wconf 86' lang='lat' dir='ltr'>prefatos</span> <span class='ocrx_word' id='word_1_129' title='bbox 1005 777 1176 819; x_wconf 84' lang='lat' dir='ltr'>Oapuanos</span> <span class='ocrx_word' id='word_1_130' title='bbox 1200 778 1246 808; x_wconf 88' lang='lat' dir='ltr'>ire</span> <span class='ocrx_word' id='word_1_131' title='bbox 1271 788 1375 819; x_wconf 89' lang='lat' dir='ltr'>neque</span> <span class='ocrx_word' id='word_1_132' title='bbox 1403 777 1544 818; x_wconf 83' lang='lat' dir='ltr'>aliquam</span> <span class='ocrx_word' id='word_1_133' title='bbox 1572 777 1634 807; x_wconf 92' lang='lat' dir='ltr'>illis</span> <span class='ocrx_word' id='word_1_134' title='bbox 1662 777 1924 808; x_wconf 82' lang='lat' dir='ltr'>contrarietatem</span> 
     </span>
     <span class='ocr_line' id='line_1_14' title="bbox 272 828 1925 872; baseline -0.002 -10"><span class='ocrx_word' id='word_1_135' title='bbox 272 831 390 862; x_wconf 79' lang='lat' dir='ltr'>inferre</span> <span class='ocrx_word' id='word_1_136' title='bbox 422 841 522 872; x_wconf 89' lang='lat' dir='ltr'>usque</span> <span class='ocrx_word' id='word_1_137' title='bbox 555 830 596 861; x_wconf 86' lang='lat' dir='ltr'>ad</span> <span class='ocrx_word' id='word_1_138' title='bbox 624 833 766 861; x_wconf 87' lang='lat' dir='ltr'>nostrum</span> <span class='ocrx_word' id='word_1_139' title='bbox 796 830 971 870; x_wconf 84' lang='lat' dir='ltr'>specialem</span> <span class='ocrx_word' id='word_1_140' title='bbox 1001 829 1188 868; x_wconf 76' lang='lat' dir='ltr'>adventum,</span> <span class='ocrx_word' id='word_1_141' title='bbox 1222 830 1372 870; x_wconf 89' lang='lat' dir='ltr'>quoniam</span> <span class='ocrx_word' id='word_1_142' title='bbox 1403 829 1474 860; x_wconf 93' lang='lat' dir='ltr'>Deo</span> <span class='ocrx_word' id='word_1_143' title='bbox 1506 828 1696 868; x_wconf 76' lang='lat' dir='ltr'>auxiliante,</span> <span class='ocrx_word' id='word_1_144' title='bbox 1730 839 1800 859; x_wconf 89' lang='lat' dir='ltr'>cum</span> <span class='ocrx_word' id='word_1_145' title='bbox 1831 828 1925 860; x_wconf 90' lang='lat' dir='ltr'>huius</span> 
     </span>
     <span class='ocr_line' id='line_1_15' title="bbox 274 880 1924 924; baseline -0.002 -11"><span class='ocrx_word' id='word_1_146' title='bbox 274 883 365 924; x_wconf 57' lang='lat' dir='ltr'>estivi</span> <span class='ocrx_word' id='word_1_147' title='bbox 388 882 541 924; x_wconf 80' lang='lat' dir='ltr'>temporis</span> <span class='ocrx_word' id='word_1_148' title='bbox 564 882 670 913; x_wconf 84' lang='lat' dir='ltr'>fervor</span> <span class='ocrx_word' id='word_1_149' title='bbox 692 882 854 913; x_wconf 80' lang='lat' dir='ltr'>transierit</span> <span class='ocrx_word' id='word_1_150' title='bbox 864 882 886 922; x_wconf 77' lang='lat'>³,</span> <span class='ocrx_word' id='word_1_151' title='bbox 917 892 974 922; x_wconf 89' lang='lat' dir='ltr'>pro</span> <span class='ocrx_word' id='word_1_152' title='bbox 1000 882 1140 912; x_wconf 89' lang='lat' dir='ltr'>omnium</span> <span class='ocrx_word' id='word_1_153' title='bbox 1165 884 1306 912; x_wconf 85' lang='lat' dir='ltr'>vestrum</span> <span class='ocrx_word' id='word_1_154' title='bbox 1331 881 1433 912; x_wconf 87' lang='lat' dir='ltr'>salute</span> <span class='ocrx_word' id='word_1_155' title='bbox 1458 880 1628 912; x_wconf 86' lang='lat' dir='ltr'>eoncordia</span> <span class='ocrx_word' id='word_1_156' title='bbox 1659 883 1691 911; x_wconf 92' lang='lat' dir='ltr'>et</span> <span class='ocrx_word' id='word_1_157' title='bbox 1714 880 1924 919; x_wconf 83' lang='lat' dir='ltr'>unanimitate</span> 
     </span>
     <span class='ocr_line' id='line_1_16' title="bbox 274 931 1924 975; baseline -0.002 -10"><span class='ocrx_word' id='word_1_158' title='bbox 274 935 333 966; x_wconf 80' lang='lat' dir='ltr'>has</span> <span class='ocrx_word' id='word_1_159' title='bbox 356 938 477 965; x_wconf 83' lang='lat' dir='ltr'>vestras</span> <span class='ocrx_word' id='word_1_160' title='bbox 501 935 532 964; x_wconf 90' lang='lat' dir='ltr'>in</span> <span class='ocrx_word' id='word_1_161' title='bbox 555 937 662 975; x_wconf 86' lang='lat' dir='ltr'>partes</span> <span class='ocrx_word' id='word_1_162' title='bbox 685 933 865 973; x_wconf 87' lang='lat' dir='ltr'>veniemus,</span> <span class='ocrx_word' id='word_1_163' title='bbox 890 937 1046 974; x_wconf 87' lang='lat' dir='ltr'>quatenus</span> <span class='ocrx_word' id='word_1_164' title='bbox 1070 933 1162 964; x_wconf 88' lang='lat' dir='ltr'>nobis</span> <span class='ocrx_word' id='word_1_165' title='bbox 1185 932 1405 974; x_wconf 69' lang='lat' dir='ltr'>presentibus⁰</span> <span class='ocrx_word' id='word_1_166' title='bbox 1430 933 1531 963; x_wconf 90' lang='lat' dir='ltr'>omnis</span> <span class='ocrx_word' id='word_1_167' title='bbox 1555 931 1622 963; x_wconf 83' lang='lat' dir='ltr'>visd</span> <span class='ocrx_word' id='word_1_168' title='bbox 1645 932 1790 973; x_wconf 85' lang='lat' dir='ltr'>sopiatur</span> <span class='ocrx_word' id='word_1_169' title='bbox 1813 941 1924 962; x_wconf 90' lang='lat' dir='ltr'>omne-</span> 
     </span>
     <span class='ocr_line' id='line_1_17' title="bbox 277 983 1969 1028; baseline -0.002 -11"><span class='ocrx_word' id='word_1_170' title='bbox 277 996 338 1028; x_wconf 89' lang='lat' dir='ltr'>que</span> <span class='ocrx_word' id='word_1_171' title='bbox 363 985 561 1025; x_wconf 69' lang='lat' dir='ltr'>scandalum,</span> <span class='ocrx_word' id='word_1_172' title='bbox 593 985 677 1026; x_wconf 90' lang='lat' dir='ltr'>quod</span> <span class='ocrx_word' id='word_1_173' title='bbox 708 995 749 1016; x_wconf 82' lang='lat' dir='ltr'>ex</span> <span class='ocrx_word' id='word_1_174' title='bbox 772 985 902 1025; x_wconf 88' lang='lat' dir='ltr'>vipereo</span> <span class='ocrx_word' id='word_1_175' title='bbox 931 985 1052 1015; x_wconf 88' lang='lat' dir='ltr'>semine</span> <span class='ocrx_word' id='word_1_176' title='bbox 1081 985 1164 1015; x_wconf 88' lang='lat' dir='ltr'>inter</span> <span class='ocrx_word' id='word_1_177' title='bbox 1191 995 1248 1015; x_wconf 86' lang='lat' dir='ltr'>vos</span> <span class='ocrx_word' id='word_1_178' title='bbox 1276 987 1309 1015; x_wconf 91' lang='lat' dir='ltr'>et</span> <span class='ocrx_word' id='word_1_179' title='bbox 1336 984 1408 1014; x_wconf 91' lang='lat' dir='ltr'>illos</span> <span class='ocrx_word' id='word_1_180' title='bbox 1436 984 1593 1025; x_wconf 80' lang='lat' dir='ltr'>adcrevit,</span> <span class='ocrx_word' id='word_1_181' title='bbox 1626 983 1665 1015; x_wconf 89' lang='lat' dir='ltr'>de</span> <span class='ocrx_word' id='word_1_182' title='bbox 1695 983 1803 1014; x_wconf 90' lang='lat' dir='ltr'>medio</span> <span class='ocrx_word' id='word_1_183' title='bbox 1828 983 1925 1014; x_wconf 90' lang='lat' dir='ltr'>vestri</span> <span class='ocrx_word' id='word_1_184' title='bbox 1945 993 1969 1012; x_wconf 85' lang='lat'>15</span> 
     </span>
     <span class='ocr_line' id='line_1_18' title="bbox 276 1034 1925 1078; baseline -0.002 -10"><span class='ocrx_word' id='word_1_185' title='bbox 276 1038 448 1068; x_wconf 80' lang='lat' dir='ltr'>auferatur.</span> <span class='ocrx_word' id='word_1_186' title='bbox 499 1037 566 1068; x_wconf 86' lang='lat' dir='ltr'>Nos</span> <span class='ocrx_word' id='word_1_187' title='bbox 594 1047 732 1078; x_wconf 88' lang='lat' dir='ltr'>namque</span> <span class='ocrx_word' id='word_1_188' title='bbox 763 1037 900 1067; x_wconf 89' lang='lat' dir='ltr'>salutem</span> <span class='ocrx_word' id='word_1_189' title='bbox 930 1039 1085 1076; x_wconf 69' lang='lat' dir='ltr'>vestram,</span> <span class='ocrx_word' id='word_1_190' title='bbox 1118 1047 1157 1066; x_wconf 90' lang='lat' dir='ltr'>ne</span> <span class='ocrx_word' id='word_1_191' title='bbox 1190 1036 1221 1066; x_wconf 94' lang='lat' dir='ltr'>in</span> <span class='ocrx_word' id='word_1_192' title='bbox 1254 1038 1397 1076; x_wconf 69' lang='lat' dir='ltr'>eternum</span> <span class='ocrx_word' id='word_1_193' title='bbox 1428 1036 1583 1076; x_wconf 83' lang='lat' dir='ltr'>pereatis,</span> <span class='ocrx_word' id='word_1_194' title='bbox 1615 1035 1759 1076; x_wconf 87' lang='lat' dir='ltr'>cupimus</span> <span class='ocrx_word' id='word_1_195' title='bbox 1790 1037 1822 1065; x_wconf 90' lang='lat' dir='ltr'>et</span> <span class='ocrx_word' id='word_1_196' title='bbox 1851 1034 1925 1065; x_wconf 92' lang='lat' dir='ltr'>ideo</span> 
     </span>
     <span class='ocr_line' id='line_1_19' title="bbox 276 1086 1926 1130; baseline -0.002 -10"><span class='ocrx_word' id='word_1_197' title='bbox 276 1090 435 1128; x_wconf 79' lang='lat' dir='ltr'>volumus,</span> <span class='ocrx_word' id='word_1_198' title='bbox 468 1092 501 1119; x_wconf 88' lang='lat' dir='ltr'>ut</span> <span class='ocrx_word' id='word_1_199' title='bbox 531 1099 582 1129; x_wconf 87' lang='lat' dir='ltr'>ea,</span> <span class='ocrx_word' id='word_1_200' title='bbox 613 1099 673 1130; x_wconf 61' lang='lat' dir='ltr'>que</span> <span class='ocrx_word' id='word_1_201' title='bbox 699 1089 804 1129; x_wconf 69' lang='lat' dir='ltr'>pacis²</span> <span class='ocrx_word' id='word_1_202' title='bbox 827 1091 913 1127; x_wconf 82' lang='lat' dir='ltr'>sunt,</span> <span class='ocrx_word' id='word_1_203' title='bbox 945 1088 1112 1119; x_wconf 81' lang='lat' dir='ltr'>sectemini</span> <span class='ocrx_word' id='word_1_204' title='bbox 1140 1098 1278 1128; x_wconf 82' lang='lat' dir='ltr'>semper.</span> <span class='ocrx_word' id='word_1_205' title='bbox 1324 1087 1407 1118; x_wconf 87' lang='lat' dir='ltr'>Nam</span> <span class='ocrx_word' id='word_1_206' title='bbox 1430 1097 1488 1128; x_wconf 89' lang='lat' dir='ltr'>pro</span> <span class='ocrx_word' id='word_1_207' title='bbox 1512 1089 1618 1118; x_wconf 89' lang='lat' dir='ltr'>vestro</span> <span class='ocrx_word' id='word_1_208' title='bbox 1649 1097 1721 1117; x_wconf 89' lang='lat' dir='ltr'>cum</span> <span class='ocrx_word' id='word_1_209' title='bbox 1745 1086 1926 1117; x_wconf 86' lang='lat' dir='ltr'>venerimus</span> 
     </span>
     <span class='ocr_line' id='line_1_20' title="bbox 279 1137 1928 1181; baseline -0.002 -10"><span class='ocrx_word' id='word_1_210' title='bbox 279 1151 398 1180; x_wconf 89' lang='lat' dir='ltr'>amore,</span> <span class='ocrx_word' id='word_1_211' title='bbox 425 1141 540 1181; x_wconf 86' lang='lat' dir='ltr'>ipsum,</span> <span class='ocrx_word' id='word_1_212' title='bbox 569 1151 663 1181; x_wconf 89' lang='lat' dir='ltr'>quem</span> <span class='ocrx_word' id='word_1_213' title='bbox 688 1140 793 1179; x_wconf 80' lang='lat' dir='ltr'>vultis,</span> <span class='ocrx_word' id='word_1_214' title='bbox 818 1140 970 1180; x_wconf 75' lang='lat' dir='ltr'>Capuane</span> <span class='ocrx_word' id='word_1_215' title='bbox 994 1139 1082 1180; x_wconf 91' lang='lat' dir='ltr'>plebi</span> <span class='ocrx_word' id='word_1_216' title='bbox 1105 1139 1243 1170; x_wconf 90' lang='lat' dir='ltr'>Domino</span> <span class='ocrx_word' id='word_1_217' title='bbox 1268 1138 1395 1170; x_wconf 81' lang='lat' dir='ltr'>favente</span> <span class='ocrx_word' id='word_1_218' title='bbox 1420 1139 1596 1170; x_wconf 84' lang='lat' dir='ltr'>antistitem</span> <span class='ocrx_word' id='word_1_219' title='bbox 1620 1137 1861 1177; x_wconf 74' lang='lat' dir='ltr'>ordinabimusf,</span> <span class='ocrx_word' id='word_1_220' title='bbox 1892 1141 1928 1168; x_wconf 93' lang='lat' dir='ltr'>ut</span> 
     </span>
     <span class='ocr_line' id='line_1_21' title="bbox 278 1190 1926 1232; baseline -0.001 -10"><span class='ocrx_word' id='word_1_221' title='bbox 278 1195 385 1223; x_wconf 88' lang='lat' dir='ltr'>vester</span> <span class='ocrx_word' id='word_1_222' title='bbox 408 1191 592 1232; x_wconf 84' lang='lat' dir='ltr'>principalis</span> <span class='ocrx_word' id='word_1_223' title='bbox 615 1192 717 1222; x_wconf 89' lang='lat' dir='ltr'>honor</span> <span class='ocrx_word' id='word_1_224' title='bbox 740 1191 946 1222; x_wconf 84' lang='lat' dir='ltr'>indiminutus</span> <span class='ocrx_word' id='word_1_225' title='bbox 970 1193 1175 1232; x_wconf 79' lang='lat' dir='ltr'>permaneat3</span> <span class='ocrx_word' id='word_1_226' title='bbox 1201 1190 1335 1232; x_wconf 61' lang='lat' dir='ltr'>quodsi&amp;</span> <span class='ocrx_word' id='word_1_227' title='bbox 1358 1190 1440 1221; x_wconf 87' lang='lat' dir='ltr'>forte</span> <span class='ocrx_word' id='word_1_228' title='bbox 1465 1190 1558 1221; x_wconf 85' lang='lat' dir='ltr'>aliter</span> <span class='ocrx_word' id='word_1_229' title='bbox 1581 1201 1638 1221; x_wconf 79' lang='lat' dir='ltr'>vos</span> <span class='ocrx_word' id='word_1_230' title='bbox 1662 1190 1792 1221; x_wconf 61' lang='lat' dir='ltr'>facere&amp;</span> <span class='ocrx_word' id='word_1_231' title='bbox 1807 1200 1926 1231; x_wconf 85' lang='lat' dir='ltr'>cogno-</span> 
     </span>
     <span class='ocr_line' id='line_1_22' title="bbox 278 1242 1971 1284; baseline -0.001 -10"><span class='ocrx_word' id='word_1_232' title='bbox 278 1244 427 1283; x_wconf 88' lang='lat' dir='ltr'>verimus,</span> <span class='ocrx_word' id='word_1_233' title='bbox 451 1244 575 1283; x_wconf 86' lang='lat' dir='ltr'>scitote,</span> <span class='ocrx_word' id='word_1_234' title='bbox 601 1244 675 1284; x_wconf 88' lang='lat' dir='ltr'>quia</span> <span class='ocrx_word' id='word_1_235' title='bbox 698 1247 805 1284; x_wconf 65' lang='lat' dir='ltr'>nostre</span> <span class='ocrx_word' id='word_1_236' title='bbox 830 1254 885 1274; x_wconf 87' lang='lat' dir='ltr'>vos</span> <span class='ocrx_word' id='word_1_237' title='bbox 908 1254 971 1274; x_wconf 91' lang='lat' dir='ltr'>non</span> <span class='ocrx_word' id='word_1_238' title='bbox 994 1243 1184 1274; x_wconf 83' lang='lat' dir='ltr'>habebimus</span> <span class='ocrx_word' id='word_1_239' title='bbox 1208 1242 1438 1273; x_wconf 81' lang='lat' dir='ltr'>communionis</span> <span class='ocrx_word' id='word_1_240' title='bbox 1463 1244 1636 1273; x_wconf 86' lang='lat' dir='ltr'>consortes.</span> <span class='ocrx_word' id='word_1_241' title='bbox 1946 1253 1971 1273; x_wconf 87' lang='lat'>20</span> 
     </span>
    </p>
   </div>
   <div class='ocr_carea' id='block_1_5' title="bbox 283 1390 1930 1601">
    <p class='ocr_par' dir='ltr' id='par_1_5' title="bbox 283 1390 1930 1601">
     <span class='ocr_line' id='line_1_23' title="bbox 1066 1390 1138 1419; baseline 0.014 -1"><span class='ocrx_word' id='word_1_242' title='bbox 1066 1390 1138 1419; x_wconf 81' lang='lat'>223.</span> 
     </span>
     <span class='ocr_line' id='line_1_24' title="bbox 387 1447 1930 1489; baseline -0.001 -9"><span class='ocrx_word' id='word_1_243' title='bbox 387 1449 546 1480; x_wconf 66' lang='lat' dir='ltr'>Iohannes</span> <span class='ocrx_word' id='word_1_244' title='bbox 564 1449 657 1480; x_wconf 88' lang='lat' dir='ltr'><em>VIII.</em></span> <span class='ocrx_word' id='word_1_245' title='bbox 669 1459 758 1488; x_wconf 67' lang='lat' dir='ltr'>papa</span> <span class='ocrx_word' id='word_1_246' title='bbox 776 1449 977 1487; x_wconf 71' lang='lat' dir='ltr'>Pandemclso</span> <span class='ocrx_word' id='word_1_247' title='bbox 999 1448 1143 1488; x_wconf 71' lang='lat' dir='ltr'>yastalclo</span> <span class='ocrx_word' id='word_1_248' title='bbox 1161 1449 1350 1489; x_wconf 71' lang='lat' dir='ltr'>(Gapmmo)</span> <span class='ocrx_word' id='word_1_249' title='bbox 1366 1448 1497 1479; x_wconf 61' lang='lat' dir='ltr'>nemetim</span> <span class='ocrx_word' id='word_1_250' title='bbox 1520 1448 1556 1479; x_wconf 77' lang='lat' dir='ltr'>de</span> <span class='ocrx_word' id='word_1_251' title='bbox 1580 1447 1693 1479; x_wconf 73' lang='lat' dir='ltr'>litteris</span> <span class='ocrx_word' id='word_1_252' title='bbox 1709 1447 1930 1478; x_wconf 70' lang='lat' dir='ltr'>dehortatoriis</span> 
     </span>
     <span class='ocr_line' id='line_1_25' title="bbox 283 1499 1842 1540; baseline -0.001 -9"><span class='ocrx_word' id='word_1_253' title='bbox 283 1501 452 1538; x_wconf 71' lang='lat' dir='ltr'>Guaiserio</span> <span class='ocrx_word' id='word_1_254' title='bbox 469 1501 613 1540; x_wconf 72' lang='lat' dir='ltr'>principi</span> <span class='ocrx_word' id='word_1_255' title='bbox 636 1500 839 1532; x_wconf 75' lang='lat' dir='ltr'>Salernitano</span> <span class='ocrx_word' id='word_1_256' title='bbox 862 1501 965 1531; x_wconf 69' lang='lat' dir='ltr'>missis</span> <span class='ocrx_word' id='word_1_257' title='bbox 989 1502 1033 1540; x_wconf 73' lang='grc' dir='ltr'>(η,</span> <span class='ocrx_word' id='word_1_258' title='bbox 1054 1500 1118 1531; x_wconf 72' lang='grc'>222</span> <span class='ocrx_word' id='word_1_259' title='bbox 1137 1525 1142 1531; x_wconf 97' lang='grc'><em>.</em></span> <span class='ocrx_word' id='word_1_260' title='bbox 1642 1500 1704 1530; x_wconf 83' lang='grc'>879</span> <span class='ocrx_word' id='word_1_261' title='bbox 1729 1499 1842 1539; x_wconf 73' lang='lat' dir='ltr'>(Any.)</span> 
     </span>
     <span class='ocr_line' id='line_1_26' title="bbox 394 1568 726 1601; baseline -0.003 -7"><span class='ocrx_word' id='word_1_262' title='bbox 394 1568 468 1594; x_wconf 63' lang='lat' dir='ltr'>CM:</span> <span class='ocrx_word' id='word_1_263' title='bbox 498 1568 524 1594; x_wconf 68' lang='lat'>1:</span> <span class='ocrx_word' id='word_1_264' title='bbox 543 1570 563 1601; x_wconf 81' lang='lat' dir='ltr'>f.</span> <span class='ocrx_word' id='word_1_265' title='bbox 577 1571 610 1594; x_wconf 75' lang='lat'>89</span> <span class='ocrx_word' id='word_1_266' title='bbox 629 1576 656 1593; x_wconf 80' lang='lat' dir='ltr'>n.</span> <span class='ocrx_word' id='word_1_267' title='bbox 671 1572 726 1593; x_wconf 66' lang='grc'>224.</span> 
     </span>
    </p>
   </div>
   <div class='ocr_carea' id='block_1_6' title="bbox 283 1618 1972 1697">
    <p class='ocr_par' dir='ltr' id='par_1_6' title="bbox 283 1618 1972 1697">
     <span class='ocr_line' id='line_1_27' title="bbox 385 1618 1927 1653; baseline -0.001 -8"><span class='ocrx_word' id='word_1_268' title='bbox 385 1619 469 1646; x_wconf 50' lang='lat' dir='ltr'>Eam:</span> <span class='ocrx_word' id='word_1_269' title='bbox 498 1619 588 1645; x_wconf 66' lang='lat' dir='ltr'>Editio</span> <span class='ocrx_word' id='word_1_270' title='bbox 602 1620 725 1646; x_wconf 74' lang='lat' dir='ltr'>Romana</span> <span class='ocrx_word' id='word_1_271' title='bbox 742 1620 827 1653; x_wconf 75' lang='lat'><em>(1591)</em></span> <span class='ocrx_word' id='word_1_272' title='bbox 847 1619 905 1652; x_wconf 83' lang='lat' dir='ltr'>HJ,</span> <span class='ocrx_word' id='word_1_273' title='bbox 923 1623 975 1645; x_wconf 60' lang='grc'>118</span> <span class='ocrx_word' id='word_1_274' title='bbox 993 1623 1083 1646; x_wconf 60' lang='lat'>111.·215.</span> <span class='ocrx_word' id='word_1_275' title='bbox 1118 1619 1212 1644; x_wconf 72' lang='grc' dir='ltr'><em>Μιιηεί</em></span> <span class='ocrx_word' id='word_1_276' title='bbox 1232 1618 1307 1644; x_wconf 73' lang='lat' dir='ltr'>Cone.</span> <span class='ocrx_word' id='word_1_277' title='bbox 1318 1619 1373 1644; x_wconf 79' lang='lat' dir='ltr'>coll.</span> <span class='ocrx_word' id='word_1_278' title='bbox 1388 1619 1485 1651; x_wconf 87' lang='lat' dir='ltr'><strong><em>XVII,</em></strong></span> <span class='ocrx_word' id='word_1_279' title='bbox 1501 1622 1544 1644; x_wconf 82' lang='lat'>161</span> <span class='ocrx_word' id='word_1_280' title='bbox 1562 1627 1588 1645; x_wconf 72' lang='grc' dir='ltr'>η.</span> <span class='ocrx_word' id='word_1_281' title='bbox 1600 1622 1653 1645; x_wconf 80' lang='grc'><strong><em>215.</em></strong></span> <span class='ocrx_word' id='word_1_282' title='bbox 1683 1618 1777 1652; x_wconf 64' lang='lat' dir='ltr'>Blt&#39;yne</span> <span class='ocrx_word' id='word_1_283' title='bbox 1795 1618 1870 1644; x_wconf 73' lang='lat' dir='ltr'>Patr.</span> <span class='ocrx_word' id='word_1_284' title='bbox 1883 1618 1927 1644; x_wconf 69' lang='lat' dir='ltr'>lat.</span> 
     </span>
     <span class='ocr_line' id='line_1_28' title="bbox 283 1662 1972 1697; baseline 0.002 -9"><span class='ocrx_word' id='word_1_285' title='bbox 283 1662 418 1694; x_wconf 76' lang='lat' dir='ltr'><strong><em>CXXVI,</em></strong></span> <span class='ocrx_word' id='word_1_286' title='bbox 438 1666 492 1689; x_wconf 67' lang='lat'>882</span> <span class='ocrx_word' id='word_1_287' title='bbox 509 1672 536 1689; x_wconf 68' lang='lat' dir='ltr'>n.</span> <span class='ocrx_word' id='word_1_288' title='bbox 553 1666 612 1689; x_wconf 77' lang='lat'>259.</span> <span class='ocrx_word' id='word_1_289' title='bbox 631 1677 664 1681; x_wconf 89' lang='lat'>—-</span> <span class='ocrx_word' id='word_1_290' title='bbox 682 1662 755 1694; x_wconf 72' lang='lat' dir='ltr'>Jaffe&#39;</span> <span class='ocrx_word' id='word_1_291' title='bbox 774 1662 838 1697; x_wconf 49' lang='grc' dir='ltr'>ΗΒΕ.</span> <span class='ocrx_word' id='word_1_292' title='bbox 851 1666 918 1689; x_wconf 73' lang='grc'>3287</span> <span class='ocrx_word' id='word_1_293' title='bbox 934 1663 1035 1696; x_wconf 78' lang='lat'>(2506).</span> <span class='ocrx_word' id='word_1_294' title='bbox 1948 1672 1972 1691; x_wconf 79' lang='grc'>25</span> 
     </span>
    </p>
   </div>
   <div class='ocr_carea' id='block_1_7' title="bbox 652 1749 1561 1774">
    <p class='ocr_par' dir='ltr' id='par_1_7' title="bbox 652 1749 1561 1774">
     <span class='ocr_line' id='line_1_29' title="bbox 652 1749 1561 1774; baseline 0 -1"><span class='ocrx_word' id='word_1_295' title='bbox 652 1750 765 1774; x_wconf 86' lang='lat' dir='ltr'>NOBILI</span> <span class='ocrx_word' id='word_1_296' title='bbox 785 1750 864 1774; x_wconf 82' lang='lat' dir='ltr'>VIRO</span> <span class='ocrx_word' id='word_1_297' title='bbox 886 1750 1142 1774; x_wconf 85' lang='lat' dir='ltr'>PANDENULPHO</span> <span class='ocrx_word' id='word_1_298' title='bbox 1165 1750 1332 1774; x_wconf 70' lang='lat' dir='ltr'>GLORIOSO</span> <span class='ocrx_word' id='word_1_299' title='bbox 1356 1749 1561 1773; x_wconf 66' lang='lat' dir='ltr'>CAS&#39;rALDoe.</span> 
     </span>
    </p>
   </div>
   <div class='ocr_carea' id='block_1_8' title="bbox 283 1807 1974 2210">
    <p class='ocr_par' dir='ltr' id='par_1_8' title="bbox 283 1807 1974 2210">
     <span class='ocr_line' id='line_1_30' title="bbox 390 1807 1930 1850; baseline -0.001 -11"><span class='ocrx_word' id='word_1_300' title='bbox 390 1809 532 1840; x_wconf 85' lang='lat' dir='ltr'>Relectis</span> <span class='ocrx_word' id='word_1_301' title='bbox 564 1809 717 1850; x_wconf 63' lang='lat' dir='ltr'>industrie</span> <span class='ocrx_word' id='word_1_302' title='bbox 752 1812 805 1850; x_wconf 65' lang='lat' dir='ltr'>tue</span> <span class='ocrx_word' id='word_1_303' title='bbox 835 1809 978 1849; x_wconf 74' lang='lat' dir='ltr'>litteris5,</span> <span class='ocrx_word' id='word_1_304' title='bbox 1014 1820 1092 1850; x_wconf 87' lang='lat' dir='ltr'>quas</span> <span class='ocrx_word' id='word_1_305' title='bbox 1123 1819 1181 1850; x_wconf 89' lang='lat' dir='ltr'>per</span> <span class='ocrx_word' id='word_1_306' title='bbox 1210 1809 1329 1840; x_wconf 75' lang='lat' dir='ltr'>talem⁶</span> <span class='ocrx_word' id='word_1_307' title='bbox 1358 1808 1487 1839; x_wconf 88' lang='lat' dir='ltr'>fidelem</span> <span class='ocrx_word' id='word_1_308' title='bbox 1518 1807 1680 1838; x_wconf 88' lang='lat' dir='ltr'>hominem</span> <span class='ocrx_word' id='word_1_309' title='bbox 1715 1811 1802 1838; x_wconf 88' lang='lat' dir='ltr'>tuum</span> <span class='ocrx_word' id='word_1_310' title='bbox 1838 1807 1930 1838; x_wconf 90' lang='lat' dir='ltr'>nobis</span> 
     </span>
     <span class='ocr_line' id='line_1_31' title="bbox 283 1859 1929 1902; baseline -0.001 -11"><span class='ocrx_word' id='word_1_311' title='bbox 283 1860 451 1900; x_wconf 82' lang='lat' dir='ltr'>mandasti,</span> <span class='ocrx_word' id='word_1_312' title='bbox 476 1871 523 1901; x_wconf 77' lang='lat' dir='ltr'>ea,</span> <span class='ocrx_word' id='word_1_313' title='bbox 548 1871 608 1902; x_wconf 72' lang='lat' dir='ltr'>que</span> <span class='ocrx_word' id='word_1_314' title='bbox 627 1864 734 1891; x_wconf 83' lang='lat' dir='ltr'>nostro</span> <span class='ocrx_word' id='word_1_315' title='bbox 750 1861 912 1901; x_wconf 88' lang='lat' dir='ltr'>pontificio</span> <span class='ocrx_word' id='word_1_316' title='bbox 936 1860 1117 1901; x_wconf 83' lang='lat' dir='ltr'>supplicare</span> <span class='ocrx_word' id='word_1_317' title='bbox 1142 1860 1301 1897; x_wconf 86' lang='lat' dir='ltr'>studuisti,</span> <span class='ocrx_word' id='word_1_318' title='bbox 1325 1860 1521 1901; x_wconf 71' lang='lat' dir='ltr'>apostolica²⁴</span> <span class='ocrx_word' id='word_1_319' title='bbox 1538 1859 1707 1890; x_wconf 84' lang='lat' dir='ltr'>dumtaxat</span> <span class='ocrx_word' id='word_1_320' title='bbox 1729 1859 1929 1900; x_wconf 84' lang='lat' dir='ltr'>benignitate</span> 
     </span>
     <span class='ocr_line' id='line_1_32' title="bbox 284 1911 1931 1953; baseline -0.001 -11"><span class='ocrx_word' id='word_1_321' title='bbox 284 1912 462 1943; x_wconf 86' lang='lat' dir='ltr'>audivimus</span> <span class='ocrx_word' id='word_1_322' title='bbox 493 1923 542 1952; x_wconf 86' lang='lat' dir='ltr'>ac,</span> <span class='ocrx_word' id='word_1_323' title='bbox 572 1916 667 1953; x_wconf 87' lang='lat' dir='ltr'>prout</span> <span class='ocrx_word' id='word_1_324' title='bbox 696 1913 776 1943; x_wconf 85' lang='lat' dir='ltr'>ratio</span> <span class='ocrx_word' id='word_1_325' title='bbox 809 1912 974 1953; x_wconf 78' lang='lat' dir='ltr'>exigebat,</span> <span class='ocrx_word' id='word_1_326' title='bbox 1005 1913 1120 1952; x_wconf 89' lang='lat' dir='ltr'>partim</span> <span class='ocrx_word' id='word_1_327' title='bbox 1152 1911 1391 1952; x_wconf 86' lang='lat' dir='ltr'>complevimus.</span> <span class='ocrx_word' id='word_1_328' title='bbox 1445 1911 1630 1941; x_wconf 79' lang='lat' dir='ltr'>Direximus</span> <span class='ocrx_word' id='word_1_329' title='bbox 1662 1921 1800 1951; x_wconf 85' lang='lat' dir='ltr'>namque</span> <span class='ocrx_word' id='word_1_330' title='bbox 1830 1911 1931 1941; x_wconf 88' lang='lat' dir='ltr'>nostri</span> 
     </span>
     <span class='ocr_line' id='line_1_33' title="bbox 284 1962 1974 2005; baseline -0.001 -11"><span class='ocrx_word' id='word_1_331' title='bbox 284 1963 482 2005; x_wconf 83' lang='lat' dir='ltr'>apostolatus</span> <span class='ocrx_word' id='word_1_332' title='bbox 505 1964 648 1995; x_wconf 83' lang='lat' dir='ltr'>litteras⁷</span> <span class='ocrx_word' id='word_1_333' title='bbox 671 1964 837 1995; x_wconf 85' lang='lat' dir='ltr'>Uuaiferio</span> <span class='ocrx_word' id='word_1_334' title='bbox 868 1966 899 1994; x_wconf 93' lang='lat' dir='ltr'>ct</span> <span class='ocrx_word' id='word_1_335' title='bbox 923 1963 1135 1994; x_wconf 86' lang='lat' dir='ltr'>ammonendo</span> <span class='ocrx_word' id='word_1_336' title='bbox 1159 1963 1352 2004; x_wconf 82' lang='lat' dir='ltr'>increpando</span> <span class='ocrx_word' id='word_1_337' title='bbox 1383 1966 1479 2003; x_wconf 89' lang='lat' dir='ltr'>atque</span> <span class='ocrx_word' id='word_1_338' title='bbox 1505 1962 1812 1993; x_wconf 83' lang='lat' dir='ltr'>excommunicando</span> <span class='ocrx_word' id='word_1_339' title='bbox 1837 1962 1930 1993; x_wconf 83' lang='lat' dir='ltr'>eunib</span> <span class='ocrx_word' id='word_1_340' title='bbox 1949 1978 1974 1997; x_wconf 75' lang='lat'>30</span> 
     </span>
     <span class='ocr_line' id='line_1_34' title="bbox 284 2013 1931 2055; baseline -0.002 -9"><span class='ocrx_word' id='word_1_341' title='bbox 284 2026 346 2046; x_wconf 91' lang='lat' dir='ltr'>non</span> <span class='ocrx_word' id='word_1_342' title='bbox 376 2015 495 2046; x_wconf 86' lang='lat' dir='ltr'>habere</span> <span class='ocrx_word' id='word_1_343' title='bbox 526 2015 687 2046; x_wconf 87' lang='lat' dir='ltr'>licentiam</span> <span class='ocrx_word' id='word_1_344' title='bbox 720 2025 761 2046; x_wconf 83' lang='lat' dir='ltr'>ex</span> <span class='ocrx_word' id='word_1_345' title='bbox 787 2015 858 2046; x_wconf 89' lang='lat' dir='ltr'>Deo</span> <span class='ocrx_word' id='word_1_346' title='bbox 891 2018 923 2045; x_wconf 92' lang='lat' dir='ltr'>et</span> <span class='ocrx_word' id='word_1_347' title='bbox 958 2018 1138 2045; x_wconf 85' lang='lat' dir='ltr'>sanctorum</span> <span class='ocrx_word' id='word_1_348' title='bbox 1171 2015 1388 2055; x_wconf 90' lang='lat' dir='ltr'>apostolorum</span> <span class='ocrx_word' id='word_1_349' title='bbox 1420 2014 1510 2045; x_wconf 84' lang='lat' dir='ltr'>Petri</span> <span class='ocrx_word' id='word_1_350' title='bbox 1544 2018 1599 2044; x_wconf 82' lang='lat' dir='ltr'>acc</span> <span class='ocrx_word' id='word_1_351' title='bbox 1629 2013 1723 2044; x_wconf 86' lang='lat' dir='ltr'>Pauli</span> <span class='ocrx_word' id='word_1_352' title='bbox 1757 2016 1931 2054; x_wconf 85' lang='lat' dir='ltr'>nostraque</span> 
     </span>
     <span class='ocr_line' id='line_1_35' title="bbox 285 2065 1930 2107; baseline -0.001 -10"><span class='ocrx_word' id='word_1_353' title='bbox 285 2067 473 2097; x_wconf 83' lang='lat' dir='ltr'>auctoritate</span> <span class='ocrx_word' id='word_1_354' title='bbox 497 2067 687 2107; x_wconf 86' lang='lat' dir='ltr'>permissum</span> <span class='ocrx_word' id='word_1_355' title='bbox 710 2067 818 2097; x_wconf 88' lang='lat' dir='ltr'>venire</span> <span class='ocrx_word' id='word_1_356' title='bbox 843 2069 952 2097; x_wconf 88' lang='lat' dir='ltr'>contra</span> <span class='ocrx_word' id='word_1_357' title='bbox 975 2065 1087 2097; x_wconf 88' lang='lat' dir='ltr'>urbem</span> <span class='ocrx_word' id='word_1_358' title='bbox 1113 2065 1299 2106; x_wconf 85' lang='lat' dir='ltr'>Capuanam</span> <span class='ocrx_word' id='word_1_359' title='bbox 1328 2076 1432 2106; x_wconf 87' lang='lat' dir='ltr'>neque</span> <span class='ocrx_word' id='word_1_360' title='bbox 1456 2065 1598 2106; x_wconf 85' lang='lat' dir='ltr'>aliquam</span> <span class='ocrx_word' id='word_1_361' title='bbox 1629 2066 1661 2095; x_wconf 87' lang='lat' dir='ltr'>in</span> <span class='ocrx_word' id='word_1_362' title='bbox 1685 2065 1832 2095; x_wconf 89' lang='lat' dir='ltr'>omnibus</span> <span class='ocrx_word' id='word_1_363' title='bbox 1856 2065 1930 2095; x_wconf 86' lang='lat' dir='ltr'>sub-</span> 
     </span>
     <span class='ocr_line' id='line_1_36' title="bbox 283 2116 1932 2157; baseline -0.001 -9"><span class='ocrx_word' id='word_1_364' title='bbox 283 2118 414 2149; x_wconf 88' lang='lat' dir='ltr'>urbanis</span> <span class='ocrx_word' id='word_1_365' title='bbox 438 2121 469 2148; x_wconf 86' lang='lat' dir='ltr'>et</span> <span class='ocrx_word' id='word_1_366' title='bbox 493 2118 606 2148; x_wconf 88' lang='lat' dir='ltr'>finibus</span> <span class='ocrx_word' id='word_1_367' title='bbox 631 2118 698 2148; x_wconf 87' lang='lat' dir='ltr'>eius</span> <span class='ocrx_word' id='word_1_368' title='bbox 721 2118 982 2148; x_wconf 84' lang='lat' dir='ltr'>contrarietatem</span> <span class='ocrx_word' id='word_1_369' title='bbox 1005 2116 1123 2148; x_wconf 85' lang='lat' dir='ltr'>inferre</span> <span class='ocrx_word' id='word_1_370' title='bbox 1147 2117 1289 2148; x_wconf 82' lang='lat' dir='ltr'>nullasve</span> <span class='ocrx_word' id='word_1_371' title='bbox 1314 2117 1419 2147; x_wconf 90' lang='lat' dir='ltr'>moliri</span> <span class='ocrx_word' id='word_1_372' title='bbox 1442 2116 1583 2156; x_wconf 77' lang='lat' dir='ltr'>insidias,</span> <span class='ocrx_word' id='word_1_373' title='bbox 1609 2126 1776 2157; x_wconf 87' lang='lat' dir='ltr'>usquequo</span> <span class='ocrx_word' id='word_1_374' title='bbox 1800 2117 1877 2147; x_wconf 83' lang='lat' dir='ltr'>istas</span> <span class='ocrx_word' id='word_1_375' title='bbox 1900 2117 1932 2147; x_wconf 89' lang='lat' dir='ltr'>in</span> 
     </span>
     <span class='ocr_line' id='line_1_37' title="bbox 286 2166 1808 2210; baseline -0.001 -10"><span class='ocrx_word' id='word_1_376' title='bbox 286 2173 394 2210; x_wconf 87' lang='lat' dir='ltr'>partes</span> <span class='ocrx_word' id='word_1_377' title='bbox 417 2170 591 2201; x_wconf 85' lang='lat' dir='ltr'>auxiliante</span> <span class='ocrx_word' id='word_1_378' title='bbox 616 2169 754 2200; x_wconf 88' lang='lat' dir='ltr'>Domino</span> <span class='ocrx_word' id='word_1_379' title='bbox 778 2172 852 2210; x_wconf 86' lang='lat' dir='ltr'>post</span> <span class='ocrx_word' id='word_1_380' title='bbox 874 2169 966 2200; x_wconf 87' lang='lat' dir='ltr'>huius</span> <span class='ocrx_word' id='word_1_381' title='bbox 992 2169 1082 2209; x_wconf 64' lang='lat' dir='ltr'>estivi</span> <span class='ocrx_word' id='word_1_382' title='bbox 1106 2170 1259 2210; x_wconf 90' lang='lat' dir='ltr'>temporis</span> <span class='ocrx_word' id='word_1_383' title='bbox 1283 2169 1442 2200; x_wconf 87' lang='lat' dir='ltr'>fervorem</span> <span class='ocrx_word' id='word_1_384' title='bbox 1467 2169 1658 2200; x_wconf 82' lang='lat' dir='ltr'>veniremus.</span> <span class='ocrx_word' id='word_1_385' title='bbox 1802 2166 1808 2172; x_wconf 84' lang='lat'>&#39;</span> 
     </span>
    </p>
   </div>
   <div class='ocr_carea' id='block_1_9' title="bbox 391 2309 1829 2326">
    <p class='ocr_par' dir='ltr' id='par_1_9' title="bbox 391 2309 1829 2326">
     <span class='ocr_line' id='line_1_38' title="bbox 391 2309 1829 2326; baseline 0 0"><span class='ocrx_word' id='word_1_386' title='bbox 391 2309 1829 2326; x_wconf 95' lang='lat' dir='ltr'> </span> 
     </span>
    </p>
   </div>
   <div class='ocr_carea' id='block_1_10' title="bbox 288 2357 1975 2579">
    <p class='ocr_par' dir='ltr' id='par_1_10' title="bbox 288 2357 1975 2434">
     <span class='ocr_line' id='line_1_39' title="bbox 390 2357 1975 2391; baseline -0.001 -9"><span class='ocrx_word' id='word_1_387' title='bbox 390 2357 448 2383; x_wconf 75' lang='lat'>222.</span> <span class='ocrx_word' id='word_1_388' title='bbox 477 2358 500 2389; x_wconf 72' lang='lat' dir='ltr'>a)</span> <span class='ocrx_word' id='word_1_389' title='bbox 520 2365 613 2383; x_wconf 79' lang='lat' dir='ltr'>NOUIL-</span> <span class='ocrx_word' id='word_1_390' title='bbox 630 2358 662 2383; x_wconf 81' lang='lat' dir='ltr'>Ii&#39;.</span> <span class='ocrx_word' id='word_1_391' title='bbox 757 2357 781 2391; x_wconf 88' lang='lat' dir='ltr'>b)</span> <span class='ocrx_word' id='word_1_392' title='bbox 801 2359 880 2383; x_wconf 85' lang='lat' dir='ltr'>libore</span> <span class='ocrx_word' id='word_1_393' title='bbox 903 2358 930 2383; x_wconf 77' lang='lat' dir='ltr'>R.</span> <span class='ocrx_word' id='word_1_394' title='bbox 1025 2359 1047 2390; x_wconf 84' lang='lat' dir='ltr'>c)</span> <span class='ocrx_word' id='word_1_395' title='bbox 1067 2359 1169 2384; x_wconf 84' lang='lat' dir='ltr'>-ntibus</span> <span class='ocrx_word' id='word_1_396' title='bbox 1188 2359 1214 2383; x_wconf 77' lang='lat' dir='ltr'>in</span> <span class='ocrx_word' id='word_1_397' title='bbox 1233 2367 1285 2383; x_wconf 73' lang='lat' dir='ltr'>ras.</span> <span class='ocrx_word' id='word_1_398' title='bbox 1305 2359 1336 2383; x_wconf 83' lang='lat' dir='ltr'>R.</span> <span class='ocrx_word' id='word_1_399' title='bbox 1432 2357 1457 2390; x_wconf 81' lang='lat' dir='ltr'>d)</span> <span class='ocrx_word' id='word_1_400' title='bbox 1476 2367 1542 2383; x_wconf 76' lang='lat' dir='ltr'>corr.</span> <span class='ocrx_word' id='word_1_401' title='bbox 1557 2367 1587 2384; x_wconf 77' lang='lat' dir='ltr'>ex</span> <span class='ocrx_word' id='word_1_402' title='bbox 1606 2359 1674 2383; x_wconf 87' lang='lat' dir='ltr'>omni</span> <span class='ocrx_word' id='word_1_403' title='bbox 1692 2359 1746 2383; x_wconf 89' lang='lat' dir='ltr'>suis</span> <span class='ocrx_word' id='word_1_404' title='bbox 1764 2358 1799 2382; x_wconf 81' lang='lat' dir='ltr'>al.</span> <span class='ocrx_word' id='word_1_405' title='bbox 1812 2366 1881 2382; x_wconf 63' lang='lat' dir='ltr'>maoz.</span> <span class='ocrx_word' id='word_1_406' title='bbox 1900 2357 1931 2383; x_wconf 82' lang='lat' dir='ltr'>R.</span> <span class='ocrx_word' id='word_1_407' title='bbox 1952 2366 1975 2386; x_wconf 81' lang='lat'>35</span> 
     </span>
     <span class='ocr_line' id='line_1_40' title="bbox 288 2401 1583 2434; baseline 0 -7"><span class='ocrx_word' id='word_1_408' title='bbox 288 2403 310 2433; x_wconf 82' lang='lat' dir='ltr'>e)</span> <span class='ocrx_word' id='word_1_409' title='bbox 330 2411 396 2427; x_wconf 84' lang='lat' dir='ltr'>corr.</span> <span class='ocrx_word' id='word_1_410' title='bbox 409 2410 439 2426; x_wconf 59' lang='lat' dir='ltr'>ca·</span> <span class='ocrx_word' id='word_1_411' title='bbox 458 2402 513 2434; x_wconf 84' lang='lat' dir='ltr'>paci</span> <span class='ocrx_word' id='word_1_412' title='bbox 532 2402 567 2426; x_wconf 82' lang='lat' dir='ltr'>al.</span> <span class='ocrx_word' id='word_1_413' title='bbox 581 2411 650 2426; x_wconf 66' lang='lat' dir='ltr'>wizan.</span> <span class='ocrx_word' id='word_1_414' title='bbox 670 2402 701 2427; x_wconf 78' lang='lat' dir='ltr'>R.</span> <span class='ocrx_word' id='word_1_415' title='bbox 789 2401 808 2433; x_wconf 84' lang='lat' dir='ltr'>s)</span> <span class='ocrx_word' id='word_1_416' title='bbox 828 2402 843 2426; x_wconf 93' lang='lat' dir='ltr'>b</span> <span class='ocrx_word' id='word_1_417' title='bbox 863 2411 929 2427; x_wconf 73' lang='lat' dir='ltr'>corr.</span> <span class='ocrx_word' id='word_1_418' title='bbox 943 2411 972 2427; x_wconf 69' lang='lat' dir='ltr'>esc</span> <span class='ocrx_word' id='word_1_419' title='bbox 992 2411 1008 2426; x_wconf 91' lang='lat' dir='ltr'>u</span> <span class='ocrx_word' id='word_1_420' title='bbox 1028 2402 1059 2426; x_wconf 75' lang='lat' dir='ltr'>B.</span> <span class='ocrx_word' id='word_1_421' title='bbox 1148 2401 1173 2431; x_wconf 63' lang='grc' dir='ltr'>Β)</span> <span class='ocrx_word' id='word_1_422' title='bbox 1192 2402 1323 2434; x_wconf 85' lang='lat' dir='ltr'>quodsi—</span> <span class='ocrx_word' id='word_1_423' title='bbox 1335 2403 1417 2427; x_wconf 81' lang='lat' dir='ltr'>facere</span> <span class='ocrx_word' id='word_1_424' title='bbox 1436 2403 1462 2426; x_wconf 76' lang='grc' dir='ltr'>ἰη</span> <span class='ocrx_word' id='word_1_425' title='bbox 1480 2410 1532 2426; x_wconf 78' lang='lat' dir='ltr'>ras.</span> <span class='ocrx_word' id='word_1_426' title='bbox 1552 2401 1583 2427; x_wconf 83' lang='lat' dir='ltr'>B.</span> 
     </span>
    </p>

    <p class='ocr_par' dir='ltr' id='par_1_11' title="bbox 390 2460 1378 2492">
     <span class='ocr_line' id='line_1_41' title="bbox 390 2460 1378 2492; baseline 0.002 -7"><span class='ocrx_word' id='word_1_427' title='bbox 390 2460 448 2486; x_wconf 70' lang='grc'>223.</span> <span class='ocrx_word' id='word_1_428' title='bbox 476 2461 499 2492; x_wconf 78' lang='lat' dir='ltr'>a)</span> <span class='ocrx_word' id='word_1_429' title='bbox 520 2462 574 2485; x_wconf 77' lang='lat' dir='ltr'>-isti</span> <span class='ocrx_word' id='word_1_430' title='bbox 592 2469 622 2485; x_wconf 85' lang='lat' dir='ltr'>a·</span> <span class='ocrx_word' id='word_1_431' title='bbox 641 2461 667 2485; x_wconf 79' lang='lat' dir='ltr'>in</span> <span class='ocrx_word' id='word_1_432' title='bbox 686 2470 737 2485; x_wconf 74' lang='lat' dir='ltr'>ras.</span> <span class='ocrx_word' id='word_1_433' title='bbox 752 2461 786 2485; x_wconf 71' lang='grc' dir='ltr'>αἱ.</span> <span class='ocrx_word' id='word_1_434' title='bbox 800 2470 867 2485; x_wconf 71' lang='lat' dir='ltr'>man.</span> <span class='ocrx_word' id='word_1_435' title='bbox 887 2461 919 2486; x_wconf 81' lang='lat' dir='ltr'>R.</span> <span class='ocrx_word' id='word_1_436' title='bbox 1007 2460 1032 2491; x_wconf 81' lang='lat' dir='ltr'>b)</span> <span class='ocrx_word' id='word_1_437' title='bbox 1052 2470 1094 2486; x_wconf 82' lang='lat' dir='ltr'>cos</span> <span class='ocrx_word' id='word_1_438' title='bbox 1114 2462 1146 2486; x_wconf 79' lang='lat' dir='ltr'>R.</span> <span class='ocrx_word' id='word_1_439' title='bbox 1235 2462 1256 2492; x_wconf 74' lang='grc' dir='ltr'>ο)</span> <span class='ocrx_word' id='word_1_440' title='bbox 1277 2462 1326 2487; x_wconf 77' lang='lat' dir='ltr'>hae</span> <span class='ocrx_word' id='word_1_441' title='bbox 1346 2462 1378 2488; x_wconf 82' lang='lat' dir='ltr'>R.</span> 
     </span>
    </p>

    <p class='ocr_par' dir='ltr' id='par_1_12' title="bbox 392 2545 1933 2579">
     <span class='ocr_line' id='line_1_42' title="bbox 392 2545 1933 2579; baseline 0.001 -8"><span class='ocrx_word' id='word_1_442' title='bbox 392 2546 416 2577; x_wconf 89' lang='lat'>1)</span> <span class='ocrx_word' id='word_1_443' title='bbox 436 2545 615 2571; x_wconf 71' lang='lat' dir='ltr'>Salernitana.</span> <span class='ocrx_word' id='word_1_444' title='bbox 695 2545 720 2578; x_wconf 75' lang='lat'>2)</span> <span class='ocrx_word' id='word_1_445' title='bbox 740 2545 780 2571; x_wconf 81' lang='lat' dir='ltr'>De</span> <span class='ocrx_word' id='word_1_446' title='bbox 798 2545 960 2571; x_wconf 70' lang='lat' dir='ltr'>dissensione</span> <span class='ocrx_word' id='word_1_447' title='bbox 977 2545 1083 2578; x_wconf 67' lang='lat' dir='ltr'>Capuae</span> <span class='ocrx_word' id='word_1_448' title='bbox 1098 2549 1156 2578; x_wconf 72' lang='lat' dir='ltr'>post</span> <span class='ocrx_word' id='word_1_449' title='bbox 1174 2549 1279 2572; x_wconf 74' lang='lat' dir='ltr'>mortem</span> <span class='ocrx_word' id='word_1_450' title='bbox 1292 2546 1426 2578; x_wconf 67' lang='lat' dir='ltr'>Lamlzclfi</span> <span class='ocrx_word' id='word_1_451' title='bbox 1439 2546 1461 2572; x_wconf 88' lang='lat'>1.</span> <span class='ocrx_word' id='word_1_452' title='bbox 1475 2546 1591 2579; x_wconf 75' lang='lat' dir='ltr'>episcopi</span> <span class='ocrx_word' id='word_1_453' title='bbox 1609 2548 1669 2572; x_wconf 78' lang='lat' dir='ltr'>orta</span> <span class='ocrx_word' id='word_1_454' title='bbox 1686 2546 1720 2578; x_wconf 81' lang='lat' dir='ltr'>ef.</span> <span class='ocrx_word' id='word_1_455' title='bbox 1733 2554 1781 2572; x_wconf 72' lang='lat' dir='ltr'>nn.</span> <span class='ocrx_word' id='word_1_456' title='bbox 1795 2549 1933 2572; x_wconf 76' lang='lat'>213—216.</span> 
     </span>
    </p>
   </div>
   <div class='ocr_carea' id='block_1_11' title="bbox 285 2587 1977 2795">
    <p class='ocr_par' dir='ltr' id='par_1_13' title="bbox 285 2587 1977 2795">
     <span class='ocr_line' id='line_1_43' title="bbox 288 2587 1932 2622; baseline 0 -8"><span class='ocrx_word' id='word_1_457' title='bbox 288 2589 314 2621; x_wconf 81' lang='lat'>3)</span> <span class='ocrx_word' id='word_1_458' title='bbox 333 2589 370 2615; x_wconf 75' lang='lat' dir='ltr'>In</span> <span class='ocrx_word' id='word_1_459' title='bbox 387 2588 504 2621; x_wconf 70' lang='lat' dir='ltr'>epistolis</span> <span class='ocrx_word' id='word_1_460' title='bbox 522 2597 569 2614; x_wconf 76' lang='lat' dir='ltr'>nn.</span> <span class='ocrx_word' id='word_1_461' title='bbox 583 2591 715 2614; x_wconf 72' lang='lat'><strong><em>213—216</em></strong></span> <span class='ocrx_word' id='word_1_462' title='bbox 734 2587 759 2614; x_wconf 79' lang='lat' dir='ltr'>d.</span> <span class='ocrx_word' id='word_1_463' title='bbox 774 2593 794 2615; x_wconf 87' lang='lat'>1.</span> <span class='ocrx_word' id='word_1_464' title='bbox 811 2588 926 2613; x_wconf 71' lang='lat' dir='ltr'>Octobris</span> <span class='ocrx_word' id='word_1_465' title='bbox 944 2589 1073 2614; x_wconf 71' lang='lat' dir='ltr'>terminas</span> <span class='ocrx_word' id='word_1_466' title='bbox 1092 2589 1220 2614; x_wconf 61' lang='lat' dir='ltr'>culi-entus</span> <span class='ocrx_word' id='word_1_467' title='bbox 1239 2589 1423 2619; x_wconf 55' lang='lat' dir='ltr'>constituitum</span> <span class='ocrx_word' id='word_1_468' title='bbox 1450 2590 1539 2622; x_wconf 72' lang='lat' dir='ltr'>itaque</span> <span class='ocrx_word' id='word_1_469' title='bbox 1556 2592 1650 2615; x_wconf 74' lang='lat' dir='ltr'>nostra</span> <span class='ocrx_word' id='word_1_470' title='bbox 1663 2589 1742 2622; x_wconf 73' lang='lat' dir='ltr'>prior</span> <span class='ocrx_word' id='word_1_471' title='bbox 1760 2589 1814 2614; x_wconf 76' lang='lat' dir='ltr'>illis</span> <span class='ocrx_word' id='word_1_472' title='bbox 1831 2591 1868 2614; x_wconf 79' lang='lat' dir='ltr'>est</span> <span class='ocrx_word' id='word_1_473' title='bbox 1887 2588 1932 2621; x_wconf 77' lang='lat' dir='ltr'>(cf.</span> 
     </span>
     <span class='ocr_line' id='line_1_44' title="bbox 289 2631 1977 2665; baseline 0 -8"><span class='ocrx_word' id='word_1_474' title='bbox 289 2631 353 2657; x_wconf 69' lang='lat' dir='ltr'>Levi</span> <span class='ocrx_word' id='word_1_475' title='bbox 372 2631 388 2658; x_wconf 78' lang='lat' dir='ltr'>l.</span> <span class='ocrx_word' id='word_1_476' title='bbox 402 2632 418 2657; x_wconf 86' lang='lat' dir='ltr'>l.</span> <span class='ocrx_word' id='word_1_477' title='bbox 433 2640 462 2664; x_wconf 76' lang='lat' dir='ltr'>p.</span> <span class='ocrx_word' id='word_1_478' title='bbox 477 2632 546 2665; x_wconf 82' lang='grc'><strong><em>18]),</em></strong></span> <span class='ocrx_word' id='word_1_479' title='bbox 566 2631 724 2664; x_wconf 71' lang='lat' dir='ltr'>praesertim</span> <span class='ocrx_word' id='word_1_480' title='bbox 745 2639 803 2656; x_wconf 81' lang='lat' dir='ltr'>cnm</span> <span class='ocrx_word' id='word_1_481' title='bbox 822 2631 852 2656; x_wconf 80' lang='lat' dir='ltr'>dc</span> <span class='ocrx_word' id='word_1_482' title='bbox 870 2631 976 2656; x_wconf 65' lang='lat' dir='ltr'>(leminis</span> <span class='ocrx_word' id='word_1_483' title='bbox 994 2631 1139 2662; x_wconf 67' lang='lat' dir='ltr'>inferembis</span> <span class='ocrx_word' id='word_1_484' title='bbox 1157 2632 1209 2664; x_wconf 70' lang='lat' dir='ltr'>liic,</span> <span class='ocrx_word' id='word_1_485' title='bbox 1235 2632 1267 2658; x_wconf 75' lang='grc' dir='ltr'>(ἴε</span> <span class='ocrx_word' id='word_1_486' title='bbox 1285 2632 1370 2658; x_wconf 77' lang='lat' dir='ltr'>illatis</span> <span class='ocrx_word' id='word_1_487' title='bbox 1392 2632 1445 2658; x_wconf 77' lang='lat' dir='ltr'>illic</span> <span class='ocrx_word' id='word_1_488' title='bbox 1463 2635 1572 2665; x_wconf 59' lang='lat' dir='ltr'>affatum</span> <span class='ocrx_word' id='word_1_489' title='bbox 1598 2632 1661 2658; x_wconf 79' lang='lat' dir='ltr'>haec</span> <span class='ocrx_word' id='word_1_490' title='bbox 1683 2631 1764 2665; x_wconf 56' lang='grc' dir='ltr'>ἐρέτην</span> <span class='ocrx_word' id='word_1_491' title='bbox 1783 2633 1806 2657; x_wconf 76' lang='lat' dir='ltr'>et</span> <span class='ocrx_word' id='word_1_492' title='bbox 1823 2639 1934 2664; x_wconf 76' lang='lat' dir='ltr'>sequens</span> <span class='ocrx_word' id='word_1_493' title='bbox 1951 2638 1977 2657; x_wconf 83' lang='lat'>40</span> 
     </span>
     <span class='ocr_line' id='line_1_45' title="bbox 288 2673 1932 2708; baseline -0.001 -8"><span class='ocrx_word' id='word_1_494' title='bbox 288 2674 397 2707; x_wconf 70' lang='lat' dir='ltr'>epistola</span> <span class='ocrx_word' id='word_1_495' title='bbox 416 2674 451 2700; x_wconf 80' lang='lat' dir='ltr'>ad</span> <span class='ocrx_word' id='word_1_496' title='bbox 468 2675 550 2707; x_wconf 62' lang='lat' dir='ltr'>Any„</span> <span class='ocrx_word' id='word_1_497' title='bbox 566 2682 613 2699; x_wconf 68' lang='lat' dir='ltr'>om.</span> <span class='ocrx_word' id='word_1_498' title='bbox 627 2677 753 2700; x_wconf 72' lang='lat'><em>213—216</em></span> <span class='ocrx_word' id='word_1_499' title='bbox 771 2673 808 2699; x_wconf 76' lang='lat' dir='ltr'>ad</span> <span class='ocrx_word' id='word_1_500' title='bbox 826 2673 892 2706; x_wconf 76' lang='lat' dir='ltr'>Sept.</span> <span class='ocrx_word' id='word_1_501' title='bbox 911 2674 1063 2705; x_wconf 65' lang='lat' dir='ltr'>referendae</span> <span class='ocrx_word' id='word_1_502' title='bbox 1081 2677 1150 2707; x_wconf 77' lang='lat' dir='ltr'>sunt,</span> <span class='ocrx_word' id='word_1_503' title='bbox 1171 2677 1205 2708; x_wconf 80' lang='lat' dir='ltr'>cs.</span> <span class='ocrx_word' id='word_1_504' title='bbox 1219 2675 1283 2701; x_wconf 89' lang='lat' dir='ltr'>NA.</span> <span class='ocrx_word' id='word_1_505' title='bbox 1300 2675 1395 2701; x_wconf 89' lang='grc' dir='ltr'>ΧΧΧ</span> <span class='ocrx_word' id='word_1_506' title='bbox 1400 2675 1445 2707; x_wconf 89' lang='lat' dir='ltr'>V1,</span> <span class='ocrx_word' id='word_1_507' title='bbox 1464 2678 1512 2701; x_wconf 82' lang='lat'>152</span> <span class='ocrx_word' id='word_1_508' title='bbox 1530 2677 1621 2701; x_wconf 75' lang='lat' dir='ltr'>annot.</span> <span class='ocrx_word' id='word_1_509' title='bbox 1635 2679 1660 2701; x_wconf 80' lang='lat'>4.</span> <span class='ocrx_word' id='word_1_510' title='bbox 1747 2674 1774 2708; x_wconf 86' lang='lat'>4)</span> <span class='ocrx_word' id='word_1_511' title='bbox 1794 2673 1932 2706; x_wconf 72' lang='lat' dir='ltr'>capuano,</span> 
     </span>
     <span class='ocr_line' id='line_1_46' title="bbox 288 2716 1934 2751; baseline 0 -9"><span class='ocrx_word' id='word_1_512' title='bbox 288 2717 318 2742; x_wconf 78' lang='lat' dir='ltr'>de</span> <span class='ocrx_word' id='word_1_513' title='bbox 337 2725 388 2750; x_wconf 74' lang='lat' dir='ltr'>quo</span> <span class='ocrx_word' id='word_1_514' title='bbox 406 2720 439 2750; x_wconf 83' lang='lat' dir='ltr'>cf.</span> <span class='ocrx_word' id='word_1_515' title='bbox 459 2725 484 2743; x_wconf 75' lang='lat' dir='ltr'>n.</span> <span class='ocrx_word' id='word_1_516' title='bbox 500 2720 554 2749; x_wconf 82' lang='lat'>176,</span> <span class='ocrx_word' id='word_1_517' title='bbox 574 2724 598 2749; x_wconf 75' lang='lat' dir='ltr'>p.</span> <span class='ocrx_word' id='word_1_518' title='bbox 612 2721 658 2742; x_wconf 67' lang='lat'>141</span> <span class='ocrx_word' id='word_1_519' title='bbox 676 2719 768 2743; x_wconf 66' lang='lat' dir='ltr'>aomol.</span> <span class='ocrx_word' id='word_1_520' title='bbox 782 2720 803 2743; x_wconf 81' lang='lat'>6.</span> <span class='ocrx_word' id='word_1_521' title='bbox 901 2717 926 2749; x_wconf 78' lang='lat'>5)</span> <span class='ocrx_word' id='word_1_522' title='bbox 948 2716 1022 2749; x_wconf 73' lang='lat' dir='ltr'>Quae</span> <span class='ocrx_word' id='word_1_523' title='bbox 1039 2725 1096 2743; x_wconf 67' lang='lat' dir='ltr'>ozon</span> <span class='ocrx_word' id='word_1_524' title='bbox 1115 2720 1228 2744; x_wconf 75' lang='lat' dir='ltr'>exstant.</span> <span class='ocrx_word' id='word_1_525' title='bbox 1315 2718 1342 2751; x_wconf 85' lang='grc'>6)</span> <span class='ocrx_word' id='word_1_526' title='bbox 1361 2718 1470 2744; x_wconf 77' lang='lat' dir='ltr'>Verbum</span> <span class='ocrx_word' id='word_1_527' title='bbox 1489 2718 1573 2744; x_wconf 86' lang='lat' dir='ltr'>talem</span> <span class='ocrx_word' id='word_1_528' title='bbox 1592 2725 1624 2744; x_wconf 77' lang='lat' dir='ltr'>ex</span> <span class='ocrx_word' id='word_1_529' title='bbox 1641 2717 1756 2749; x_wconf 76' lang='lat' dir='ltr'>minuta,</span> <span class='ocrx_word' id='word_1_530' title='bbox 1775 2717 1822 2743; x_wconf 75' lang='lat' dir='ltr'>ubi</span> <span class='ocrx_word' id='word_1_531' title='bbox 1839 2725 1934 2743; x_wconf 76' lang='lat' dir='ltr'>nomen</span> 
     </span>
     <span class='ocr_line' id='line_1_47' title="bbox 285 2759 1898 2795; baseline 0 -9"><span class='ocrx_word' id='word_1_532' title='bbox 285 2760 426 2793; x_wconf 67' lang='lat' dir='ltr'>proprium</span> <span class='ocrx_word' id='word_1_533' title='bbox 445 2760 537 2785; x_wconf 69' lang='lat' dir='ltr'>mmtii</span> <span class='ocrx_word' id='word_1_534' title='bbox 555 2767 610 2785; x_wconf 76' lang='lat' dir='ltr'>non</span> <span class='ocrx_word' id='word_1_535' title='bbox 629 2760 681 2785; x_wconf 78' lang='lat' dir='ltr'>iam</span> <span class='ocrx_word' id='word_1_536' title='bbox 696 2760 815 2793; x_wconf 73' lang='lat' dir='ltr'>positum</span> <span class='ocrx_word' id='word_1_537' title='bbox 833 2762 897 2791; x_wconf 76' lang='lat' dir='ltr'>crat,</span> <span class='ocrx_word' id='word_1_538' title='bbox 915 2759 1070 2792; x_wconf 56' lang='lat' dir='ltr'>deso-spiam</span> <span class='ocrx_word' id='word_1_539' title='bbox 1089 2768 1141 2786; x_wconf 76' lang='lat' dir='ltr'>esse</span> <span class='ocrx_word' id='word_1_540' title='bbox 1158 2763 1239 2793; x_wconf 73' lang='lat' dir='ltr'>patet,</span> <span class='ocrx_word' id='word_1_541' title='bbox 1259 2763 1294 2795; x_wconf 77' lang='lat' dir='ltr'>cf.</span> <span class='ocrx_word' id='word_1_542' title='bbox 1309 2761 1371 2788; x_wconf 79' lang='lat' dir='ltr'>NA.</span> <span class='ocrx_word' id='word_1_543' title='bbox 1387 2761 1532 2793; x_wconf 84' lang='lat' dir='ltr'>XXXVI,</span> <span class='ocrx_word' id='word_1_544' title='bbox 1553 2764 1606 2787; x_wconf 85' lang='lat'>116.</span> <span class='ocrx_word' id='word_1_545' title='bbox 1697 2761 1723 2794; x_wconf 82' lang='lat'>7)</span> <span class='ocrx_word' id='word_1_546' title='bbox 1744 2759 1784 2792; x_wconf 79' lang='lat' dir='ltr'>Of.</span> <span class='ocrx_word' id='word_1_547' title='bbox 1803 2768 1829 2786; x_wconf 73' lang='lat' dir='ltr'>n.</span> <span class='ocrx_word' id='word_1_548' title='bbox 1843 2763 1898 2786; x_wconf 76' lang='lat'>222.</span> 
     </span>
    </p>
   </div>
   <div class='ocr_carea' id='block_1_12' title="bbox 2176 2662 2189 2849">
    <p class='ocr_par' dir='ltr' id='par_1_14' title="bbox 2176 2662 2189 2849">
     <span class='ocr_line' id='line_1_48' title="bbox 2176 2662 2189 2849; textangle 90"><span class='ocrx_word' id='word_1_549' title='bbox 2180 2823 2189 2849; x_wconf 45' lang='lat' dir='ltr'>&#39;g</span> <span class='ocrx_word' id='word_1_550' title='bbox 2176 2764 2185 2781; x_wconf 54' lang='grc'><em>4</em></span> <span class='ocrx_word' id='word_1_551' title='bbox 2177 2662 2189 2752; x_wconf 57' lang='grc' dir='ltr'>““”ζ”“ῤ,.ι</span> 
     </span>
    </p>
   </div>
  </div>
 </body>
</html>
