2189 3042
238 109 256 139 S
699 102 877 131 IOHANNIS
895 102 970 128 VIII.
988 102 1107 128 PAPAE
1129 100 1327 128 EPISTOLAE
1350 101 1374 127 8.
1394 101 1418 128 9.

239 194 368 224 iactura.
408 191 450 222 Et
473 191 555 227 idco,
579 190 752 222 secundum
777 189 862 230 quod
886 191 937 219 eta
961 189 1112 229 spiritalis
1134 188 1218 218 filius
1240 190 1350 219 noster
1373 198 1500 229 semper
1523 190 1677 228 augustus
1699 189 1881 220 necessario

240 250 291 283 tue
322 243 479 274 commisit
506 243 672 281 industrie,
704 241 842 271 omnium
872 242 1050 271 ceterarum
1073 249 1179 270 rerum
1207 239 1289 270 curis
1317 239 1442 270 omissis
1470 239 1532 270 hoc
1554 249 1611 269 vos
1640 240 1786 270 convenit
1813 242 1881 272 toto

239 295 439 326 considerare
465 295 579 325 mentis
607 294 720 323 intuitu
749 295 781 323 et
808 291 849 322 ad
873 291 1028 322 auxilium
1052 293 1193 321 nostrum
1221 301 1282 321 non
1311 290 1472 321 modicum
1500 291 1676 321 exercitum
1700 291 1882 331 quantotius

239 346 408 377 destinare.
448 344 480 375 Si
505 345 588 375 enim
606 347 743 374 vestrum
761 343 909 374 divinitus
932 342 1117 373 roboratum
1141 341 1232 372 nobis
1255 352 1319 372 non
1342 342 1504 383 porrigitis
1519 341 1661 372 validum
1685 345 1718 372 et
1740 343 1881 383 amplum

239 398 404 428 confestim
428 396 597 434 auxilium,
629 396 740 425 scitote
765 394 861 425 nichil
892 393 1028 434 amplius
1055 403 1237 433 remancre,
1267 393 1326 424 nisi
1354 396 1403 433 ut,
1433 393 1524 424 nobis
1551 403 1570 424 a
1592 393 1682 423 vobis
1705 393 1884 434 desperatis
1913 404 1925 423 5

239 448 384 483 dimissis,
416 447 504 477 vobis
534 447 630 477 ctiam
662 446 702 476 ab
730 446 790 476 hac
820 448 930 475 sancta
960 444 1095 475 ecclesia
1123 444 1209 475 nulla
1236 455 1310 485 spes
1338 445 1423 475 ultra
1451 447 1627 475 remaneat.
1673 445 1774 476 Porro
1798 446 1825 475 si
1852 446 1884 477 in

239 499 378 540 presenti
402 499 592 529 necessitate
616 497 706 528 nobis
729 500 840 538 aptum
864 497 917 527 etb
941 496 1101 527 sufficiens
1124 496 1315 537 prebueritis
1345 496 1499 527 auxilium
1529 499 1562 527 et
1592 496 1671 527 nihil
1699 496 1884 528 differentes

238 550 357 591 populo
382 549 443 580 Dei
468 549 562 579 beato
588 548 729 590 [Ρθὲνο]ο
752 548 885 589 speciali
907 547 1130 589 prerogativad
1155 548 1324 578 commisso
1348 547 1516 579 subvenire
1540 548 1741 587 studueritis,
1770 549 1883 580 scitote

238 603 269 632 in
293 602 377 632 omni
402 601 617 641 oportunitate
635 603 739 631 vestra
763 603 851 630 tanto
875 609 932 629 nos
949 599 1017 630 fore
1033 600 1256 640 promptiores,
1281 602 1400 640 quanto
1418 599 1570 630 fuerimus
1593 599 1711 630 redditi
1734 600 1775 631 ab
1791 600 1883 632 hoste

239 653 422 684 securiores.
476 652 626 683 Ceterum
657 651 862 682 dilectionem
893 654 980 681 tuam
1009 651 1161 681 miramur
1192 651 1318 692 legatos
1348 654 1473 682 nostros
1504 652 1672 683 retinuisse
1683 652 1704 692 ¹,
1739 652 1883 684 Leonem
1903 661 1928 680 ιο

239 705 433 745 episcopum,
449 703 651 734 karissimum
668 706 819 744 nepotem
836 705 988 741 nostrum,
1013 703 1253 744 apocrisiarium
1270 706 1303 734 et
1322 704 1453 734 missum
1470 703 1645 744 apostolice
1667 697 1884 745 sedis,⁷⁷atque

240 756 370 786 Petrum
395 760 493 796 ogquee
511 755 707 795 episcopum,
733 754 785 795 qui
810 764 881 784 cum
905 753 1109 784 festinantesf
1123 765 1181 795 per
1197 765 1253 785 vos
1277 754 1318 785 ad
1342 754 1491 785 divinitus
1507 757 1689 795 protectum
1713 758 1884 796 augustum

239 807 449 846 mitterentur,
480 816 499 836 a
523 805 613 836 vobis
637 810 669 837 et
696 809 769 836 tunc
794 805 917 836 detenti
940 808 1013 836 sunt
1040 808 1073 836 et
1100 806 1196 836 modo
1220 805 1444 837 nichilominus
1468 816 1531 837 non
1554 806 1668 837 merito
1692 806 1883 844 retinentur;

239 858 323 899 quod
355 858 428 898 quia
460 860 570 888 contra
599 857 696 888 decus
725 857 900 898 apostolice
933 857 1030 895 sedis,
1061 857 1147 898 quod
1177 868 1365 898 numquam,
1395 857 1514 889 factum
1547 861 1608 898 est,
1643 857 1788 899 profecto
1822 869 1885 889 non

241 910 449 948 dimittemus,
480 919 551 940 cum
575 908 647 940 hinc
677 909 754 939 certi
783 908 949 947 fuerimus,
980 909 1125 940 inultum.
1173 909 1253 940 Cum
1278 910 1362 940 enim
1386 920 1443 940 nos
1466 909 1538 939 illos
1565 920 1622 950 pro
1653 910 1885 950 multiplicibus
1904 918 1928 937 15

240 961 373 1000 ecclesie
397 964 502 1000 nostre}
526 960 770 991 necessitatibus
793 960 850 990 sub
874 961 972 991 nimia
995 961 1198 991 festinatione
1223 960 1416 1000 miserimus,
1446 971 1465 991 a
1488 960 1593 1000 vobis,
1618 971 1714 1002 quem
1738 961 1798 992 hoc
1822 973 1885 993 non

239 1013 327 1052 latet,
352 1022 413 1042 non
437 1011 594 1053 impediri,
619 1012 675 1043 sed
692 1011 733 1042 ad
750 1011 803 1042 idg
819 1011 953 1042 celerius
969 1011 1130 1052 agendum
1146 1012 1269 1052 vestris,
1293 1012 1375 1042 sicut
1391 1011 1593 1053 credidimus,
1618 1012 1723 1053 potius
1742 1013 1885 1045 debuere

240 1064 342 1095 fulciri
367 1064 522 1094 subsidiis.

342 1117 436 1140 DATA
461 1117 505 1140 UT
528 1117 644 1140 SUPRA.

1047 1237 1075 1266 9.

347 1292 505 1323 Iohannes
518 1291 614 1322 VIII.
625 1301 716 1330 papa
733 1290 852 1322 Karolo
869 1290 995 1331 (Calvo)
1011 1291 1194 1330 iweperatori
1215 1290 1332 1327 scribit,
1355 1301 1387 1321 se
1410 1290 1454 1321 ad
1473 1293 1576 1321 votum
1592 1291 1660 1322 eius
1675 1291 1886 1323 Frotharium
1904 1300 1930 1319 20

239 1345 414 1383 episeopmu
433 1342 676 1382 Burdiyalensis
699 1343 852 1379 ecelesiae,
876 1343 1102 1374 exterminatae
1124 1343 1296 1374 seeundum
1320 1343 1531 1373 testimonium
1554 1343 1622 1374 eius
1643 1346 1672 1374 et
1695 1345 1885 1383 comprovin-

240 1395 370 1426 cialium
393 1395 603 1434 episcoporum
627 1393 760 1431 litteras,
790 1395 825 1424 in
848 1393 1046 1426 Biturieensi
1072 1394 1200 1426 ecelesia
1222 1394 1481 1433 metropolitanae
1504 1394 1671 1434 dtynitatz's
1694 1395 1886 1427 cardinalem

240 1448 311 1486 fieri
334 1447 514 1483 decrevissae
537 1446 573 1476 de
596 1446 748 1477 dilatione
770 1456 801 1476 sc
824 1448 961 1476 excusat.
1613 1447 1677 1477 876
1700 1446 1799 1488 (Oet.)

354 1506 427 1532 Coa:
457 1506 483 1532 R
500 1509 520 1539 s'.
536 1510 551 1531 4
569 1514 595 1530 n.
611 1509 632 1531 ί).

345 1554 429 1580 Ε(Ζ(ῖ.;
457 1553 550 1579 Editio
570 1553 695 1579 Romana
714 1554 796 1585 (1:391)
815 1552 871 1579 III
873 1573 878 1583 ‚
897 1556 948 1579 293
966 1561 992 1578 n.
1007 1556 1023 1579 8
1043 1565 1074 1574 =
1095 1552 1222 1579 Sirmond
1242 1552 1318 1579 Cone.
1338 1555 1394 1579 ant.
1410 1553 1515 1579 Galliae
1532 1553 1598 1585 III,
1616 1557 1667 1579 447
1688 1562 1714 1580 n.
1728 1557 1752 1580 8.
1791 1554 1886 1581 Mami
1905 1557 1929 1577 25

244 1598 322 1624 Cone.
336 1598 393 1623 coll.
414 1597 519 1629 XVII,
540 1600 554 1621 9
571 1604 598 1621 a.
611 1600 635 1622 8.
674 1595 767 1629 Miyne
785 1596 859 1621 Patr.
875 1596 920 1621 lat.
943 1595 1081 1628 CXXVI,
1102 1599 1153 1621 690
1171 1604 1197 1622 n.
1211 1599 1249 1622 37.
1270 1611 1303 1614 -
1321 1595 1394 1627 Jaffel
1414 1595 1477 1628 Rea.
1493 1599 1562 1622 3049
1580 1598 1679 1630 (2284).

654 1674 839 1706 <IOHANNES
862 1673 1075 1705 EPISCOPUS)*
1095 1675 1234 1699 KAROLO
1255 1675 1475 1699 IMPERATORI.

350 1728 541 1758 Petitionem
570 1728 724 1765 vestram,
754 1725 891 1756 filiorum
918 1726 1099 1765 karissime,
1131 1736 1226 1766 quam
1254 1736 1315 1756 non
1348 1725 1553 1766 abnegando,
1583 1726 1639 1757 sed
1671 1726 1885 1767 dispensando

244 1780 361 1811 dudum
386 1778 572 1817 distulimus,
597 1788 677 1808 nunc
700 1788 757 1808 nos
781 1777 821 1808 ad
845 1781 953 1808 votum
977 1781 1117 1808 vestrum
1142 1777 1182 1808 ob
1206 1777 1238 1808 id
1263 1777 1313 1808 vel
1336 1777 1476 1808 maxime
1501 1777 1626 1808 Christo
1649 1777 1790 1818 preduce
1813 1789 1885 1819 per-

245 1831 371 1861 duxisse
396 1830 587 1871 gaudemuS,
618 1829 703 1870 quod
733 1832 765 1860 et
792 1832 931 1859 vestram
958 1829 1093 1869 gloriam
1117 1832 1378 1870 perseverantem
1402 1829 1650 1860 testificatricem
1679 1830 1886 1870 cognovimus
1905 1842 1930 1861 30

245 1887 277 1914 et
299 1882 538 1923 provincialium
562 1881 722 1922 presulum
747 1884 996 1911 consentaneas³
1015 1880 1261 1921 probationesb2
1279 1880 1482 1921 probavimus
1506 1884 1538 1911 et
1561 1882 1738 1921 legatorum
1762 1885 1886 1912 nostro-

246 1945 313 1964 rum
337 1933 557 1964 subtilissimas
582 1932 817 1973 disquisitiones
841 1932 1044 1964 advertimus
1092 1932 1264 1971 Quocirca,
1290 1933 1367 1963 licet
1394 1943 1451 1963 nos
1478 1933 1586 1963 multis
1609 1932 1774 1963 kanonicis
1797 1934 1887 1964 testi-

246 1986 358 2017 moniis
387 1985 549 2025 provocati
580 1985 767 2024 petitionem
792 1987 894 2023 vestre
924 1984 1103 2015 devotionis
1131 1984 1266 2024 implere
1293 1994 1489 2024 magnopere
1518 1984 1703 2015 moliremur
1733 1988 1765 2015 et
1792 1985 1888 2015 solius

246 2038 419 2068 maiestatis
444 2040 545 2074 vestre
570 2036 750 2066 testimonio
775 2046 869 2076 super
892 2037 1082 2067 exterminio
1100 2035 1372 2076 Burdegalensis³
1396 2036 1579 2076 provincie4
1603 2035 1733 2067 credere
1757 2036 1887 2067 mimine

248 2093 475 2125 cunctaremur,
500 2092 607 2117 tamen
633 2086 749 2128 [qnia]c
766 2088 894 2127 pietatis
912 2090 1015 2127 vestre
1040 2088 1222 2118 testimonio
1247 2087 1550 2127 conprovincialium
1575 2097 1702 2128 quoque
1726 2087 1888 2128 presulum
1908 2100 1932 2118 35

247 2141 369 2170 litteras
393 2139 576 2177 convenire,
603 2139 693 2169 sicuti
718 2138 877 2177 rebamur,
906 2149 1008 2179 nuper
1031 2139 1251 2180 cognovimus,
1281 2138 1455 2169 secundum
1478 2139 1608 2179 pietatis
1631 2142 1735 2178 vestre
1759 2139 1888 2180 religio-

249 2190 424 2221 sissiniumd
441 2190 564 2220 libitum
581 2190 827 2229 Burdegalensis
845 2190 980 2220 diocesis
998 2191 1194 2231 episcopum,
1215 2190 1345 2220 fratrem
1363 2190 1504 2220 scilicete
1519 2192 1661 2220 nostrum
1674 2189 1888 2230 Frotharium,

352 2285 376 2314 Ψ)
395 2283 457 2308 add.
477 2292 548 2308 marr
568 2284 718 2308 correctoris
738 2284 770 2310 R.

361 2345 384 2374 ει)
404 2353 468 2369 corr.
488 2353 517 2368 err:
541 2349 578 2368 est
596 2344 627 2369 R.
718 2343 743 2376 b)
763 2354 829 2370 corr.
848 2354 877 2369 ea:
902 2350 940 2370 est
958 2345 988 2370 R,
1083 2346 1105 2377 c)
1125 2354 1172 2370 om.
1192 2345 1223 2369 R.
1312 2344 1337 2377 d)
1357 2354 1399 2369 -va
1417 2353 1483 2370 corr.
1503 2353 1533 2370 em
1551 2353 1594 2369 -ve
1612 2345 1644 2369 R.
1733 2343 1755 2377 θ)
1774 2353 1840 2369 corr.
1859 2353 1889 2370 ex

251 2396 334 2419 neque
352 2387 382 2411 Ii'.
472 2387 492 2418 s)
512 2388 660 2411 festinantes
679 2396 720 2412 eos
740 2387 770 2412 lt.
859 2388 883 2418 8)
902 2389 933 2412 -d
952 2397 1018 2413 corr.
1037 2397 1067 2412 ea}
1090 2396 1106 2413 a
1123 2388 1155 2413 R.
1842 2382 1843 2385 Ἴ
1908 2396 1933 2415 40

354 2443 377 2466 9.
405 2442 427 2474 a)
447 2447 629 2467 consentaneos
649 2442 678 2467 It.
753 2442 777 2474 b)
796 2444 987 2475 probatitiones,
1006 2445 1022 2468 b
1041 2453 1107 2469 corr.
1127 2453 1157 2469 ea·
1176 2453 1192 2469 u
1213 2444 1242 2469 R.
1319 2443 1341 2475 c)
1360 2452 1407 2468 om.
1426 2443 1458 2468 R.
1529 2442 1553 2476 d)
1572 2444 1629 2468 reli·
1649 2452 1716 2469 corr.
1735 2452 1765 2468 ex
1783 2451 1838 2476 reg-
1857 2443 1888 2468 R.

252 2486 273 2516 e)
293 2486 389 2510 seilicet
406 2486 409 2516 Ι
426 2489 450 2510 et
468 2485 499 2509 Ii.

355 2544 380 2575 1)
400 2543 509 2575 Papiae,
529 2544 563 2574 ef.
578 2552 603 2568 n.
620 2547 639 2575 Γ,
655 2552 682 2575 p.
694 2548 708 2568 6
727 2544 742 2569 Ι.
756 2548 797 2575 39,
816 2544 861 2569 ubi
875 2544 946 2570 Bosa
964 2545 1097 2578 residebat,
1116 2546 1160 2571 ezei
1174 2546 1294 2571 Karolus
1312 2545 1378 2571 vices
1395 2553 1459 2571 suas
1474 2553 1523 2577 per
1535 2545 1648 2571 Italiam
1660 2545 1838 2576 commiserat,·
1855 2547 1890 2578 cf.

252 2587 387 2612 Diimmlcr
406 2587 422 2612 l.
436 2587 450 2611 Ι.
472 2586 531 2617 11²,
553 2590 609 2612 403.
697 2588 723 2615 2)
742 2586 845 2612 Parum
864 2596 923 2612 cam
941 2588 981 2613 his
1000 2589 1161 2614 conveniunt
1180 2589 1255 2614 rerba
1269 2589 1415 2614 Hinemari
1433 2588 1463 2613 ia
1482 2589 1555 2614 Arm.
1575 2587 1612 2613 ad
1630 2591 1716 2625 α.,876
1735 2587 1787 2621 (ed.
1804 2587 1892 2613 Waitz

248 2639 276 2663 p.
291 2635 346 2656 125).
366 2630 432 2661 1:10),
458 2629 633 2654 Frotharinm
651 2632 743 2654 eontra
762 2630 867 2662 regynlas
885 2633 909 2655 et
924 2638 973 2663 per
992 2631 1173 2657 adulationem
1190 2632 1322 2664 principis
1340 2640 1395 2657 non
1414 2630 1638 2664 adquiescentibus
1657 2630 1786 2663 episcopis
1804 2632 1891 2656 trans-
1910 2636 1935 2654 45

253 2673 375 2698 lationem
395 2673 552 2704 impetrasse.
624 2672 649 2703 3)
670 2672 756 2698 Hodie
773 2672 947 2699 ‘deeamrl
1033 2675 1059 2700 45
1079 2675 1105 2699 A
1124 2674 1292 2700 Normarmis
1310 2683 1335 2701 α,
1348 2678 1398 2700 848
1416 2675 1523 2700 *im-asae
1541 2676 1565 2700 et
1582 2673 1737 2706 devastatae,
1759 2673 1794 2704 ef.
1814 2673 1892 2706 Voyel

250 2716 314 2741 ‘Die
333 2716 508 2741 Normwmen
526 2714 584 2739 ⁷1an
601 2714 650 2739 das
668 2715 818 2745 frr'inkische
838 2715 920 2740 Reieli
940 2715 1118 2750 (Heidelbmy‘
1137 2718 1216 2750 190⁶)
1232 2720 1332 2750 1).122.
1352 2721 1406 2743 250.
