2189 3042
286 114 347 144 374
668 106 865 133 EPISTOLAE
884 106 932 131 AD
952 105 1016 132 RES
1035 105 1263 132 ORIENTALES
1283 104 1516 131 SPECTANTES
1536 108 1557 131 l.

293 197 485 236 Θεόδωροςῑ·
508 195 674 234 Ἀπαμείας
694 194 738 228 εἷς
753 191 967 233 Σηλυβρίανὶ),
985 191 1209 231 Ἀλέξανδροςο
1224 191 1461 225 Καππαδοκίας
1477 191 1520 225 εἷς
1534 190 1728 231 Ἱεράπολιν(ἰ
1751 191 1804 222 καὶ
1826 192 1937 223 πολλοὶ

286 249 385 288 ἕτεροι
409 248 441 278 ἐν
466 246 633 286 διαφόροις
655 245 764 279 τόποις
786 244 967 285 ἠλλάγησαν
990 242 1054 274 ἀπὸ
1082 245 1146 274 τῶν
1169 242 1260 274 ἰδίων
1287 242 1421 283 θρόνων
1444 242 1488 277 εἷς
1515 242 1651 282 ἑτέρους.
1697 242 1830 274 Εἷπάτω
1853 243 1872 283 ἡ
1897 243 1935 284 σὴ

285 298 477 338 θεοΰψιστος
500 297 625 337 καρδία,
654 297 747 327 τίνων
770 295 1061 336 κατηγορησάντων
1084 296 1103 335 ἢ
1126 295 1230 326 ποίων
1252 294 1428 335 μαρτύρων
1450 294 1721 335 παραστησάντων
1744 295 1938 335 πεπραχέναι

286 350 339 381 τὸν
363 351 450 381 ὅσιον
466 349 615 389 Μἀρῖνον
631 348 667 378 τὰ
683 347 838 388 λεγόμενα
860 347 1070 381 κατεδίκασας
1093 346 1205 383 αὗτόν,·
1241 345 1310 377 Οὐκ
1334 346 1436 386 ἔγνως
1452 345 1484 376 ἐν
1500 348 1537 386 τῇ
1559 345 1670 386 πρώτῃ
1694 346 1823 386 συνόδῳ
1845 349 1882 387 τῇ
1906 347 1938 377 ἐν

286 402 406 442 Νικαίᾳ
436 402 464 432 τί
491 401 509 431 ὁ
531 400 691 440 μακάριος
714 399 906 439 Σίλβεστρος
928 398 947 429 ὁ
971 398 1080 433 πάπας
1109 398 1314 438 ἐξεφώνησε1
1335 397 1591 438 προκαθημένου
1620 397 1718 428 ἐκεῖσε
1745 397 1799 428 καὶ
1826 401 1881 429 τοῦ
1905 398 1938 429 ἐν

285 454 385 494 ἁγίοις
408 452 651 484 Κωνσταντίνου
674 451 746 491 περὶ
769 453 823 482 τοῦ
846 450 891 491 μὴ
919 450 982 481 ῧπό
1006 462 1088 484 τινος
1111 450 1276 490 κρίνεσθαι
1308 448 1362 480 τὸν
1388 448 1641 489 πρωτόθρονον;
1675 448 1711 480 Τι’
1731 450 1751 490 ἡ
1775 449 1847 489 ἁγία
1875 451 1939 481 τῶν

286 504 454 545 Ῥωμαίων
477 504 627 544 ἐκκλησία
650 504 798 544 ἥμαρτεν,
822 502 868 533 ὅτι
890 503 959 532 κατἸ
979 502 1074 542 αὐτῆς
1098 501 1239 542 ὁρμῆσαί
1259 513 1294 532 σε
1315 500 1369 532 καὶ
1391 503 1516 542 κινῆσαι
1531 501 1586 541 τὴν
1603 501 1742 541 γλῶτταν
1759 501 1789 532 οἱ
1804 501 1940 541 φθορεῒς

287 558 451 588 πεπείκασι
458 569 468 593 ,·
501 556 559 596 ΙΙΙὴ
584 555 663 586 κατὰ
686 555 720 585 τὸ
744 555 877 595 ἀρχαῖον
900 554 978 588 ἔθος
1001 556 1064 584 τῶν
1088 553 1238 585 συνόδων
1261 553 1294 584 ἐν
1317 552 1650 584 Κωνσταντινουπόλει
1674 553 1734 584 οὗκ
1763 553 1939 584 ἀπέστειλεν

286 609 336 640 ἐπὶ
358 612 412 649 τῆς
435 608 685 648 αὐτοκρατορίας
707 618 783 643 σου,·
812 606 870 646 Mv)
894 605 974 646 ὑπὲρ
998 605 1094 646 αὐτῆς
1117 608 1170 646 τῆς
1193 604 1333 636 συνόδου
1356 604 1410 636 τὸν
1433 604 1529 644 λόγον
1553 605 1591 636 οὗ
1617 605 1806 646 πεποίηκεν;
1838 604 1939 645 Ἐρω-

286 664 341 702 τᾷς
358 660 401 696 δέ,
425 660 507 700 πρὸς
529 660 594 690 τίνα
618 659 794 690 ἀπέστειλεν
817 659 836 699 ἡ
860 660 925 689 τῶν
937 657 1108 698 Ῥωμαίων
1131 657 1297 698 ἐκκλησία,·
1320 656 1414 697 Πρὸς
1436 656 1546 688 λαϊκὸν
1563 657 1708 698 δηλονότι
1728 656 1783 688 τὸν
1803 654 1938 688 Φώτὶον.

284 712 329 743 Εἰ
349 712 409 753 γὰρ
433 712 513 752 εἶχες
539 711 744 751 πατριάρχην,
773 709 964 751 συχνότερον
987 711 1026 740 ἂν
1049 710 1068 750 ἡ
1092 709 1169 740 καθ’
1190 709 1276 749 ἡμᾶς
1299 708 1448 749 ἐκκλησία
1472 707 1568 739 αὐτὸν
1591 709 1804 744 ἐπεσκέπτετο,
1829 708 1892 739 ἀλλ’
1911 709 1940 740 ὥ

284 765 329 796 ὅτι
358 765 376 804 ἡ
405 764 529 804 τοιαύτη
555 763 772 803 δεδοξασμένη
803 762 857 793 καὶ
887 762 921 793 ἐκ
950 762 1031 793 θεοῦ
1062 761 1282 801 φυλαττομένη
1313 760 1404 795 πόλις
1435 760 1528 800 ἀργεῖ
1553 760 1608 791 καὶ
1636 760 1720 801 μόνῃ
1745 763 1781 801 τῇ
1804 760 1941 801 ὑμετέρᾳ

284 816 429 857 βασιλικῇ
453 816 613 855 παρουσίᾳ
633 814 860 855 λαμπρύνεται·
885 814 939 845 καὶ
962 814 991 845 εἷ
1009 813 1054 854 μὴ
1072 813 1090 844 ὁ
1105 813 1211 847 πόθος
1233 813 1328 853 ὑμῶν
1352 815 1491 853 συνεῖχεν
1514 812 1626 852 ἦμᾶςθ,
1650 812 1731 843 ὥστε
1754 812 1862 853 φέρειν
1885 811 1941 853 τὴν

284 869 377 909 ὕβριν
399 871 453 908 τῆς
476 866 552 898 καθ’
569 867 655 907 ἡμᾶς
678 866 854 907 ἐκκλησίας,
885 866 947 906 ἄρα
971 867 1010 896 ἂν
1038 865 1290 906 ἠναγκάσθημεν
1318 864 1399 895 κατὰ
1427 867 1482 895 τοῦ
1510 864 1699 905 παραβάτου
1728 864 1854 895 Φωτίου
1884 866 1940 895 τοῦ

284 919 363 951 καθ’
379 920 473 960 ἡμῶν
497 918 570 954 τοὺς
592 919 766 959 ἀθεμίτους
788 918 905 958 λόγους
928 917 1178 958 ἕξερευξαμένου
1202 917 1355 957 τιμωρίας
1377 916 1524 951 πλείονας
1546 918 1610 947 τῶν
1624 915 1689 956 πρὸ
1704 915 1799 956 ἡμῶν
1815 915 1941 956 ὁρίσασ-

286 972 351 1003 θαι.
396 971 443 1003 Οὐ
465 973 560 1002 ταῦτα
585 970 619 1002 δὲ
642 969 724 1010 πρὸς
746 971 900 1011 ὑμετέραν
923 970 1016 1011 ὕβριν
1039 969 1242 1010 ᾶναφέρομεν
1266 986 1306 991 --
1329 968 1364 1000 σὲ
1387 968 1448 1009 γὰρ
1464 968 1498 999 ἐν
1513 968 1580 1008 ὅλῳ
1603 970 1648 1008 τῷ
1671 967 1788 1009 κόσμῳ
1803 970 1849 1008 τῷ
1871 968 1942 1009 θεῷ

289 1024 497 1064 ἠγαπημένον
521 1022 716 1064 κηρύττομεν
739 1041 782 1044 -
805 1022 870 1053 ἀλλ’
888 1023 906 1062 ἢ
929 1021 1032 1062 μόνον
1056 1021 1139 1061 πρὸς
1162 1021 1335 1061 ἀσφάλειαν
1358 1021 1461 1061 ἡμῶν,
1494 1020 1616 1052 ἐκείνου
1645 1019 1679 1051 δὲ
1706 1019 1789 1061 πρὸς
1811 1020 1942 1061 μείζονα

288 1076 390 1116 ὕβριν,
437 1075 495 1106 Διὰ
519 1074 574 1115 τὴν
597 1074 829 1115 ὁμοφροσύνην
852 1074 905 1104 καὶ
928 1073 1147 1114 ἷσοφροσύνην
1170 1075 1225 1103 τοῦ
1248 1072 1520 1113 προηγησαμένου
1545 1071 1740 1103 διδασκάλου
1767 1074 1823 1103 τοῦ
1846 1072 1942 1112 ἁγιω-

286 1128 380 1159 τάτου
403 1128 495 1158 πάπα
516 1125 705 1158 Νικολάου2
729 1125 784 1156 καὶ
807 1125 858 1156 διὰ
880 1125 915 1156 τὸ
944 1125 1063 1156 ἐθέλειν
1090 1124 1126 1155 τὰ
1150 1125 1262 1165 ἐκείνῳ
1287 1124 1465 1164 δεδογμένα
1493 1123 1694 1164 ἐκπληροῦν3
1723 1124 1767 1158 εἰς
1793 1124 1943 1165 μεγίστην

287 1179 363 1219 παρ’
381 1180 456 1219 ὑμῖν
478 1179 651 1218 κατήντησε
673 1177 854 1218 βραχύτητα
878 1177 896 1207 ὁ
919 1176 1076 1217 θεόφρων
1098 1175 1248 1216 Μαρῒνος
1277 1175 1331 1206 καὶ
1361 1174 1412 1206 διὰ
1442 1174 1486 1211 τό,
1516 1175 1563 1209 ὡς
1592 1175 1718 1216 εἴρηται,
1750 1178 1813 1210 τοῖς
1836 1175 1940 1215 ἑτερο-

289 1233 446 1271 φρονοῦσι
468 1230 513 1271 μή
538 1228 799 1270 συναπαχθῆναιῑ
827 1228 881 1259 καὶ
909 1227 946 1259 τὰ
976 1228 1050 1268 παρ’
1075 1227 1173 1259 αὐτοῦ
1203 1227 1340 1258 ἐνώπιον
1371 1229 1425 1267 τῆς
1455 1227 1614 1267 βασιλείας
1645 1227 1739 1267 ὑμῶν
1762 1227 1943 1262 συνοδικῶς

289 1282 472 1323 πραχθέντα
496 1282 668 1312 καταλῦσαι
691 1281 745 1312 καὶ
768 1281 946 1321 ἀκυρῶσαι.
978 1279 1038 1314 ’Ὸς
1063 1279 1102 1320 δὴ
1128 1279 1275 1319 Μαρῒνος
1298 1279 1352 1310 καὶ
1375 1278 1426 1310 διὰ
1449 1278 1564 1319 ταύτην
1586 1278 1642 1319 τὴν
1662 1279 1761 1310 αἰτίαν
1784 1278 1833 1310 ἐπὶ
1857 1279 1941 1319 τριά-

288 1345 384 1365 κοντα
408 1333 542 1374 ἡμέραις
565 1334 598 1364 ἐν
627 1336 664 1374 τῇ
688 1332 819 1373 φυλακῇ
850 1331 1035 1373 ἐκρατήθη4
1064 1332 1107 1366 εἷς
1141 1331 1239 1367 δόξαν
1267 1331 1389 1371 μᾶλλον
1419 1332 1512 1362 τοῦτο
1543 1330 1752 1371 λογισάμενος
1780 1329 1861 1371 ὑπὲρ
1889 1333 1943 1371 τῆς

287 1385 438 1426 ἀληθείας
461 1385 514 1416 καὶ
538 1385 620 1416 οὓκΒ
643 1385 687 1419 εἶς
708 1385 810 1425 ὕβριν.

392 1436 467 1469 Ἀλλ’
485 1436 514 1468 ὦ
537 1437 586 1467 νέε
607 1436 848 1468 Κωνσταντῖνε5
871 1437 942 1470 πῶς
965 1435 1024 1466 οὐκ
1049 1435 1196 1475 ἐμιμήσω
1221 1434 1350 1470 ἐκεῖνον,
1375 1435 1411 1469 ὃς
1426 1433 1500 1469 τοὺς
1515 1433 1595 1465 κατὰ
1619 1436 1682 1465 τῶν
1705 1434 1817 1475 ἱερέων
1839 1434 1939 1475 λιβέλ-

286 1488 362 1523 λους
392 1487 565 1528 δεξάμενος
593 1490 638 1528 τῷ
669 1487 745 1528 πυρὶ
773 1486 973 1527 παρέδωκεν,
1003 1486 1092 1522 ἄξιον
1124 1485 1236 1517 ἑαυτὸν
1266 1485 1311 1526 μὴ
1343 1485 1420 1517 εἶναι
1451 1486 1554 1526 λέγων
1585 1486 1676 1526 ἱερεῖς
1704 1486 1849 1527 κρῖναι6,·
1884 1485 1942 1517 Διὰ

287 1543 388 1575 τοῦτο,
411 1538 625 1580 πνευματικὸν
652 1539 747 1579 ἡμῶν
777 1540 896 1577 τέκνον,
922 1538 1140 1578 νουθετοῦμέν
1163 1549 1197 1569 σε
1228 1538 1273 1578 μὴ
1302 1537 1382 1568 κατὰ
1412 1540 1466 1578 τῆς
1494 1538 1585 1578 ἁγίας
1614 1540 1679 1569 τῶν
1697 1537 1868 1578 Ῥωμαίων
1892 1538 1942 1569 ἐκ·

287 1592 418 1632 κλησίας
445 1590 678 1622 ἐπανίστασθαι.
724 1589 897 1624 Μαθόντες
925 1589 970 1628 δέ,
1001 1589 1047 1624 ὡς
1074 1589 1109 1620 ἐκ
1138 1591 1193 1620 τοῦ
1224 1589 1316 1628 ἁγίου
1347 1600 1406 1620 σου
1430 1589 1632 1629 σπέρματος7
1653 1589 1736 1629 πρὸς
1764 1589 1942 1630 ἱερωσύνην

291 1643 476 1683 ᾶνιέρωσας,
500 1642 618 1682 πολλῆς
640 1642 806 1683 θυμηδίας
825 1641 1038 1682 ἐπλήσθημεν.
1077 1640 1266 1681 Παρακαλῶ
1290 1640 1324 1671 δὲ
1347 1640 1382 1671 τὸ
1405 1640 1496 1681 ἅγιον
1518 1641 1612 1681 ὑμῶν
1638 1641 1756 1681 κράτος
1777 1641 1942 1681 χελάνδιον

291 1694 450 1731 ἐξοπλίσαι
472 1693 549 1734 μετὰ
573 1694 626 1724 καὶ
648 1695 712 1725 τῶν
727 1695 844 1734 χρειῶν
860 1693 966 1723 αὐτῶν
987 1691 1051 1723 ἀπὸ
1066 1691 1169 1733 μηνὸς
1185 1691 1382 1733 Ἀπριλλίουὴ
1399 1692 1463 1727 ἕως
1477 1692 1699 1733 Σεπτεμβρίου
1723 1692 1776 1723 καὶ
1799 1693 1941 1724 ἀποστεῖ-

287 1747 346 1785 λαι,
378 1747 468 1780 ὅπως
498 1746 678 1786 φυλάττωσι
706 1745 742 1775 τὰ
772 1744 855 1785 πρὸς
884 1744 1050 1776 θάλασσαν
1080 1744 1174 1785 ἡμῶν
1205 1743 1268 1775 ἀπὸ
1300 1747 1354 1785 τῆς
1382 1745 1446 1774 τῶν
1468 1743 1674 1785 Ἀγαρηνῶν8
1699 1744 1941 1785 ε’κπορθήσεως.

286 1797 369 1838 Περὶ
402 1797 436 1829 δὲ
469 1800 531 1829 τῶν
562 1797 682 1828 λοιπῶν
710 1799 893 1836 σιωπῶμεν,
924 1795 990 1827 ἐπεὶ
1019 1795 1095 1827 οὐδὲ
1125 1796 1229 1826 ἔλαιον
1258 1796 1302 1830 εἷς
1329 1795 1515 1836 φωταυγίαν
1545 1796 1661 1836 ἔχομεν
1690 1799 1744 1837 τῆς
1773 1796 1941 1837 ἐκκλησίας

287 1849 367 1881 κατὰ
389 1850 444 1890 τὴν
467 1849 677 1889 ὀφειλομένην
699 1848 792 1888 τιμὴν
813 1850 868 1878 τοῦ
896 1847 990 1883 θεοῦ,
1018 1846 1046 1887 ᾧ
1069 1847 1088 1887 ἠ
1114 1847 1193 1883 δόξα
1222 1847 1265 1882 εἷς
1294 1846 1366 1882 τοὺς
1396 1848 1516 1882 αἰῶνας
1543 1849 1606 1879 τῶν
1633 1847 1772 1879 αι’ώνων.
1809 1847 1940 1888 Ἀμήν*.

398 2091 426 2124 *)
445 2091 480 2117 In
499 2090 633 2117 codicibus
650 2092 801 2123 sequuntur
814 2090 890 2115 haec:
910 2089 983 2122 Αὕτη
1003 2089 1019 2122 ἡ
1039 2089 1159 2122 ἐπιστολὴ
1180 2088 1245 2122 πρὸς
1265 2089 1372 2123 βασιλέα
1391 2088 1439 2121 μὲν
1457 2088 1588 2122 ἀπεστάλη
1608 2088 1651 2114 τὸν
1671 2089 1815 2121 Βασίλειον,
1834 2089 1943 2120 ἐδέξατο

442 2133 471 2160 δὲ
490 2133 598 2166 ταύτηνί
617 2133 695 2158 Λέων
712 2133 727 2157 ὁ
746 2133 800 2161 υἱὸς
819 2132 917 2158 αὐτοῦ’)
936 2132 979 2158 διὰ
1004 2132 1032 2158 τὸ
1058 2132 1206 2165 τελευτῆσαι
1231 2132 1274 2158 τὸν
1291 2131 1429 2165 πατέραῑθ.
1467 2132 1520 2158 Καὶ
1544 2132 1642 2165 μαθὼν
1666 2131 1712 2165 τὴν
1735 2131 1846 2165 δύναμιν
1865 2131 1945 2166 αὐτῆς

444 2176 489 2202 καὶ
508 2176 650 2209 ἐρευνήσας
668 2175 752 2204 πάσας
772 2175 816 2204 τὰς
836 2174 1017 2208 κακοπραγίας
1034 2174 1138 2201 Φωτίου
1158 2174 1260 2204 εὐθέως
1279 2174 1455 2201 ἀνεκαλέσατο
1472 2175 1569 2204 πάντας
1588 2175 1664 2208 ἱερεῖς
1682 2178 1728 2208 τῆς
1740 2175 1865 2208 ἀληθείας
1884 2175 1944 2204 τοὺς

441 2218 492 2245 ὑπὸ
524 2219 628 2245 Φωτίου
658 2221 703 2244 τοῦ
734 2218 975 2251 ἀναθεματισμένου
1002 2220 1105 2251 πικρῶς
1137 2217 1310 2251 διωχθέντας,
1340 2217 1472 2248 ἐκδιώξας
1499 2218 1541 2243 τὸν
1566 2217 1693 2253 τύραννον
1724 2218 1770 2244 καὶ
1799 2217 1944 2252 ἐπιβήτορα

391 2298 414 2330 ⁸)
435 2297 568 2330 Θεόφιλος
588 2298 661 2323 Socr.
744 2296 768 2328 b)
790 2294 963 2329 Σαλαμβρίαν
983 2296 1055 2322 Socr.
1132 2297 1154 2329 0)
1173 2305 1221 2322 om.
1235 2296 1308 2322 Socr.
1384 2295 1409 2328 d)
1432 2297 1486 2322 scil.
1502 2295 1549 2329 τὴν
1568 2295 1640 2329 ἱερὰν
1657 2295 1732 2321 πόλιν
1745 2307 1777 2317 =
1791 2297 1944 2329 Jerusalem,

288 2342 322 2374 cf.
336 2342 439 2367 Eusebia·
457 2342 525 2366 Hist.
538 2342 624 2367 eccles.
641 2341 685 2372 VJ,
698 2343 735 2371 11,
753 2340 791 2365 eol.
805 2340 837 2365 Ε.
853 2339 982 2365 Schwartz
999 2349 1025 2372 p.
1038 2343 1096 2366 540.
1168 2340 1190 2372 θ)
1213 2338 1282 2371 ὑμᾶς
1301 2340 1338 2370 M,
1355 2339 1411 2365 Vat.
1482 2338 1501 2371 s)
1522 2338 1718 2372 συνεπαχθῆναι
1738 2340 1775 2365 M.
1849 2339 1874 2371 Β)
1894 2338 1943 2372 οὐχ

289 2384 326 2415 M,
340 2385 387 2410 Ott.
467 2384 492 2416 h)
511 2382 639 2417 ἀπρίλλου
659 2384 698 2408 Μ.
780 2382 798 2414 i)
818 2392 866 2409 om.
880 2384 917 2413 M,
936 2384 999 2409 aad.
1008 2388 1074 2415 post.
1088 2384 1114 2409 ι’τι
1135 2392 1218 2416 marq.
1233 2383 1291 2409 Val-

394 2470 419 2503 1)
450 2469 490 2502 Cf.
517 2468 597 2495 Gesta
633 2468 778 2503 synodalia
807 2468 927 2494 Silvestri
959 2476 1062 2502 papae,
1097 2476 1119 2496 c.
1141 2472 1169 2501 2,
1206 2468 1359 2495 Decretales
1386 2467 1555 2495 Ps.-Isidor.
1584 2467 1623 2495 ed.
1651 2467 1802 2494 Hinschius
1828 2476 1856 2501 p.
1883 2471 1942 2494 449.

289 2513 315 2545 2)
334 2512 368 2545 1.,
387 2515 528 2539 858-867,
650 2512 676 2545 3)
697 2512 738 2544 Cf.
752 2511 811 2539 Isl'b.
829 2514 903 2545 pont.
919 2511 979 2537 Vita
1000 2511 1140 2538 Hadriani
1159 2511 1200 2538 H.
1219 2520 1242 2538 c.
1255 2515 1337 2545 39sq„
1364 2511 1404 2538 ed.
1427 2511 1567 2537 Duchesne
1586 2511 1625 2542 Π,
1644 2515 1700 2538 181.
1821 2511 1849 2543 4)
1877 2510 1944 2537 Οκηι

290 2564 316 2583 α.
329 2557 437 2589 8801881
455 2556 584 2590 leyatione
602 2556 747 2589 apostoliea
768 2555 1004 2588 Constantinopoli
1020 2555 1188 2589 tangeretur.
1301 2555 1328 2588 5)
1351 2554 1392 2586 Cf.
1405 2554 1531 2588 epistolas
1549 2553 1693 2580 Hadriani
1710 2553 1735 2580 Ι.
1753 2553 1790 2579 ad
1810 2553 1943 2580 Constan-

291 2599 379 2625 tinum
397 2599 578 2632 imperatorem
597 2598 674 2633 (Ray.
687 2598 765 2630 Jaffd
782 2602 858 2630 2448,
882 2598 919 2624 ecl.
933 2597 1026 2632 Miyne
1045 2598 1122 2625 Patr.
1136 2599 1182 2625 lat.
1196 2597 1387 2631 X0V1,1217)
1412 2600 1436 2624 et
1463 2597 1500 2624 ad
1519 2597 1655 2624 Karozum
1679 2604 1761 2631 regem
1778 2596 1854 2630 (Ray.
1868 2596 1944 2629 ιῙαίῗέ

289 2645 363 2674 2423,
386 2642 425 2668 ed.
440 2642 507 2668 MG.
521 2642 611 2675 Epist.
624 2642 681 2673 111,
695 2643 756 2674 587)
782 2641 884 2667 missas.
1013 2642 1040 2674 6)
1065 2641 1105 2675 C'f.
1127 2641 1243 2674 praefat.
1263 2641 1373 2668 concilii
1402 2640 1527 2673 Nicaem‘,
1554 2640 1707 2667 Decretales
1732 2639 1884 2666 Ps.-Isidor.
1904 2638 1944 2666 ed.

290 2685 441 2711 Hinsclcins
456 2693 485 2718 p.
498 2689 552 2712 256.
657 2685 683 2717 7)
705 2685 769 2711 Scil.
782 2684 953 2717 Stephanum,
973 2684 1074 2710 Basilii
1095 2685 1261 2717 imperatoris
1278 2684 1372 2717 filium,
1392 2684 1443 2717 qui
1464 2684 1548 2716 paulo
1571 2686 1631 2716 post
1650 2682 1686 2717 (a.
1701 2683 1764 2716 886)
1781 2682 1945 2716 patriarcha

291 2728 603 2762 Gonstantinopolitanus
616 2730 784 2754 consecratus
800 2730 844 2754 est.
907 2727 933 2760 8)
949 2727 1011 2754 Scil.
1022 2727 1222 2754 Saracenorum.
1285 2728 1311 2758 9)
1326 2727 1477 2760 Imperator
1489 2730 1634 2754 886—911.
1702 2726 1744 2757 10)
1758 2728 1809 2752 886
1819 2726 1890 2759 Any.
1902 2728 1943 2752 29·

1967 666 1993 686 10

1969 924 1993 944 15

1969 1188 1995 1208 20

1968 1446 1993 1466 25

1969 1703 1995 1723 ³0

1971 2146 1995 2166 ³⁶
