2189 3042
695 165 878 192 STEPHANI
891 164 924 192 V.
943 164 1064 191 PAPAE
1083 165 1279 192 EPISTOLAE
1297 165 1321 192 2.
1334 165 1359 191 3.
1789 168 1850 198 359

202 253 281 284 tiam
306 264 325 284 a
347 252 424 284 sede
449 251 625 294 apostolica
647 262 740 283 usum
763 251 853 293 pallii
876 252 1052 293 promereri
1064 252 1085 292 ²,
1108 254 1143 282 ut
1165 251 1298 283 verbum
1314 252 1376 283 Dei
1399 252 1585 284 honoratius
1607 253 1794 294 praedicare
1819 259 1852 287 et

202 316 259 337 suo
283 304 525 346 archiepiscopo
548 308 692 346 parere³,
722 314 778 335 vos
809 303 972 345 scripsisse
1001 303 1146 344 legentes
1175 304 1315 343 risimus,
1344 305 1450 335 mirati
1480 304 1681 345 prudentiam
1711 309 1850 338 vestram

203 357 351 389 arbitrari
374 368 437 388 non
459 356 500 388 ad
523 355 691 387 ministerii
714 355 917 386 sacratissimi
940 354 998 386 sed
1021 355 1062 385 ad
1086 355 1258 386 saecularis
1283 355 1446 396 dignitatis
1469 355 1745 388 honorificentiam
1761 358 1851 399 pallii

201 420 294 441 usum
318 419 375 451 pro
398 408 492 439 libitu
515 407 645 439 cuilibet
667 407 772 438 tribui.
808 406 937 437 Scilicet
960 406 985 436 si
1008 407 1172 448 provincia
1195 409 1227 437 et
1250 406 1452 447 suffraganei,
1475 407 1588 448 quibus
1603 410 1733 450 praesit,
1751 409 1851 450 deest,

163 469 174 487 ⁵
203 461 342 503 qualiter
363 470 455 491 usum
472 459 561 501 pallii
576 459 762 500 promeruit,
787 457 972 499 ambiguum
995 457 1141 489 habetur.
1172 457 1403 490 Verumtamen
1422 462 1458 490 ut
1477 460 1642 491 auferatur
1658 461 1852 503 ambiguitas

202 516 234 545 et
256 514 340 544 iusto
364 512 512 543 examine
536 510 693 542 rectitudo
717 509 879 549 libreturb,
902 512 1110 550 utrarumque
1126 510 1265 550 partium
1283 510 1516 551 disceptatores
1538 511 1571 542 in
1594 515 1736 543 nostram
1759 524 1851 554 prae-

202 565 337 597 sentiam
362 564 471 595 venire
504 571 753 601 commonemuS,
785 564 821 591 ut
852 560 983 591 liberius
1006 570 1088 602 quae
1112 561 1193 592 ratio
1227 560 1335 601 dictat,
1369 562 1477 603 agnita
1507 563 1641 594 veritate
1675 565 1853 605 apostolica

202 626 336 648 censura
361 615 523 654 decernat,
547 614 621 655 quia
645 616 678 644 et
700 612 741 643 ad
763 611 858 643 eu111‘¹³
875 611 1020 643 similiter
1043 613 1235 653 scripsimus,
1270 612 1366 644 Nulla
1389 614 1498 654 itaque
1522 615 1602 645 ratio
1627 615 1701 646 sinit
1717 615 1851 648 duorum

200 668 249 699 liti
272 667 314 698 ad
337 668 429 698 unius
451 675 563 697 vocem
591 665 757 705 imponere
783 663 889 694 finem.
935 663 985 693 De
1014 663 1236 694 immutatione
1265 674 1340 695 vero
1370 668 1552 697 sanctorum
1582 670 1757 709 martyrum
1786 669 1852 700 sive

150 725 175 744 ¹⁰
202 719 426 759 translatione,
449 718 535 749 unde
557 727 661 758 nuper
683 716 884 747 consuluistis
908 718 941 746 et
963 725 1046 746 nunc
1069 715 1184 746 iterato
1213 715 1427 756 consuluistis,
1458 716 1607 757 sufficiat,
1633 719 1719 760 quod
1749 720 1851 760 primo

203 770 360 802 consultui
383 779 569 811 responsum
594 771 651 800 est.
686 767 724 798 Id
747 770 857 798 tamen
880 777 1008 808 semper
1030 766 1188 797 habeatur
1207 777 1285 808 prae
1310 768 1420 808 oculis,
1445 769 1519 809 quia
1541 769 1731 801 curiositatis
1756 781 1852 803 causa

203 826 235 854 et
257 823 371 853 leviter
394 823 575 852 sanctorum
599 829 733 861 corpora
755 818 842 849 nullo
870 818 967 849 modo
997 821 1069 848 sunt
1097 818 1274 859 tractanda,
1305 819 1363 850 sed
1392 820 1498 860 potius
1526 831 1650 852 summa
1681 822 1851 855 devotione

202 877 274 905 sunt
290 872 473 904 veneranda
496 875 591 913 prout
613 870 686 902 talis
709 870 823 910 capitis
846 869 1000 908 membra,
1026 870 1114 901 cuius
1136 873 1214 901 nutu
1239 871 1391 902 caelestia
1415 871 1509 902 simul
1532 875 1564 903 et
1580 875 1707 905 terrena
1725 875 1851 916 dispen-

202 928 319 957 santur.
366 925 523 955 Obtamus
546 934 602 954 vos
625 923 658 953 in
681 921 807 953 Christo
831 922 913 953 bene
937 921 1055 953 valere.

151 987 173 1006 15
306 986 401 1010 DATA
420 986 452 1010 11.
466 985 546 1010 ΚΑΒ.
558 984 731 1010 NOVEMBR.
744 983 944 1007 INDICTIONE
956 983 1038 1007 VIIII.

1014 1180 1042 1210 3.

313 1250 499 1290 Eyilmarus
521 1249 682 1290 episcopus
707 1247 954 1288 Osnaburyensis
977 1247 1170 1288 Stephanum
1194 1247 1227 1279 V.
1247 1258 1366 1287 papam
1390 1250 1546 1289 implorat,
1575 1254 1612 1282 ut
1634 1253 1769 1285 decimas
1791 1256 1854 1294 epi-

203 1302 347 1341 scopatui
377 1301 609 1339 Osnaburqensi
637 1303 746 1332 contra
774 1310 928 1332 canonum
956 1300 1078 1331 decreta
1107 1299 1230 1332 ablatas
1259 1301 1385 1332 restitui
1408 1301 1523 1343 faciat.
1549 1323 1589 1326 —
1613 1304 1793 1344 Stephanus
1815 1306 1849 1340 V.

197 1364 286 1395 papa
308 1353 471 1393 respondet
493 1352 593 1384 sedem
620 1352 822 1392 apostolicam
845 1352 1011 1383 decrevisse
1039 1351 1181 1383 ecclesiae
1207 1351 1441 1392 Osnaburyensi
1472 1354 1701 1388 adminiculum
1730 1358 1850 1398 impen-

201 1405 337 1437 dendum
359 1414 421 1436 esse
445 1404 709 1445 (Fragmentum).
1663 1409 1767 1448 (891.)

151 1484 176 1504 20
310 1472 388 1499 eod„-
405 1472 603 1507 Apoyraphum
626 1479 693 1498 saec.
707 1471 857 1505 XIVJXV.
876 1472 906 1496 in
931 1470 1049 1497 archivio
1074 1471 1195 1498 ecclesiae
1218 1471 1430 1506 Osnaburyensis
1447 1477 1587 1508 servatum,
1607 1476 1714 1503 Littera
1734 1478 1767 1504 K
1777 1479 1811 1506 N.
1824 1484 1855 1507 59

204 1517 246 1551 (=
263 1516 306 1550 0),
324 1515 464 1542 nonnullis
483 1515 546 1541 locis
565 1515 620 1540 alio
638 1517 789 1540 atramento
805 1516 949 1540 correctum
967 1515 1012 1547 (=
1027 1513 1085 1547 0¹).

307 1567 390 1594 EM„-
418 1567 524 1593 Moeser
545 1566 641 1593 ‘Vetus
667 1565 870 1593 Kalendarium
898 1568 922 1592 et
948 1565 1133 1599 Necroloyium
1161 1566 1279 1592 ecclesiae
1310 1566 1547 1602 Osnabruyyensis’
1566 1583 1595 1593 =
1616 1571 1854 1601 ‘Osnabruckiselae

207 1610 366 1638 Geschiohte’
386 1610 433 1637 IV
449 1622 480 1632 =
499 1609 650 1636 ‘Samtliche
672 1608 774 1635 We‘rke'
788 1609 875 1642 (1843)
894 1609 971 1642 VIII,
993 1611 1043 1635 301
1067 1617 1095 1635 n.
1112 1612 1160 1635 245
1179 1620 1212 1631 =
1231 1609 1346 1636 Erhard
1369 1610 1493 1645 ‘Reqesta
1520 1612 1645 1641 historiae
1666 1615 1856 1649 Westplzaliae⁵

203 1655 290 1688 (1847)
310 1654 334 1687 I,
355 1653 419 1681 Cod.
432 1653 538 1687 diplom.
557 1661 585 1686 p.
599 1656 631 1679 35
654 1660 681 1679 n.
696 1656 728 1678 41
746 1664 779 1674 =
798 1652 901 1695 Myne-
910 1651 987 1679 Patr.
1000 1652 1046 1679 lat.
1066 1651 1208 1683 CXXIX,
1223 1655 1277 1679 808
1303 1661 1330 1680 n.
1350 1657 1387 1680 25.
1431 1654 1472 1687 Of.
1492 1655 1626 1691 Diehamp
1646 1657 1857 1692 ‘Westfalisches

151 1707 175 1726 25
209 1696 440 1729 Urkundenbuch’,
467 1696 561 1729 Suppl.
575 1696 596 1722 I
611 1696 712 1728 (1885),
731 1698 765 1722 50
788 1703 815 1722 n.
830 1698 886 1721 323.
929 1695 1050 1728 Philippi
1073 1695 1269 1722 ‘Osnabrucker
1292 1696 1515 1725 Urhundenbuch’
1530 1696 1614 1734 (1892)
1627 1700 1652 1734 I,
1665 1705 1699 1728 53
1722 1711 1750 1730 n.
1763 1708 1802 1731 60.
1822 1720 1855 1725 —

203 1740 298 1775 Re99.:
317 1741 430 1767 Erhard
446 1739 570 1773 ‘Reyesta
588 1739 713 1766 historiae
731 1737 920 1772 Westphalz'ae’
932 1738 956 1770 Ι,
970 1742 1015 1764 116
1033 1747 1060 1765 n.
1073 1742 1131 1765 484.
1169 1739 1242 1771 Jaffe
1258 1743 1326 1766 3464
1345 1742 1442 1774 (2660).

202 1836 357 1863 DOMINO*
376 1836 599 1862 SANCTISSIMO
622 1836 667 1860 ET
685 1836 858 1861 EGREGIAE
882 1836 1106 1860 SANCTITATIS
1124 1836 1226 1860 APICE
1248 1837 1565 1865 PRAESTANTISSIMO
1588 1841 1632 1864 ET
1650 1842 1853 1870 BEATISSIMO

202 1881 315 1906 PAPAE
342 1880 523 1906 STEPHANO
550 1880 701 1905 EXIGUUS
731 1879 915 1904 SERVORUM
942 1879 1079 1903 CHRISTI
1105 1879 1233 1904 SERVUS
1260 1881 1458 1906 EGILMARUS
1486 1883 1762 1910 OSNABURGENSIS
1789 1887 1857 1911 EPI-

203 1923 345 1949 SCOPUS³
364 1924 438 1948 CUM
461 1923 548 1948 OMNI
573 1922 758 1947 SUBIECTAa
785 1922 1083 1947 CONGREGATIONIS
1110 1922 1269 1947 CATERVA
1295 1924 1408 1949 VERAE
1436 1926 1650 1951 FELICITATIS
1675 1928 1854 1955 IMPLORAT

153 1972 178 1991 30
944 1965 1116 1990 CORONAM.

312 2016 398 2048 Dum
424 2016 637 2048 orthodoxam
662 2016 779 2048 Christi
810 2007 979 2047 ecclesiam
1007 2016 1185 2057 apostolica
1212 2017 1410 2049 institutione
1441 2017 1606 2051 fundatam
1636 2023 1669 2051 et
1697 2032 1716 2052 a
1739 2024 1856 2055 sanctis

204 2068 349 2110 patribus
371 2068 551 2099 firmissime
575 2067 761 2099 roboratam
782 2067 871 2098 rabie
899 2068 1159 2109 persequentium
1188 2071 1221 2099 et
1250 2069 1362 2100 fraude
1389 2070 1570 2111 iniquorum
1600 2071 1746 2104 dolemus
1775 2074 1856 2106 dila-

203 2121 325 2152 niatam
349 2130 386 2151 ac
408 2130 467 2161 per
489 2119 550 2150 hoc
573 2119 679 2160 potius
703 2119 846 2160 tepidam
869 2119 1036 2161 minusque
1059 2120 1091 2150 in
1115 2119 1220 2151 divino
1246 2121 1332 2152 cultu
1355 2121 1512 2153 fervidam
1536 2124 1704 2165 gemimus,
1729 2129 1855 2159 vestrae

204 2172 335 2214 pietatis
358 2172 438 2211 iura,
463 2181 545 2212 quae
569 2181 668 2212 penes
691 2170 798 2202 Deum
822 2173 904 2211 sunt,
928 2171 1100 2202 manifesta
1123 2171 1335 2214 deposcimus,
1359 2176 1394 2204 ut
1416 2184 1485 2214 nos,
1509 2174 1623 2215 quibus
1647 2177 1754 2208 ovium
1778 2188 1853 2210 cura

153 2234 178 2253 ³⁵
207 2224 438 2255 dominicarum
465 2223 635 2254 commissa
659 2224 716 2264 est,
746 2221 857 2253 fulcire
882 2225 914 2253 et
937 2222 1088 2254 adiuvare
1113 2223 1297 2266 dignemini,
1321 2234 1384 2266 quo
1409 2235 1464 2256 eas
1493 2225 1534 2257 ab
1564 2236 1671 2258 errore
1696 2227 1789 2259 devio
1813 2229 1855 2260 ad

206 2276 290 2307 viam
319 2275 462 2306 veritatis
493 2277 525 2305 et
553 2274 594 2305 ad
623 2274 731 2305 lumen
761 2273 801 2305 de
831 2274 973 2306 tenebris
1001 2275 1156 2306 reducere
1186 2286 1351 2317 queamus.
1403 2276 1498 2313 Quod
1529 2280 1603 2309 tunc
1636 2282 1722 2311 recte
1751 2280 1799 2321 fit,
1830 2282 1856 2312 si

206 2328 347 2368 pravitas
373 2327 406 2357 in
435 2325 660 2357 rectitudinem
690 2328 902 2368 convertatur,
927 2337 1009 2368 quae
1039 2327 1113 2358 ideo
1143 2327 1196 2358 diu
1226 2327 1313 2368 apud
1342 2338 1400 2359 nos
1427 2339 1485 2370 per
1512 2330 1616 2361 varias
1644 2331 1855 2372 negligentias

206 2378 354 2420 pullulat,
383 2379 457 2419 quia
488 2387 548 2418 per
575 2377 694 2408 multos
724 2380 810 2409 ret-ro
843 2388 942 2409 annos
973 2381 1084 2410 sancta
1116 2379 1255 2420 synodus
1287 2380 1419 2412 minime
1451 2384 1646 2422 congregata
1677 2382 1759 2414 hanc
1790 2394 1853 2415 non

316 2507 342 2539 ²¹³)
361 2506 469 2532 Lemma
487 2506 518 2531 in
535 2505 570 2531 0.-
590 2505 768 2536 Querimonia
785 2505 923 2539 Egilmari
941 2505 1067 2540 episcopi
1081 2506 1300 2542 osnaburgensis
1319 2509 1355 2535 ad
1374 2509 1549 2544 Stephanum
1569 2519 1673 2545 papam
1685 2511 1718 2538 de
1738 2511 1853 2538 decimis

154 2556 179 2576 40
363 2558 429 2576 suae
448 2549 582 2576 ecclesiae
600 2549 664 2576 inde
682 2548 795 2576 ablatis.

312 2618 335 2651 Β)
355 2620 458 2644 deberet
474 2620 513 2644 vel
531 2619 612 2644 simile
630 2620 692 2651 quid
710 2621 831 2645 excidisse
849 2621 954 2646 videtur.
1026 2620 1051 2653 b)
1070 2621 1192 2647 liberetur
1214 2622 1242 2653 T,
1261 2631 1328 2649 corr.
1341 2623 1426 2648 Flo-ss.

311 2661 335 2688 3.
361 2662 384 2694 ὓ)
403 2663 520 2687 subiectu
538 2671 634 2687 rasura
653 2672 719 2688 corr.
732 2664 761 2688 in
778 2664 887 2689 subiecti
909 2664 937 2690 O.

315 2738 340 2770 l)
361 2737 398 2770 ΟΥ.
412 2737 523 2764 Nicolai
535 2738 558 2765 1.
577 2739 651 2772 epist.
664 2738 730 2773 Ray.
741 2739 813 2772 Jaffe
824 2743 898 2772 2758,
917 2740 957 2767 ed.
970 2741 1008 2766 M
1009 2740 1041 2766 G.
1055 2740 1145 2774 Epist.
1161 2741 1207 2773 VI,
1220 2745 1273 2768 291.
1388 2741 1414 2775 2)
1433 2741 1495 2769 Scit.
1511 2742 1546 2768 ad
1564 2741 1744 2775 Adalyarium
1768 2740 1856 2767 archi-

209 2780 359 2814 episcopum
378 2780 540 2807 Brememem
559 2789 584 2808 a.
598 2784 743 2809 888-909.
781 2782 856 2816 Quae
873 2783 983 2816 epistola
1001 2783 1136 2816 deperdita
1154 2786 1199 2811 est.
1304 2785 1330 2818 3)
1351 2784 1392 2817 Cf.
1405 2793 1488 2818 supra
1506 2793 1534 2812 n.
1547 2788 1562 2811 2
1575 2793 1604 2818 p.
1618 2787 1666 2810 358
1683 2792 1748 2810 ann.
1762 2787 1787 2810 8.

1874 2293 1902 2315 cf.
1917 2295 1935 2315 1.
1944 2293 2004 2316 Petr.
2015 2295 2063 2320 λθ.
