2189 3042
129 740 154 758 10

129 996 151 1014 15

129 1251 155 1269 20

132 1510 156 1529 25

129 1773 155 1792 30

133 2251 157 2270 ³5

134 2582 160 2601 40

136 2797 160 2816 *15

601 179 779 206 IOHANNIS
798 179 872 205 VIII.
893 179 1010 205 PAPAE
1034 179 1231 206 EPISTOLAE
1253 180 1312 207 203.
1332 180 1389 206 204.
1765 183 1822 211 163

171 267 465 310 presumptionibus
499 277 518 298 a
551 269 582 297 te
615 266 752 307 peractis
785 276 847 296 una
878 277 949 297 cum
981 267 1164 298 veneranda
1198 266 1320 307 synodo
1353 268 1426 297 ante
1458 266 1706 297 sacratissimum
1737 266 1824 297 beati

171 319 260 350 Petri
298 318 515 359 apostolorum
550 317 701 358 principis
736 328 850 357 corpus
884 317 1015 348 habita1
1050 318 1224 349 secundum
1259 318 1486 348 immutilatam
1521 317 1665 348 Africani
1699 318 1824 348 concilii

173 369 339 411 regulam2
363 372 394 400 te
422 369 464 400 ad
488 369 656 400 concilium
681 371 823 399 nostrum
846 379 908 399 non
933 373 1153 400 occurrentem
1178 379 1283 410 neque
1308 370 1548 400 excusationem
1574 372 1659 399 tuam
1684 370 1716 399 in
1740 372 1823 400 trac-

172 421 255 452 toria
279 420 532 451 subscribentem
557 430 661 460 neque
685 420 821 450 iustama
837 421 994 451 rationem
1019 421 1241 461 impedimenti
1266 421 1311 451 tui
1333 420 1418 462 apud
1435 431 1502 459 nos,
1526 421 1665 450 omnium
1682 423 1823 451 vestrum

173 473 358 513 primatem,
389 471 525 502 reddere
558 474 722 502 curantem
756 471 842 501 omni
876 482 1005 512 prorsus
1038 472 1255 503 ecclesiastica
1288 473 1508 503 communione
1540 471 1658 502 sanctib
1688 470 1824 512 Spiritus

171 525 361 555 auctoritate
385 523 609 564 privavimus³‚
635 533 801 563 quousque
830 526 917 553 tuam
946 523 1121 564 specialem
1149 524 1345 564 presentiam
1373 523 1465 553 nobis
1494 527 1526 554 et
1557 523 1625 553 sodi
1648 523 1823 563 apostolice

172 575 327 606 exhibere
358 575 526 605 curaveris.
572 573 663 604 Nunc
686 575 811 615 itaque,
837 575 986 615 quoniam
1011 579 1194 606 constanter
1217 578 1362 606 tenentes
1386 575 1538 605 iustitiam
1563 574 1700 615 benigne
1725 574 1824 605 debe-

171 637 241 658 mus
275 636 404 667 semper
437 625 572 666 prebere
602 625 820 665 clementiam,
851 626 899 656 his
929 627 1045 657 iterum
1075 627 1189 657 nostris
1221 626 1404 667 apostolicis
1432 626 1546 657 litteris
1576 626 1740 657 dilectioni
1770 629 1824 666 tue

172 678 376 719 precipimus,
399 680 444 717 ut,
469 678 544 718 quia
566 677 630 707 iam
654 677 695 707 ad
718 677 873 717 prefatam
899 677 1053 718 synodum
1078 688 1140 707 non
1164 678 1287 716 venisti,
1313 677 1353 708 ad
1379 688 1460 716 eam,
1485 688 1580 718 quam
1604 688 1712 707 rursus
1734 678 1824 707 iuxta

173 729 303 760 canonis
326 729 494 769 apostolici
517 729 697 769 kapitulum
722 729 916 759 tricesimum
934 729 1103 770 quartum4
1120 729 1237 760 erimus
1254 732 1367 769 quarto
1390 729 1460 759 idus
1478 728 1627 759 Octubris
1649 729 1824 759 auxiliante

172 780 312 811 Domino
340 779 547 819 celebraturi,
575 781 660 810 omni
684 781 863 821 postposita
889 781 1055 811 occasione
1081 791 1151 811 eum
1176 780 1387 820 suffraganeis
1418 780 1576 821 episcopis
1604 781 1666 810 tuis
1690 780 1825 810 devotus

172 843 319 863 occurras
348 831 412 871 vel,
447 832 473 862 si
507 831 615 873 aliqua
646 831 786 863 evidenti
817 833 1010 863 necessitate
1041 834 1072 862 te
1101 842 1164 862 non
1192 841 1287 872 posse
1316 832 1424 862 venire
1449 832 1612 870 claruerit,
1644 832 1779 862 eximios
1806 842 1825 862 a

171 884 273 914 latere
302 887 355 914 tuo
384 883 503 924 dirigas
531 884 629 923 viros,
661 884 715 924 qui
743 886 816 914 tunc
845 883 936 914 nobis
965 887 997 914 et
1025 886 1134 914 sancto
1159 883 1292 913 concilio
1317 883 1433 913 idonee
1464 883 1611 913 faciendo
1640 887 1673 914 et
1696 893 1825 913 causam

172 938 226 975 tue
248 934 515 976 impossibilitatis
531 935 688 966 veraciter
710 935 867 975 intiment,
884 937 924 970 >et
948 945 995 975 ea,
1021 944 1082 975 que
1106 944 1162 975 pro
1181 933 1389 965 ecelesiarum
1406 934 1467 965 Dei
1484 934 1622 965 utilitate
1639 934 1825 975 peragenda

172 990 253 1027 sunt,
278 986 443 1018 nobiscum
467 987 626 1028 sagaciter
649 987 778 1017 valeant
801 986 990 1017 deliberare.
1036 985 1119 1016 Nam
1143 986 1169 1015 si
1193 988 1224 1016 et
1248 985 1330 1015 hanc
1355 988 1501 1026 quartam
1526 988 1631 1024 nostre
1649 985 1824 1026 apostolice

172 1038 370 1069 auctoritatis
394 1039 595 1069 vocationem
619 1037 855 1079 parvipendens
879 1037 920 1067 ad
944 1038 1007 1067 iam
1032 1036 1253 1067 denuntiatam
1277 1036 1435 1076 synodum
1459 1037 1527 1077 ipse
1552 1037 1660 1066 venire
1684 1036 1735 1066 vel
1755 1040 1826 1067 tuos

172 1090 299 1120 mittere
334 1081 577 1130 contempse1¹iS‚
613 1090 694 1120 scias
723 1100 781 1130 pro
811 1091 914 1127 certo,
946 1089 1096 1129 quoniam
1125 1088 1238 1118 maiori
1266 1091 1298 1118 te
1329 1087 1437 1118 iudicii
1466 1087 1673 1118 ecclesiastici
1700 1087 1826 1118 vinculo

175 1141 260 1172 velut
284 1141 523 1172 inobedientem
547 1141 766 1172 incunctanter
790 1139 972 1180 ligabimus.
1018 1139 1174 1179 Preterea
1198 1139 1259 1169 hoe
1284 1140 1381 1170 etiam
1399 1139 1456 1170 tibi
1474 1139 1599 1180 tuisque
1617 1139 1827 1180 suffraganeis

173 1193 319 1223 omnibus
343 1193 570 1223 ammonitione
594 1196 702 1223 nostra
726 1191 951 1223 denuntiamus
975 1194 1072 1232 atque
1096 1191 1304 1232 precipuum,
1328 1194 1364 1221 ut
1387 1201 1458 1222 011111
1482 1201 1531 1230 eo,
1556 1191 1609 1231 qui
1633 1190 1673 1221 de
1698 1191 1827 1231 regibus

173 1244 391 1275 Francorum⁵
414 1244 485 1275 Deo
516 1244 645 1275 favente
675 1243 804 1274 Italiam
836 1243 931 1273 fuerit
961 1243 1136 1283 ingressus,
1167 1242 1289 1273 nullum
1322 1242 1443 1283 absque
1474 1245 1581 1273 nostro
1612 1252 1767 1273 consensu
1796 1245 1828 1273 et

173 1296 384 1326 unanimitate
413 1296 566 1336 placitum
594 1295 701 1326 facere
729 1295 934 1334 presumatis7
966 1294 1183 1335 apostolorum
1211 1294 1340 1325 kanone
1369 1294 1507 1335 kapituli
1531 1295 1682 1325 tricesimi
1707 1295 1828 1335 quintiG

174 1348 219 1378 ita
242 1347 391 1378 iubentec
409 1351 505 1388 atque
530 1346 670 1377 dicente:
695 1349 850 1384 Episcopos
873 1350 1001 1384 gentium
1025 1350 1198 1384 singularum
1222 1350 1293 1377 scire
1318 1351 1459 1382 convenit,
1484 1351 1546 1384 quis
1567 1350 1642 1377 inter
1658 1359 1705 1377 eos
1721 1350 1827 1384 primus

174 1403 315 1429 habeatur
342 1402 374 1430 et
401 1412 482 1437 quem
512 1403 590 1429 velut
618 1403 704 1436 caput
731 1396 923 1433 existimentd,
955 1403 984 1428 et
1013 1401 1099 1428 nichil
1128 1402 1248 1436 amplius
1276 1404 1372 1436 preter
1398 1402 1457 1428 eius
1487 1402 1688 1428 conscientiam
1718 1404 1827 1436 gerant,

178 1464 263 1488 quam
285 1455 335 1481 illa
358 1455 419 1481 sola
441 1454 556 1489 singuli,
584 1455 656 1488 que·3
679 1448 861 1489 1111110001110ἠ
883 1453 996 1489 proprie
1021 1456 1050 1480 et
1074 1454 1160 1485 villis,
1185 1463 1239 1489 que
1264 1454 1314 1480 sub
1339 1462 1372 1480 ea
1396 1455 1473 1486 sunt,
1498 1455 1674 1488 competunt&
1705 1454 1752 1480 sed
1777 1462 1828 1480 nec

175 1506 223 1532 ille
251 1508 347 1542 preter
374 1506 499 1532 omnium
522 1505 725 1532 conscientiam
753 1505 839 1531 faciat
868 1505 983 1538 aliquid.
1030 1505 1074 1532 Sic
1097 1505 1171 1532 enim
1196 1505 1371 1531 unanimitas
1396 1506 1451 1532 erit
1475 1507 1503 1532 et
1525 1505 1731 1539 glorificabitur
1753 1506 1828 1531 Deus

174 1566 224 1591 per
247 1557 388 1584 Christum
412 1557 441 1583 in
464 1557 571 1591 Spiritu
596 1558 702 1583 sancto.
748 1552 887 1593 Propter
911 1552 997 1593 quod
1021 1555 1053 1583 et
1076 1563 1133 1583 nos
1157 1556 1263 1583 vestro
1289 1554 1450 1583 communi
1473 1555 1611 1583 tractatu
1636 1555 1732 1593 atque
1754 1563 1828 1583 con-

175 1614 270 1635 sensu
294 1613 347 1645 ea,
376 1614 437 1646 que
461 1604 502 1635 ad
526 1614 729 1635 communem
754 1606 786 1634 et
809 1605 1024 1635 necessariam
1048 1605 1220 1635 utilitatem
1246 1604 1455 1635 ecclesiarum
1479 1605 1540 1635 Dei
1565 1604 1655 1635 nobis
1679 1604 1828 1635 commis-

175 1666 281 1687 sarum
304 1655 431 1697 agenda
455 1659 536 1696 sunt,
561 1655 753 1686 omnimodis
777 1666 874 1697 agere
899 1656 1052 1697 cupimus.
1091 1660 1152 1687 Non
1177 1656 1262 1687 enim
1286 1661 1377 1693 aliter,
1404 1656 1531 1687 dicente
1555 1658 1664 1686 sancto
1686 1656 1796 1686 Leone
1807 1656 1828 1696 ⁷,

173 1721 244 1738 unus
267 1720 335 1746 grex
363 1713 392 1738 et
415 1721 486 1738 unus
509 1714 607 1746 pastor
630 1721 737 1744 sumuS,
763 1712 830 1743 nisi,
855 1712 1091 1745 quemadmodum
1115 1712 1260 1746 apostolus
1284 1713 1374 1745 docet,
1399 1713 1427 1738 id
1450 1712 1541 1746 ipsum
1565 1712 1689 1738 dicamus
1714 1721 1817 1738 01111103.
1834 1718 2023 1744 cf.1.Cor.1‚10.

174 1764 265 1790 Simus
288 1765 383 1790 autem
406 1764 526 1798 perfecti
549 1764 578 1790 in
602 1764 700 1790 eodem
724 1772 807 1790 sensu
831 1765 859 1790 et
883 1764 912 1790 in
937 1765 1034 1791 eadem
1058 1764 1186 1791 scientia.

277 1829 371 1853 DATA
391 1829 662 1860 QUARTODECIMO
685 1829 868 1853 KALENDAS
892 1829 989 1860 IUNII,
1013 1829 1213 1853 INDIC'FIONE
1238 1829 1455 1854 DUODECIMA.

965 2001 1038 2031 204.

283 2067 443 2098 Iohannes
466 2067 561 2099 VIII.
584 2078 674 2108 papa
697 2068 944 2109 (suffiayaneos)
967 2069 1120 2108 Anspertc'
1146 2068 1375 2108 archiepiscopi
1398 2068 1676 2108 (Mediolanenses)
1699 2066 1830 2108 frustra

175 2118 313 2159 Papiam
336 2121 365 2150 et
386 2129 487 2158 nuper
510 2119 570 2150 kal.
589 2119 678 2150 Maia·
700 2119 835 2151 Romam
862 2120 905 2151 acl
926 2120 1079 2160 synodum
1101 2123 1224 2151 vocatos
1246 2121 1365 2151 iterum
1389 2120 1432 2150 ad
1454 2120 1607 2159 synodum
1630 2119 1659 2150 d.
1677 2118 1828 2150 120610-

177 2170 242 2201 bris
265 2170 384 2201 Romae
407 2170 620 2202 celebrandam
643 2171 730 2202 citat.
1502 2172 1565 2202 879
1591 2171 1674 2201 Mai.
1691 2171 1742 2201 20.

292 2246 367 2272 Cod.:
397 2245 423 2272 R
440 2248 462 2279 f.
478 2249 506 2272 79
524 2255 551 2272 n,
563 2250 620 2273 205.

280 2306 367 2333 Edd.:
395 2306 489 2332 Editio
502 2307 627 2333 Romana
640 2307 725 2342 (1591)
737 2308 798 2340 III,
814 2312 861 2334 419
880 2317 905 2334 n.
918 2311 973 2334 182.
1004 2307 1100 2334 Mansa·
1121 2307 1198 2334 Cone.
1212 2308 1267 2334 coll.
1281 2308 1380 2341 XVII,
1394 2311 1440 2334 123
1458 2316 1485 2334 n.
1498 2310 1550 2334 182.
1584 2307 1676 2340 Miqne
1694 2306 1769 2332 Patr.
1784 2306 1828 2332 lat.

179 2348 316 2382 CXXVI,
334 2354 386 2377 637
400 2358 427 2376 n.
441 2354 497 2377 224.
518 2366 550 2369 -
569 2350 642 2383 Jaffe'
660 2351 726 2385 Rey.
740 2354 804 2378 3253
822 2352 922 2385 (2473).

281 2458 304 2490 ³)
324 2459 350 2483 ἰη
368 2468 421 2484 ras.
440 2459 472 2484 R.
560 2458 584 2492 b)
604 2461 652 2484 sffis
671 2459 703 2484 R.
792 2460 814 2492 c)
834 2461 850 2485 b
870 2469 936 2485 corr.
950 2469 980 2485 ea:
998 2469 1015 2485 u
1034 2460 1066 2486 Ιί.
1155 2459 1178 2492 cl)
1198 2465 1240 2486 -nt
1259 2461 1286 2485 ἰη
1307 2469 1360 2485 ras.
1380 2461 1412 2485 R.
1503 2461 1524 2491 ὓ)
1544 2468 1619 2491 quem
1640 2459 1671 2483 B.
1761 2457 1780 2490 f)
1800 2466 1828 2489 -Q

184 2510 250 2526 corr.
264 2510 294 2526 eae
312 2510 339 2526 ·a
357 2501 389 2527 R.

282 2578 307 2609 1)
327 2577 427 2603 Romae
454 2577 505 2603 kal.
523 2577 597 2603 Maii
617 2581 672 2604 879.
783 2578 810 2612 2)
832 2579 859 2605 Ο.
878 2583 907 2604 11
932 2587 1005 2606 eone.
1026 2579 1151 2613 Carthay.
1171 2579 1197 2605 V
1216 2588 1241 2606 α.
1255 2582 1308 2605 401
1335 2578 1479 2611 (Dionysii
1504 2577 1568 2603 Cod.
1586 2586 1643 2603 can,
1664 2576 1765 2611 Synod.
1784 2585 1827 2608 ap.

181 2619 368 2653 Carthaginem
388 2620 421 2653 (q.
434 2628 456 2646 v.
473 2619 533 2646 C'od.
546 2628 604 2646 can.
618 2621 673 2647 eccl.
686 2621 845 2655 Africanae)
865 2629 886 2648 0.
902 2625 933 2648 76
951 2622 1001 2655 (ed.
1016 2623 1109 2656 Mz'ync
1122 2622 1253 2654 LXVII,
1274 2623 1346 2654 206).
1423 2621 1449 2653 3)
1471 2621 1513 2653 Cf.
1526 2629 1553 2647 n.
1569 2625 1624 2646 185.
1699 2620 1725 2652 4)
1746 2620 1828 2644 Immo

181 2662 276 2687 XXX
284 2662 358 2687 VIII
373 2662 537 2696 (XXXVI)
552 2663 620 2689 inter
635 2671 751 2690 canones
769 2665 875 2697 apostol.
889 2665 937 2699 (ed.
952 2665 1047 2697 Hefele
1057 2665 1293 2698 ‘Concilienycschs
1307 2665 1332 2696 I,
1346 2665 1420 2697 812):
1438 2664 1486 2690 Bis
1503 2664 1531 2689 in
1545 2672 1616 2690 anno
1635 2663 1827 2696 episcoporum

180 2704 300 2730 concilia
321 2705 496 2731 celebrentur
513 2726 519 2732 .
539 2725 543 2730 .
563 2726 568 2732 .
587 2707 707 2732 secundo
731 2715 795 2734 vero
819 2707 879 2734 XII.
899 2708 944 2735 die
966 2709 1067 2735 mensis
1086 2708 1319 2742 Hyperberetaei.
1345 2707 1374 2733 id
1397 2708 1439 2732 est
1462 2707 1542 2732 iuxta
1567 2706 1704 2732 Romanos
1728 2707 1827 2738 quarto

180 2747 242 2773 idus
259 2747 394 2774 Octobris.
485 2749 511 2781 5)
530 2748 736 2776 Karozomanno
754 2753 803 2775 ant
821 2750 925 2776 Karolo
942 2751 998 2777 III.
1082 2752 1108 2783 6)
1130 2751 1157 2777 Ο.
1173 2751 1298 2777 XXXV
1314 2750 1486 2783 (XXXIII)
1506 2749 1543 2775 ecl.
1559 2748 1651 2779 Hefele
1670 2748 1685 2773 l.
1701 2748 1716 2774 l.
1732 2752 1826 2780 12811.

180 2790 206 2823 7)
225 2790 311 2823 Epist.
331 2790 367 2816 acl
383 2791 459 2823 episc.
472 2790 580 2817 Siciliae
598 2791 693 2824 (Dion.
709 2792 771 2819 Coll.
785 2792 850 2819 decr.
865 2793 963 2819 Leonis
982 2802 1002 2820 c.
1017 2797 1040 2826 8,
1060 2794 1099 2820 erl.
1113 2794 1207 2827 Migsnc
1226 2792 1353 2824 LXVII,
1374 2793 1442 2825 282),
1463 2792 1527 2825 Περ.
1544 2791 1617 2822 Jasle
1635 2795 1683 2816 414
1703 2790 1781 2823 (192).

1572 2842 1620 2868 21³²
