2189 3042
96 208 123 230 cf.
142 208 175 228 l’s.
189 210 221 232 5⁴.
232 210 250 229 7.

132 1154 170 1174 ΡΞ.
183 1156 214 1178 57,
226 1156 258 1174 11.

101 1207 118 1225 3.
126 1205 179 1230 Reg.
192 1208 211 1230 3,
222 1207 253 1226 28.

80 1667 107 1689 cf.
122 1667 214 1689 Philem.
226 1668 257 1687 10.

76 1710 104 1730 cf.
120 1709 211 1731 Philem.
223 1711 254 1730 12.

76 1737 103 1757 cf.
120 1735 211 1757 Philem.
224 1739 254 1757 11.

79 2083 110 2103 cf.
126 2082 188 2104 Rom.
200 2086 219 2107 5,
229 2084 260 2104 20,

270 117 306 146 10
714 109 892 137 IOHANNIS
910 109 984 135 VIII.
1004 108 1123 135 PAPAE
1146 107 1344 134 EPISTOLAE
1364 108 1403 135 10.
1424 108 1463 134 11.

267 200 363 241 igitur
390 199 469 230 sicut
497 199 544 229 vir
574 197 699 228 lumbos
729 196 815 227 tuos²
838 199 870 227 et
898 206 1023 227 assume
1051 195 1108 226 tibi
1136 205 1257 236 pennas
1286 195 1366 226 sicut
1395 193 1543 226 columba
1570 197 1603 225 et
1625 195 1698 226 vola
1729 197 1761 226 et
1783 195 1857 226 veni
1880 198 1913 226 et

265 252 429 292 requiesco
447 251 477 280 in
493 250 562 279 sinu
579 248 754 290 apostolice
772 247 960 287 dilectionis,
981 248 1026 278 ita
1042 249 1077 278 ut
1092 246 1195 288 pridie
1213 245 1369 277 kalendas
1385 245 1595 277 Decembrias
1612 247 1806 287 presentiam
1823 249 1912 278 tuam

265 301 424 333 liminibus
452 300 637 342 apostolicis
666 302 698 330 ct
726 300 842 329 nostris
870 298 1023 330 exhibeas
1051 309 1180 339 prorsus
1208 297 1384 338 optutibuS,
1414 308 1523 338 porro,
1555 298 1580 328 si
1607 298 1668 329 hoc
1696 297 1913 338 impossibile²

265 353 408 392 asserisb,
426 355 538 382 octavo
556 351 766 382 kalendarum
783 350 1013 381 Ianuariarum.
1053 349 1157 389 Quod,
1181 349 1346 380 hortamur
1363 351 1396 380 et
1417 349 1574 389 iubemus,
1599 349 1754 390 explebis,
1778 349 1804 379 si
1821 348 1912 380 dum-

265 408 354 435 taxat
378 403 417 434 ab
441 403 616 444 apostolice
641 402 725 433 sedis
749 402 972 432 communione
997 402 1103 432 renuis
1119 411 1247 442 prorsus
1271 401 1382 432 arceri.
1421 401 1562 442 Dignum
1587 401 1670 432 enim
1693 411 1757 431 non
1780 402 1856 438 estc,
1879 404 1914 431 ut
1944 415 1955 433 5

265 459 351 494 tante
368 455 523 495 sapientie
539 454 584 484 vir
601 457 689 484 tanto
706 453 817 494 procul
834 453 918 492 cetui
935 453 984 483 sit.
1017 452 1175 493 Optamus
1191 453 1395 483 sanctitatem
1412 455 1499 483 tuam
1515 453 1548 482 in
1559 450 1684 483 Christo
1698 451 1780 483 bene
1794 451 1912 483 valere.

367 516 461 539 DATA
480 516 536 539 lIll.
557 514 668 539 NONAS
691 514 899 545 NOVEMBRIS,
919 514 1119 538 INDICTIONE
1138 514 1168 538 X.

1068 664 1116 693 11.

373 715 531 746 Iohannes
554 714 651 745 VIII.
672 724 758 753 papa
781 713 942 744 Karolum
962 713 1126 754 (Calvum)
1150 714 1367 753 imperatorem
1392 713 1427 745 ob
1450 713 1606 744 iudicium
1629 714 1710 745 iuste
1733 714 1768 744 in
1791 713 1914 744 Emme-

265 777 375 799 nonem
391 766 490 797 latum
506 766 672 803 collaudat,
694 765 833 805 qratiam
850 768 954 797 tamen
973 765 1043 796 eius
1061 776 1120 804 pro
1137 765 1199 803 illo,
1219 766 1275 805 qui
1291 765 1493 804 apostolicam
1509 765 1610 796 sedem
1626 765 1774 804 precibus
1790 765 1914 802 adierit,

266 818 420 858 implorat.
1604 819 1668 848 876
1693 816 1758 848 Oct.
1775 817 1826 847 31.
1934 828 1958 847 ιο

379 869 455 896 Οοᾱ..·
482 869 507 895 R
526 870 545 902 f.
561 873 575 895 5
595 877 622 894 n.
636 872 672 894 11.

370 916 459 943 Eda:
486 916 580 942 Editio
598 916 725 942 Romana
744 915 828 949 (1591)
849 915 908 947 HI,
925 918 972 941 295
990 923 1017 942 n.
1031 919 1060 941 11
1079 926 1111 937 =
1130 914 1258 941 Sirmowd
1279 914 1355 941 Cone.
1369 918 1424 942 ant.
1442 915 1545 942 Galliae
1563 915 1620 948 ΙΙΙ,
1637 919 1686 941 450
1704 923 1731 942 η.
1746 918 1783 942 12,
1823 914 1917 940 Mansz'

267 961 345 987 Cone.
360 960 414 986 coll.
439 959 537 991 XVII,
557 964 585 985 11
603 968 630 985 a.
644 963 681 985 11.
719 959 816 992 Miyne
835 958 911 985 Patr.
924 958 969 985 lat.
985 958 1121 990 CXXVI,
1140 961 1187 984 691
1205 966 1232 984 n.
1247 962 1288 985 38.
1310 974 1340 977 -
1360 958 1436 990 Jaffe
1456 958 1520 992 Ray.
1535 962 1604 985 3056
1621 958 1720 992 (2285).

704 1037 877 1062 IOHANNES
902 1037 1082 1061 EPISCOPUS
1105 1037 1244 1061 KAROLO
1266 1037 1486 1062 IMPERATORI.

376 1090 479 1130 Super
494 1088 611 1119 iudicio
636 1091 741 1119 vestro
765 1089 797 1118 in
812 1088 1026 1119 Emmenum1
1050 1087 1186 1128 prolato,
1210 1098 1228 1118 o
1252 1088 1429 1118 rectissime
1452 1088 1637 1129 imperator,
1661 1098 1732 1119 cum
1756 1088 1825 1127 celo
1850 1090 1918 1118 tota
1938 1099 1962 1118 15

273 1145 357 1173 terra
372 1142 499 1181 letatur.
538 1140 695 1181 Scriptum
721 1142 769 1170 est
793 1140 893 1170 enim:
918 1138 1100 1170 ‘Letabitur
1122 1139 1232 1179 iustus,
1257 1149 1328 1169 cum
1349 1139 1466 1170 viderit
1480 1138 1676 1170 vindictam.³
1713 1138 1777 1170 Cur
1793 1142 1919 1170 autem?

269 1194 424 1224 Dicimus:
460 1193 609 1232 Letatur,
645 1202 716 1222 cum
751 1201 847 1232 super
874 1191 1013 1221 iudicio³
1043 1190 1241 1221 Salomonisb
1271 1191 1424 1231 scriptum
1455 1191 1509 1230 sit,
1544 1191 1618 1232 quia
1647 1190 1781 1221 ‘audivit
1815 1192 1916 1221 omnis

267 1244 406 1275 Israhel⁰
423 1244 583 1283 iudicium,
600 1243 686 1284 quod
702 1243 874 1274 iudicasset
893 1253 960 1282 rex,
985 1246 1017 1273 et
1040 1241 1234 1274 timueruntd
1250 1253 1371 1283 regem,
1394 1242 1542 1273 videntes
1559 1243 1750 1283 sapientiam
1766 1243 1828 1274 Dei
1845 1253 1915 1274 esse

268 1298 300 1328 in
324 1308 362 1328 eo
386 1297 427 1328 ad
451 1296 631 1326 faciendum
656 1294 828 1326 iudicium’.
868 1294 973 1336 Super
996 1305 1058 1336 quo
1083 1295 1234 1326 videlicet
1256 1295 1373 1325 iudicio
1397 1295 1599 1326 sentiendum
1623 1294 1737 1327 merito
1762 1294 1916 1335 ducimus,

269 1349 343 1390 quia
366 1348 455 1388 letati
479 1348 608 1389 quidem
632 1347 777 1388 benigni,
810 1348 925 1378 tristati
955 1356 1033 1377 vero
1063 1349 1135 1377 sunt
1163 1347 1289 1377 omnino
1320 1347 1462 1388 maligni.
1507 1346 1594 1388 Ergo
1627 1350 1660 1378 et
1681 1347 1733 1378 hic
1756 1348 1800 1378 ita
1825 1347 1917 1378 datur
1935 1356 1960 1375 20

268 1400 413 1440 intelligi,
438 1401 512 1441 quia
535 1400 682 1430 nimirum
706 1399 836 1440 insuper
860 1398 977 1429 iudicio
1002 1401 1109 1429 vestro
1133 1398 1273 1438 letantur
1295 1399 1379 1439 iusti,
1404 1398 1606 1429 deterrentur
1621 1399 1739 1430 iniusti.
1777 1398 1861 1429 Nam
1885 1401 1918 1429 et

270 1452 470 1492 omnipotens
486 1451 584 1491 Deus,
609 1452 697 1482 cuius
721 1454 752 1482 et
768 1461 824 1481 vos
840 1450 992 1481 iudicium
1014 1450 1208 1490 emulamini,
1232 1450 1382 1481 terribilis
1398 1450 1638 1491 peecatoribuse
1662 1454 1694 1481 et
1709 1450 1846 1481 blandus
1870 1453 1918 1481 est

269 1504 369 1534 iustis.
416 1503 498 1538 Quia
521 1504 617 1544 igitur
640 1513 736 1543 super
758 1502 941 1533 Hemmeno
966 1503 1030 1533 iam
1054 1501 1243 1533 exhibuistis
1266 1502 1472 1533 severitatem
1496 1502 1619 1541 iudicii,
1648 1512 1834 1543 quesumus,
1860 1511 1916 1532 ex-

269 1554 377 1585 hibete
402 1555 441 1585 de
466 1558 572 1586 cetero
590 1554 719 1595 pietatis
735 1554 868 1594 insigne.
908 1553 1110 1594 Imposuistis
1134 1554 1166 1583 in
1188 1553 1338 1584 humeros
1355 1554 1423 1584 eius
1440 1564 1519 1584 onus
1535 1554 1739 1594 austeritatis,
1764 1553 1917 1584 adhibete

269 1607 333 1637 iam
350 1617 430 1637 nune
447 1606 478 1636 id
495 1608 714 1637 removentem
731 1606 865 1647 digitum
883 1605 1033 1636 lenitatis
1072 1605 1281 1645 Mementote,
1299 1606 1372 1646 quia
1389 1605 1472 1635 hunc
1488 1605 1578 1636 vobis
1595 1615 1666 1636 cum
1682 1605 1780 1637 Petro
1797 1605 1917 1636 Paulus
1936 1613 1961 1632 25

273 1657 425 1688 adseclisf
440 1659 512 1695 suis,
536 1658 616 1688 sieut
632 1657 804 1688 Philimoni
822 1657 983 1698 quondam
999 1656 1261 1697 Honesiphorum
1270 1656 1292 1697 2,
1317 1657 1460 1696 remittit,
1483 1657 1658 1697 implorans
1682 1660 1714 1688 et
1737 1656 1918 1697 obsecrans,

272 1709 418 1751 quatinus
442 1720 514 1740 eum
537 1712 573 1740 ut
596 1720 651 1740 sua
676 1709 799 1740 viscera
824 1709 1014 1750 suscipiatis.
1051 1708 1133 1744 Quia
1158 1709 1216 1739 etsi
1239 1708 1382 1739 fortassis
1406 1708 1447 1739 ad
1464 1708 1575 1739 horam
1592 1708 1763 1750 aliquando
1788 1708 1918 1750 quidem

270 1761 360 1792 vobis
383 1761 514 1800 inutilis,
543 1761 726 1801 exemplum
749 1771 812 1791 non
835 1760 954 1791 bonum
979 1761 1094 1791 ceteris
1117 1760 1259 1791 tribuens
1282 1760 1366 1790 visus
1391 1763 1452 1800 est,
1480 1770 1561 1790 nunc
1586 1763 1694 1791 autem
1718 1763 1749 1791 et
1772 1759 1863 1790 vobis
1888 1762 1919 1790 et

268 1813 357 1843 nobis
380 1815 412 1843 et
431 1813 574 1853 plurimis
595 1813 681 1843 utilis
703 1815 761 1851 est,
783 1812 1034 1853 longanimitatis
1052 1812 1210 1843 formamg
1226 1814 1258 1842 et
1279 1812 1433 1852 patientie
1451 1812 1571 1842 cunctis
1593 1811 1773 1842 ostendens.
1808 1810 1918 1852 Roga-

268 1875 338 1895 mus
355 1874 442 1905 ergo,
466 1868 501 1895 ut
517 1875 616 1905 penes
634 1875 689 1894 vos
714 1874 775 1894 non
799 1863 859 1894 sibi
883 1867 949 1894 tam
973 1874 1047 1894 suus
1072 1863 1154 1894 obsit
1171 1874 1331 1900 excessuS,
1348 1874 1444 1904 quam
1460 1863 1536 1894 fidei
1560 1866 1592 1894 et
1615 1863 1752 1894 amorish
1769 1873 1846 1904 erga
1862 1873 1918 1893 vos
1938 1875 1962 1893 30

268 1915 369 1946 habiti
398 1916 498 1956 prosit
525 1915 673 1946 affectusi
702 1918 749 1954 et,
778 1915 853 1955 quia
880 1926 998 1945 noxam
1022 1916 1185 1955 propriam
1209 1917 1242 1945 et
1264 1924 1380 1955 penam
1405 1914 1558 1945 indictam
1582 1914 1642 1945 sibi
1667 1914 1831 1946 confiterik
1854 1925 1917 1945 non

270 1968 383 2006 renuit,
400 1967 675 1997 animadversione
692 1969 826 2004 remota,
844 1976 940 2007 quam
957 1967 1082 2006 meruit,
1100 1970 1251 2007 patronos
1268 1970 1403 2007 vestros,
1421 1970 1546 1997 sanctos
1567 1966 1688 1997 scilicet
1703 1967 1823 2007 primos
1839 1976 1918 2007 apo-

270 2019 379 2058 stolos,
403 2029 436 2049 se
453 2018 593 2059 proficue
617 2018 733 2048 adiisse
758 2020 790 2048 et
813 2018 968 2048 salutasse
994 2018 1034 2048 de
1059 2018 1182 2059 reliquo
1207 2019 1323 2048 sentiat
1347 2021 1379 2048 et
1403 2017 1443 2049 de
1460 2021 1549 2048 tanto
1573 2018 1632 2048 sibi
1653 2017 1769 2049 collato
1786 2027 1917 2048 munere

276 2069 392 2109 letetur
404 2072 436 2099 et
448 2069 597 2110 gaudeat,
612 2072 655 2108 ut,
668 2069 722 2099 ubi
738 2068 913 2099 abundavit
928 2069 1120 2109 peceatum1,
1137 2069 1375 2109 superabundet
1391 2068 1566 2099 secundum
1579 2069 1760 2110 apostolum
1776 2069 1915 2110 gratiam.

373 2130 466 2154 DATA
485 2130 600 2153 PRIDIE
623 2130 806 2153 KALENDAS
830 2129 1037 2160 NOVEMBRIS,
1062 2130 1261 2154 INDICTIONE
1280 2130 1309 2153 X.
1937 2138 1961 2156 35

375 2285 398 2315 a)
417 2293 429 2309 s
447 2292 513 2309 eras.
533 2284 559 2308 in
571 2285 627 2316 fine
646 2283 678 2308 R.
768 2282 792 2314 b)
811 2292 867 2308 ass·
885 2284 912 2308 i‘n
930 2292 982 2307 ras.
1003 2283 1034 2307 R.
1122 2284 1144 2314 ⁰)
1164 2292 1190 2308 es
1209 2283 1239 2307 R.

375 2335 414 2360 11.
443 2335 465 2366 ³)
485 2336 588 2366 iudicia,
607 2344 618 2360 s
638 2335 665 2359 in
677 2336 732 2367 fine
751 2343 817 2360 eras.
831 2335 862 2359 R.
934 2334 958 2366 b)
974 2335 1090 2366 primum
1109 2344 1123 2359 ο
1142 2344 1208 2360 corr.
1222 2343 1252 2359 em
1270 2344 1288 2359 u
1307 2335 1338 2360 R.
1409 2334 1432 2366 c)
1452 2344 1463 2359 r
1480 2335 1508 2359 in
1525 2343 1578 2359 ras.
1598 2333 1629 2358 R.
1700 2332 1724 2364 d)
1744 2343 1756 2358 r
1774 2334 1801 2358 in
1819 2342 1874 2358 ras.
1887 2334 1919 2358 R.

271 2378 295 2410 e)
315 2386 375 2410 pec·
397 2378 425 2402 in
446 2387 499 2403 ras.
518 2378 549 2402 R.
642 2376 661 2409 s)
681 2378 801 2408 adsectis,
825 2386 836 2402 s
859 2378 886 2402 in
904 2386 957 2402 rae.
976 2378 1009 2403 R.
1105 2377 1130 2409 8)
1149 2386 1214 2402 corr.
1234 2386 1264 2402 ecc
1287 2379 1368 2402 forma
1389 2378 1424 2402 al.
1444 2386 1513 2403 man.
1533 2377 1564 2402 R.
1660 2376 1685 2408 h)
1705 2385 1771 2401 corr.
1791 2385 1821 2401 em
1843 2377 1920 2402 moris

272 2423 306 2446 al.
320 2430 390 2446 man.
403 2421 434 2445 R.
504 2419 523 2452 i)
541 2429 553 2445 s
572 2429 637 2445 corr.
652 2429 682 2445 exv
701 2429 726 2444 m
745 2420 776 2445 R.
846 2419 872 2451 k)
892 2421 930 2445 —fi-
949 2429 1015 2445 corr.
1029 2429 1059 2445 ex
1078 2424 1122 2445 -st-
1136 2420 1167 2445 R.
1238 2419 1258 2452 1)
1277 2429 1295 2446 11
1314 2429 1379 2445 corr.
1394 2429 1423 2445 ea:
1443 2428 1457 2444 0
1477 2420 1508 2445 R.
1578 2419 1610 2451 m)
1630 2428 1696 2445 corr.
1709 2428 1740 2444 ea:
1757 2420 1868 2452 gratiam
1887 2419 1919 2444 R.

273 2501 317 2533 (cf.
335 2500 484 2527 ‘Sita-Ber.
503 2500 529 2527 d.
549 2500 586 2526 W
586 2501 657 2526 tener
675 2499 824 2525 Akademie‘
848 2499 928 2532 XCJ,
950 2503 995 2526 779
1005 2500 1053 2533 sq.)
1076 2508 1136 2526 eum
1158 2499 1256 2526 editore
1279 2500 1315 2525 ad
1336 2509 1361 2527 a.
1377 2503 1423 2526 875
1448 2500 1495 2533 (cf.
1518 2500 1596 2525 etiam
1618 2500 1690 2532 Jaffe'
1715 2500 1778 2534 Rey.
1798 2499 1819 2526 I
1823 2502 1841 2532 ²,
1861 2499 1919 2533 385)
1939 2507 1965 2525 4ο

272 2543 412 2575 referenda
430 2546 499 2575 sunt,
518 2551 573 2569 non
592 2543 629 2568 ad
647 2542 717 2568 hane
735 2542 867 2576 synodum
885 2551 910 2568 a.
923 2546 978 2575 877,
999 2545 1029 2568 ut
1045 2545 1128 2576 putat
1147 2543 1261 2575 Lapdtre
1281 2543 1296 2569 l.
1310 2543 1326 2569 Z.
1344 2543 1375 2568 in
1393 2542 1564 2568 ‘Additions‘
1583 2542 1620 2568 ad
1636 2546 1730 2576 11314.

376 2600 401 2626 15
422 2599 545 2625 Fratrmn
558 2598 696 2624 Bernardt
714 2598 874 2624 marchionis
891 2598 1013 2630 Gothiae,
1034 2598 1080 2631 qui
1097 2607 1121 2624 a.
1134 2601 1186 2624 878
1204 2599 1234 2624 in
1251 2599 1371 2624 Trecensi
1387 2599 1489 2633 synodo
1507 2599 1537 2625 ob
1552 2599 1715 2625 ‘rebelliowem
1734 2607 1794 2625 cum
1808 2599 1921 2632 Hztyone

274 2642 398 2668 Lotlzarii
417 2642 455 2668 II.
474 2642 543 2675 reyis
563 2642 619 2674 filio
637 2642 770 2674 ‘illeqitimo
789 2642 889 2673 factam
908 2642 1150 2667 exeommmzicatus
1168 2644 1216 2674 est,
1240 2642 1276 2673 cf.
1294 2651 1321 2669 π.
1337 2645 1376 2668 98.
1414 2643 1472 2668 Iam
1490 2642 1574 2676 iyzsstm-
1591 2651 1616 2669 a.
1629 2646 1680 2668 876
1697 2644 1789 2667 contra
1807 2642 1921 2675 impera-

273 2687 352 2710 torem
374 2685 537 2717 conspirasse
560 2684 670 2711 ridetur.
766 2684 792 2717 2)
817 2684 1022 2716 Onesiphormn,
1046 2684 1092 2716 qui
1115 2684 1146 2709 in
1164 2683 1280 2709 secunda
1299 2683 1335 2710 ad
1357 2684 1516 2710 Timotheum
1538 2684 1649 2717 epistola
1671 2685 1702 2717 (c.
1722 2688 1749 2716 1,
1769 2687 1812 2716 16‚·
1830 2688 1859 2715 4,
1880 2684 1920 2717 19)

273 2727 393 2760 occurrit,
410 2735 460 2760 pro
477 2727 597 2754 Onesimo
612 2728 711 2761 potius,
730 2735 805 2760 quem
824 2727 920 2753 laudat
940 2727 1051 2759 epistola
1070 2726 1105 2752 ad
1123 2726 1307 2759 Philemonem,
1324 2735 1374 2761 per
1391 2735 1502 2753 errorem
1518 2727 1606 2761 ponit.
1937 2733 1962 2752 45
