2189 3042
91 750 120 771 cf.
132 751 144 769 2
153 747 200 769 Cor,
211 751 229 772 Β,
241 750 273 769 21.

79 1993 195 2014 cLHatth.
203 1994 273 2018 24,12.

285 129 348 159 435
518 125 709 151 ANASTASH
729 123 1028 151 BIBLIOTHEGARII
1047 123 1247 158 EPISTOLAE
1266 123 1348 150 SIVE
1368 124 1645 152 PRAEFATIONES
1664 126 1706 153 15.

390 210 459 237 Ed.:
487 209 630 236 Friedrich
655 211 686 236 in
707 209 959 243 ‘Siiezmysbcrichte
983 209 1030 236 cler
1047 209 1216 235 Manchener
1233 208 1388 242 Akademie,
1408 209 1557 237 Phil-hist.
1571 209 1630 236 ΚΓ
1647 211 1737 244 (1892)
1759 214 1942 246 12438—442,

284 262 316 280 m·
334 253 488 286 apographo
506 253 592 279 Heine
609 253 657 287 (cf.
670 252 733 279 ibid.
742 261 772 286 p.
786 254 890 286 3993q.)
905 264 934 275 =
953 254 1027 278 Goetz
1038 251 1205 279 ‘Gesehiehte
1223 251 1268 278 der
1286 251 1481 286 Slarenapostel
1492 252 1698 280 Konstantinus
1716 253 1866 288 (Kyrillus)
1884 255 1943 281 wnd

285 295 450 322 Methodtus’
470 295 560 329 (1392)
577 304 603 328 p.
618 299 669 322 243
689 307 718 317 =
744 295 792 321 Fr.
808 294 940 321 Pasti-mk
957 294 1072 329 ‘Deji'ny
1095 294 1267 329 slavanskych
1292 290 1411 328 apostoli}
1434 295 1535 330 Cyrilla
1554 304 1571 321 a
1591 296 1719 323 Methoda
1740 304 1753 323 s
1777 297 1907 324 rozborem
1925 305 1943 323 α

285 338 390 365 otiskcm
407 338 532 364 mar-nich
547 338 704 371 prawnem'c’
724 338 831 370 (Praha
852 340 928 371 1902)
942 347 971 372 p.
985 342 1093 371 246sqq.

286 435 418 459 smero
438 435 647 466 iinnrrisoun
666 435 779 460 linaro
799 435 997 460 Gammnico
1016 435 1167 460 EGREGIO
1186 435 1365 460 ΕΡΙΞΟΟΡΟι
1386 435 1597 461 ANAs'rAsius
1615 435 1794 461 Pac-emon
1811 436 1856 460 ΕΤ
1874 437 1944 461 Ext-

285 479 374 503 GUUs·
405 478 641 503 APOS'POLICAE
669 478 764 503 SEDIS
797 478 1080 503 BIBLIOTECARIUS
1117 478 1367 503 DEVOTISSIMUS
1401 479 1618 504 PERHEMNEM
1648 479 1740 504 ORAT
1773 479 1943 505 SALUTEM.

374 537 456 573 Quia
480 537 633 568 sanctitas
658 541 722 577 tua,
747 537 924 569 reverende
942 540 1044 578 pater,
1067 541 1196 569 sanctae
1209 538 1427 569 Veliternensi
1450 542 1581 579 praeest
1598 538 1750 570 decenter
1773 539 1942 579 ecclesiae,

284 589 338 620 ubi
362 589 483 620 scilicet
508 589 595 621 beati
620 588 795 621 Clementis
819 589 993 630 antiquitus
1016 589 1148 630 insignis
1179 589 1280 620 honor
1303 600 1375 621 cum
1405 589 1541 621 celebris
1570 591 1747 622 memoriae
1772 591 1863 622 titulo
1888 601 1941 622 co-

284 640 482 676 mendaturst,
508 651 569 671 non
594 641 741 672 inmerito
767 644 854 672 mota
878 644 927 672 est
950 640 990 671 ad
1014 640 1113 681 ipsius
1137 641 1352 672 reverentiam
1377 640 1543 672 sublimius
1568 641 1779 673 excolendam
1804 645 1836 673 et
1855 643 1942 674 vitae

284 692 434 723 meritum
469 692 509 723 ad
542 692 715 723 multorum
747 693 959 723 imitationem
993 692 1204 723 excellentius
1237 692 1499 733 praedicandum.
1550 693 1664 734 Neque
1696 694 1780 724 enim
1811 693 1941 725 aliunde

289 747 416 774 sanctus
446 753 553 775 coram
578 743 649 775 Deo
685 748 717 775 et
747 744 929 775 hominibus
974 743 1202 786 comprobariS,
1240 745 1299 775 nisi
1337 745 1412 785 quia
1441 755 1513 776 cum
1546 763 1585 767 ——
1609 745 1671 767 —¹’
1710 748 1819 776 sancte
1861 756 1943 787 quae

286 798 396 826 sancta
419 799 492 826 sunt
515 796 567 836 pio
593 795 697 826 studio
722 796 924 827 consectaris.
970 795 1055 827 Hinc
1080 796 1245 827 eiusdem0
1268 796 1369 827 sancti
1397 797 1545 838 martyris
1575 796 1676 827 multa
1699 799 1845 838 repertas
1869 806 1945 828 eura

287 846 439 888 reliquias
462 847 548 888 apud
574 847 709 878 eandem
735 848 905 879 ecclesiam
931 849 982 879 cui
998 858 1111 889 praees
1127 849 1159 878 in
1177 848 1297 889 templo
1315 847 1454 879 nominis
1479 849 1548 879 eius
1570 848 1714 889 locasti-¹,
1739 848 1812 879 hinc
1836 858 1943 879 rursus

287 899 458 929 oratoriam
484 898 614 930 domum
637 899 763 930 Romae
788 900 888 930 mirae
917 899 1139 941 pulcritudinis
1168 899 1357 940 aedificasti,
1388 900 1461 930 hinc
1491 902 1592 931 totum
1617 900 1791 941 acquisitae
1815 910 1942 941 posses-

286 951 384 981 sionis
413 953 488 981 tuae
513 951 739 991 patrimonium
769 951 830 992 ipsi
862 951 957 982 beato
984 950 1143 982 Clementi
1167 962 1205 982 ac
1228 961 1287 992 per
1311 962 1383 982 cum
1409 951 1538 983 domino
1562 951 1633 983 Deo
1658 951 1829 982 salubriter
1852 951 1942 983 dedi-

286 1002 377 1041 casti,
408 1002 481 1033 hinc
505 1003 603 1033 etiam
626 1003 693 1033 viro
722 1003 915 1043 peritissimo
941 1003 1076 1034 Iohanni
1101 1003 1196 1044 digno
1223 1002 1340 1034 Christi
1368 1003 1510 1034 levitae2
1534 1003 1741 1034 scribendae(³
1767 1004 1835 1034 eius
1857 1003 1942 1034 vitae

287 1057 377 1085 actus
402 1057 434 1085 et
463 1054 619 1094 passionis
648 1053 813 1085 historiam
838 1065 878 1085 ex
909 1054 1107 1086 diversorum
1139 1054 1290 1096 colligere
1314 1055 1502 1086 Latinorum
1526 1055 1740 1086 voluminibus
1770 1054 1910 1085 institisti
1921 1054 1942 1085 ³.

286 1105 339 1136 Ad
371 1108 549 1137 extremum
581 1105 653 1136 hinc
683 1116 810 1147 quoque
834 1106 911 1137 mihi
941 1107 1070 1147 exiguo,
1098 1109 1142 1146 ut,
1174 1107 1199 1137 si
1224 1117 1287 1148 qua
1311 1106 1350 1138 de
1379 1107 1449 1147 ipso
1480 1106 1566 1147 apud
1590 1105 1712 1138 Grecos
1739 1106 1943 1146 invenissem,

286 1157 423 1188 Latinae
440 1157 602 1188 traderem
625 1157 765 1198 linguae,
790 1167 887 1198 saepe
911 1157 1077 1198 iniungere
1095 1157 1232 1188 voluisti.
1269 1157 1366 1188 Cuius
1388 1158 1537 1188 nimirum
1561 1168 1633 1189 cum
1650 1167 1756 1189 rerum
1780 1161 1944 1199 gestarum

286 1212 529 1239 monumentum
557 1208 621 1239 iam
645 1209 779 1239 Latinus
808 1208 946 1240 habeatf
967 1209 1090 1249 stilus4,
1115 1209 1169 1240 illa
1197 1212 1321 1240 tantum
1345 1212 1514 1240 occurrunt
1537 1209 1641 1240 adhuc
1664 1209 1811 1240 Romano
1841 1213 1943 1240 trans-

287 1259 421 1291 ferenda
451 1261 605 1299 sermoni,
636 1270 719 1301 quae
751 1260 978 1292 Constantinus
1002 1261 1276 1292 Thesalonicenus
1306 1261 1537 1302 philosophus⁵
1560 1261 1608 1292 vir
1637 1260 1835 1302 apostolicae
1859 1261 1943 1292 vitae

287 1322 384 1353 super
414 1312 560 1343 eiusdem
591 1313 798 1353 reliquiarum
831 1313 918 1344 beati
950 1313 1126 1344 Clementis
1157 1313 1340 1344 inventione
1372 1313 1469 1354 paulo
1502 1315 1576 1344 ante
1608 1313 1783 1354 descripsit.
1821 1312 1944 1344 Verum

288 1365 362 1405 quia
395 1364 600 1405 reliquiarum
633 1364 726 1395 huius
758 1365 949 1395 inventionis
982 1364 1116 1396 fecimus
1147 1365 1355 1404 mentionem,
1387 1365 1463 1396 licet
1493 1364 1579 1396 idem
1615 1365 1868 1406 sapientissimus
1897 1364 1944 1395 vir

288 1416 385 1446 tacito
410 1416 537 1458 nomine
567 1426 624 1446 suo
654 1417 683 1445 in
714 1416 846 1447 storiola
878 1427 935 1447 sua
967 1417 1105 1457 qualiter
1135 1420 1207 1447 acta
1234 1416 1275 1447 sit
1298 1416 1430 1447 strictim
1461 1419 1703 1457 commemoret,
1735 1426 1796 1457 ego
1824 1419 1942 1456 tamen,

289 1479 370 1508 quae
395 1468 467 1498 hinc
491 1468 559 1509 ipse
583 1467 632 1497 his
656 1468 761 1499 verbis
786 1478 935 1499 enarrare
959 1469 1071 1499 solitus
1096 1472 1174 1508 erat,
1206 1468 1396 1509 compendio
1422 1467 1572 1508 pandam.
1618 1467 1743 1499 ‘Oum'fl
1766 1469 1868 1509 inquit
1891 1467 1942 1499 ‘ob

287 1523 466 1550 nostrorum
492 1520 617 1560 copiam
643 1522 848 1560 peccatorum
876 1520 1063 1550 miraculum
1089 1519 1201 1550 marini
1230 1530 1385 1560 recessus,
1409 1519 1495 1561 quod
1526 1520 1608 1551 inter
1640 1520 1702 1550 alia
1732 1519 1825 1550 huius
1854 1519 1943 1550 beati

289 1570 463 1601 Clementis
487 1571 641 1601 miracula
664 1571 858 1609 lectitatur7,
883 1570 969 1611 apud
994 1569 1168 1601 Cersonem
1197 1581 1286 1601 more
1317 1570 1410 1601 solito
1440 1581 1458 1600 a
1488 1571 1596 1602 multis
1628 1563 1713 1601 retro
1744 1570 1942 1612 temporibus

287 1622 357 1653 fieri
387 1623 518 1652 minime
549 1625 734 1653 cerneretur
760 1641 797 1643 —
822 1632 909 1652 mare
934 1623 1053 1663 quippe
1085 1623 1199 1653 fluctus
1231 1633 1305 1653 suos
1337 1622 1379 1653 ad
1411 1623 1563 1653 nonnulla
1591 1625 1748 1654 retractos
1778 1623 1882 1663 spatia
1911 1623 1942 1653 in

288 1673 435 1714 proprios
459 1673 545 1704 sinus
569 1673 745 1713 collegerat
769 1692 817 1713 —,
843 1674 950 1714 coepit
973 1674 1110 1715 populus
1134 1684 1153 1704 a
1168 1674 1374 1705 veneratione
1400 1673 1511 1715 templi
1542 1673 1626 1705 illius
1654 1674 1809 1715 paulatim
1832 1677 1940 1715 tepes-

289 1734 361 1755 cere
386 1728 418 1755 et
441 1735 460 1755 a
483 1725 693 1765 profectione,
719 1735 781 1765 qua
805 1725 880 1756 illuc
903 1735 922 1756 a
945 1725 1092 1756 fidelibus
1118 1729 1150 1756 et
1173 1726 1374 1766 potissimum
1393 1725 1445 1756 die
1461 1726 1575 1757 natalis
1593 1726 1681 1757 eiusfl
1698 1726 1940 1767 properabatur,

290 1776 528 1817 quodammodo
553 1776 669 1817 pedem
695 1776 895 1816 subtrahere,
920 1777 1093 1818 praecipue
1119 1787 1189 1808 cum
1213 1778 1245 1807 in
1270 1777 1445 1808 confinibus
1468 1777 1521 1808 ille
1546 1778 1587 1807 sit
1608 1777 1748 1808 Romani
1770 1778 1859 1808 locus
1882 1779 1942 1808 im-

288 1829 368 1868 perii
393 1831 426 1859 et
449 1838 467 1858 a
493 1828 625 1858 *liversis
649 1827 857 1859 barbarorum
882 1838 979 1869 quam
1002 1828 1142 1860 maxime
1166 1828 1348 1859 nationibus
1365 1828 1595 1870 frequentetur.
1643 1828 1808 1860 Subducto
1831 1830 1942 1871 itaque

288 1879 456 1919 miraculo,
488 1890 550 1920 quo
581 1879 740 1915 carnales,
771 1883 806 1909 ut
829 1890 898 1910 mos
926 1890 959 1910 se
991 1879 1105 1920 habet,
1136 1880 1246 1921 populi
1277 1879 1531 1921 delectabantur,
1563 1886 1595 1910 et
1625 1883 1789 1911 crescente
1820 1881 1942 1912 circun-

288 1940 415 1972 quaque
440 1930 643 1961 multitudine
667 1941 877 1971 paganorum,
903 1941 966 1972 qua
990 1934 1062 1962 sunt
1085 1931 1275 1962 infirmiores
1292 1933 1410 1973 quique
1435 1932 1520 1962 soliti
1544 1932 1710 1972 deterreri,
1734 1932 1833 1964 immo
1858 1933 1942 1974 quia,

290 1987 324 2013 ut
349 1983 534 2023 evangelice
560 1982 775 2023 perhibeatur,
800 1982 999 2014 habundavit
1021 1983 1182 2024 iniquitas,
1206 1983 1354 2025 refriguit
1378 1984 1493 2014 caritas
1515 1983 1699 2023 multorum,
1725 1984 1870 2015 desertus
1894 1986 1944 2015 est

288 2037 321 2065 et
344 2035 446 2065 factus
471 2033 690 2065 inhabitabilis
713 2034 811 2073 locus,
837 2033 1034 2065 destructum
1058 2035 1215 2076 templum
1240 2038 1273 2066 et
1299 2038 1367 2066 tota
1397 2035 1453 2066 illa
1481 2046 1555 2076 pars
1580 2034 1771 2066 Gersonicae
1802 2035 1942 2077 regionis

287 2085 520 2126 propemodum
543 2085 689 2116 desolata
713 2088 770 2124 est,
795 2086 840 2116 ita
863 2089 898 2116 ut
922 2086 995 2116 vixg
1012 2085 1161 2117 Cersonis
1186 2087 1355 2127 episcopus
1378 2087 1460 2117 intra
1485 2086 1621 2118 eandem
1645 2087 1758 2118 urbem
1784 2097 1855 2118 cum
1879 2097 1942 2118 non

393 2232 431 2258 15.
460 2231 484 2261 θ’)
505 2233 547 2258 Sic
560 2233 615 2257 cod.
679 2232 702 2263 b)
722 2234 775 2264 spic
789 2241 849 2264 erga
862 2233 930 2261 cod„-
948 2235 1074 2266 sapientia
1087 2235 1151 2259 co⁷zi.
1169 2234 1314 2267 Olmsorqe;
1331 2235 1422 2267 spiritu
1436 2243 1496 2266 ergo
1509 2239 1599 2260 sancto
1612 2234 1758 2260 Friedrich.
1825 2234 1846 2266 c)
1860 2235 1940 2260 eidem

287 2277 341 2301 eorl.
412 2274 436 2308 d)
456 2275 564 2307 locays'sti
584 2279 596 2300 1
618 2276 663 2300 litt.
677 2283 754 2300 erasa
773 2276 827 2301 cod.
900 2276 921 2306 θ)
942 2277 1077 2302 scribenda
1096 2277 1151 2303 cod.
1222 2276 1242 2310 f)
1262 2278 1375 2302 habebat
1394 2278 1448 2302 coel.
1519 2277 1544 2308 Β)
1564 2278 1608 2302 ubi
1628 2278 1683 2303 coel.

391 2361 417 2393 1>
434 2359 673 2393 Veliternensig'ca.
687 2363 824 2387 867-879.
886 2360 911 2393 2)
935 2360 975 2392 Cf.
988 2369 1073 2394 supra
1083 2369 1111 2394 p.
1121 2366 1169 2388 419
1182 2370 1247 2387 ann.
1257 2366 1276 2387 1.
1337 2362 1364 2395 3)
1385 2361 1426 2394 Cf.
1437 2362 1639 2395 praefationem
1654 2361 1801 2388 Gauderici
1812 2362 1844 2388 in
1862 2362 1943 2388 vitam

286 2411 306 2430 s.
322 2403 461 2430 Clementis
480 2403 601 2430 Iohanni
619 2403 696 2430 VIII.
712 2411 801 2436 papae
819 2403 934 2435 missam,
954 2403 991 2430 ed.
1013 2404 1146 2431 Mabillon
1166 2405 1291 2431 Museum
1310 2405 1438 2431 Italicum
1456 2406 1544 2439 (1724)
1567 2405 1593 2438 Ι,
1607 2409 1622 2432 2
1637 2409 1706 2439 p.79
1732 2408 1756 2432 et
1775 2405 1943 2431 Bibliotheca

289 2446 442 2472 casinensis
460 2446 508 2472 IV
524 2446 615 2479 (1880)
635 2446 812 2480 Florileyizmz
834 2445 977 2473 Casinense
996 2447 1047 2479 IV,
1060 2451 1117 2474 373.
1157 2447 1232 2482 Quae
1255 2451 1401 2482 supersunt
1422 2448 1504 2474 huius
1529 2449 1614 2482 operis
1636 2449 1787 2482 fraymenta
1809 2448 1865 2481 (tib.
1877 2448 1901 2475 I.
1920 2450 1943 2474 et

287 2489 397 2515 'initium
423 2489 484 2514 libri
505 2489 555 2522 II.)
574 2489 803 2523 ed.FloriIetyi1mz
823 2489 970 2516 Casinense
990 2491 1041 2522 IV,
1054 2494 1102 2517 374
1126 2493 1150 2517 et
1169 2491 1336 2518 Bibliotheca
1356 2491 1512 2518 Casinensis
1531 2491 1582 2524 IV,
1596 2495 1651 2518 267.
1690 2491 1780 2517 Extat
1800 2493 1942 2525 practerea

291 2531 447 2557 Translatio
465 2540 485 2558 s.
503 2531 644 2558 Clementis
664 2531 739 2558 Vitae
753 2531 928 2558 Constantini
940 2531 1040 2558 Latine
1058 2533 1171 2565 scriptae
1188 2533 1296 2565 inserta,
1315 2542 1383 2568 quae
1401 2535 1522 2567 quamvis
1540 2543 1596 2561 non
1613 2535 1796 2569 fragmentum
1814 2533 1943 2567 deperditi

287 2575 361 2601 rillius
378 2575 463 2608 operis
481 2582 532 2601 esse
551 2575 680 2608 rideatur,
699 2577 790 2601 tamen
808 2574 884 2601 haud
902 2575 956 2600 scio
973 2583 1011 2600 an
1025 2578 1133 2608 praeter
1151 2576 1218 2602 alios
1235 2576 1322 2608 fontes
1340 2585 1372 2603 ex
1392 2577 1537 2603 Gaudeo-ici
1562 2578 1628 2604 libro
1646 2577 1775 2611 quaedam
1797 2577 1942 2610 sumpserit

288 2617 337 2647 (ed.
352 2617 479 2644 Bolland.
499 2618 571 2644 Aeta
592 2617 769 2644 Sanctorum³
794 2621 816 2644 9.
832 2617 916 2644 Mart.
943 2618 983 2649 II,
997 2618 1072 2651 ⁴420).
1200 2619 1226 2651 4)
1250 2619 1314 2646 Scit.
1328 2619 1534 2654 Recoynitioues
1558 2628 1578 2647 s.
1602 2620 1748 2654 Clementis,
1774 2627 1841 2653 quas
1863 2620 1941 2646 vertit

288 2660 414 2693 Rufinus,
422 2660 459 2686 ecl.
472 2660 706 2694 Gersdorf(1838).
768 2661 795 2693 5)
808 2660 848 2692 Of.
856 2668 940 2693 supra
951 2669 978 2693 p.
987 2665 1039 2687 407
1051 2669 1116 2687 [mn.
1124 2665 1147 2688 2.
1219 2662 1246 2695 6)
1262 2662 1328 2688 Oum
1336 2662 1384 2694 his,
1397 2670 1466 2696 quac
1478 2666 1636 2697 sequantur,
1656 2664 1691 2696 cf.
1700 2664 1770 2690 Aeta
1783 2662 1941 2689 Sanctorum

287 2703 303 2729 ἶ.
317 2703 333 2730 Ζ.
351 2712 379 2736 p.
399 2703 668 2736 *2oF—*21Afiz
692 2711 776 2737 supra
802 2712 868 2730 ann.
887 2705 921 2736 3).
1044 2705 1070 2736 7)
1098 2704 1138 2737 Cf.
1158 2704 1281 2738 Epitome
1308 2705 1528 2732 Clementiam-mn
1553 2707 1632 2739 prior
1656 2714 1715 2740 cap.
1740 2708 1791 2738 173,
1816 2705 1940 2738 Fhoitome

287 2746 373 2771 altera
391 2754 448 2779 cap.
465 2750 515 2779 185,
535 2746 573 2773 ecl.
590 2747 628 2774 M.
645 2747 753 2773 Dressez
770 2748 859 2780 (1859)
873 2754 901 2779 p.
916 2751 968 2779 114,
980 2750 1035 2773 232.
1141 2747 1168 2780 8)
1187 2747 1312 2774 Noremb.
1326 2751 1364 2775 23.

1971 704 1996 724 1⁰

1971 962 1996 981 15

1971 1219 1997 1239 20

1970 1477 1994 1496 25

1969 1738 1995 1758 ³0

1970 1995 1994 2015 ³5

1968 2377 1994 2397 40

1968 2591 1993 2610 45
