2189 3042
706 164 884 191 IOHANNIS
904 164 978 191 VIII.
998 165 1117 191 PAPAE
1140 164 1338 192 EPISTOLAE
1360 165 1418 191 218.
1438 166 1496 193 219.
1863 169 1922 198 195

371 278 502 313 SANC'rlgl
525 276 804 302 CONGREGATIONI
827 276 937 300 SUMMI
960 276 1211 300 APOSTOLORUM
1234 275 1400 300 PRINCIPIS
1424 275 1524 299 PETRI
1548 276 1684 311 ctleOBII
1706 276 1826 301 NOSTRI

965 318 1234 342 PUL'FAR1ENSIS1.

385 371 566 412 Cognoscat
599 380 656 410 pro
692 372 777 400 certo
813 369 996 400 fraternitas
1024 372 1131 400 vestra
1166 380 1222 400 nos
1256 369 1384 400 relectis
1418 369 1532 400 litteris
1565 370 1700 400 vestris2
1734 381 1791 411 pro
1827 373 1923 403 tantis

276 421 534 461 adversitatibus,
559 432 637 462 quas
660 421 700 451 ab
723 421 839 461 iniquis
863 420 994 451 cottidie
1018 421 1179 451 sustinetis
1203 420 1397 461 hominibus,
1421 421 1515 451 valde
1539 421 1646 452 tristes
1670 422 1818 463 existere,
1843 434 1923 464 quo-

245 487 255 505 n
274 474 370 513 niam,
395 474 475 503 sicut
499 472 538 503 de
555 474 660 503 vestra
684 472 896 512 prosperitate
920 471 1107 512 gaudenluS,
1132 472 1176 502 ita
1193 482 1320 513 quoque
1346 475 1377 502 et
1401 472 1440 502 dc
1457 476 1564 503 vestra
1588 472 1792 504 tribulatione
1816 475 1923 505 trista-

274 535 354 555 mur.
399 523 494 554 Unde
522 523 666 554 volentes
699 525 840 553 sanctam
872 523 1156 563 congregationem
1183 526 1321 553 vestram
1351 526 1463 564 utpote
1495 523 1697 555 Dominicnm
1730 535 1862 566 gregem
1891 527 1923 557 in

273 576 343 616 ipso
362 574 580 615 apostolorum
597 574 739 614 principe
757 573 847 603 nobis
864 574 1067 604 commissum
1084 575 1239 605 salutema
1256 577 1288 605 et
1305 575 1446 616 quietem
1464 575 1594 615 habere,
1620 575 1794 607 direximus
1810 588 1922 608 secun-

275 627 351 657 dum
366 626 555 667 petitionem
573 627 711 655 vestram
733 628 856 655 nostras
880 625 1072 665 apostolicas
1092 625 1215 656 litteras
1231 625 1371 656 Bosonib
1388 627 1527 667 glorioso
1544 627 1701 668 principi-⁹·
1726 631 1758 659 et
1774 628 1922 670 Hugonic

274 678 470 709 nobilissimo
501 676 633 708 abbati4
662 675 841 717 petentesd,
870 677 1019 716 quatinus
1048 687 1105 716 pro
1133 676 1195 708 Dei
1223 681 1468 718 sanctorumque
1499 678 1717 719 apostolorum
1746 681 1923 721 principum

232 741 256 760 ιο
274 730 364 760 Petri
388 739 425 760 ac
448 728 542 759 Pauli
565 738 675 759 amore
698 730 870 768 nostraque
895 727 1066 758 dilectione
1091 738 1145 768 sue.
1176 727 1370 758 defensionis
1398 730 1551 760 auxilium
1576 730 1666 761 vobis
1689 731 1863 771 inpendant
1891 736 1924 763 et

274 784 384 812 contra
407 780 470 811 Dei
494 783 590 821 atque
614 790 725 810 omnes
748 782 871 810 vestros
895 779 1115 809 adversarios⁹
1138 790 1266 810 manum
1290 791 1344 820 sue
1370 781 1512 821 potentie
1538 782 1725 823 extendant,
1756 786 1790 813 ut
1814 783 1922 824 quiete

274 843 311 864 ac
334 833 489 864 securiter
512 832 668 872 degentes
691 831 817 862 debitas
840 831 978 862 Domino
1006 830 1119 861 laudes
1148 831 1332 871 persolvere
1363 842 1400 862 ac
1430 843 1486 872 pro
1517 833 1608 863 nobis
1638 836 1670 864 et
1693 835 1779 864 omni
1803 835 1922 875 populo

274 884 453 916 Christiano
484 883 618 914 valeatis
649 883 900 924 omnipotentem
928 883 1101 913 Dominum
1133 882 1301 923 deprecari
1331 887 1364 914 et
1398 894 1448 914 res
1478 885 1578 915 sancti
1608 887 1706 916 nostri
1738 887 1923 917 monasterii

274 935 445 977 tranquilla
480 937 588 966 mente
623 935 792 976 disponere
828 945 942 976 regere
977 945 1014 965 ac
1049 934 1223 965 secundum
1251 934 1357 965 Deum
1390 935 1576 976 dispensare
1611 937 1763 977 possitisf.
1820 938 1922 970 Porro

231 999 254 1018 1⁵
275 988 441 1029 exemplar
462 988 560 1028 ipsius
584 988 782 1027 testamenti,
816 997 873 1028 per
897 986 982 1027 quod
1006 986 1169 1017 Gerardus
1192 986 1274 1027 bone
1299 988 1452 1027 memorie
1478 997 1586 1018 comes
1615 998 1677 1018 una
1708 999 1779 1020 cum
1803 990 1924 1020 Bertag

274 1039 435 1081 quondam
460 1040 594 1080 coniuge
618 1049 676 1070 sua
699 1040 784 1080 ipsas
807 1049 859 1069 res
882 1038 1078 1079 principibus
1101 1039 1321 1079 apostolorum
1345 1038 1442 1069 Petro
1468 1042 1500 1070 et
1522 1039 1624 1070 Paulo
1649 1040 1812 1080 tradidit5,
1837 1041 1924 1073 bulla

272 1091 409 1122 nominis
443 1091 541 1122 nostri
576 1092 733 1121 munitum
767 1090 947 1132 Ansegisoh
982 1090 1246 1131 archiepiscopo‘3
1283 1093 1315 1121 et
1349 1090 1555 1121 Chuonradoi
1591 1092 1697 1122 comiti
1710 1092 1732 1131 ⁷,
1769 1092 1801 1122 in
1836 1094 1923 1123 cuius

273 1144 428 1174 comitatu
451 1143 520 1183 ipse
544 1153 595 1173 res
618 1142 849 1181 continenturk,
874 1153 932 1183 per
952 1146 1136 1183 presentem
1158 1143 1304 1173 nuntium
1320 1146 1461 1173 vestrum
1484 1142 1659 1173 direximus
1668 1144 1689 1174 8.
1724 1143 1792 1174 Vos
1815 1144 1923 1185 itaque

272 1194 396 1235 videte,
420 1195 446 1225 si
470 1194 509 1225 de
533 1194 582 1225 his
606 1193 752 1225 omnibus
776 1194 877 1225 adiuti
899 1194 1024 1224 fueritis
1048 1196 1104 1224 aut
1125 1205 1203 1234 non,
1235 1198 1267 1225 et
1290 1194 1381 1225 nobis
1404 1195 1599 1234 renuntiate,
1623 1198 1658 1224 ut
1682 1195 1769 1236 quali
1793 1196 1923 1226 consiIio

229 1260 254 1278 20
273 1245 398 1277 meliori
421 1247 620 1287 potuerimus
643 1256 700 1276 vos
722 1245 932 1277 libentissime
957 1245 1124 1276 adiuvarel
1147 1256 1304 1277 curemus.
1349 1246 1600 1277 Fraternitatem
1617 1250 1755 1277 vestram
1780 1250 1923 1278 orantem

274 1308 331 1338 pro
355 1297 447 1329 nobis
470 1297 653 1328 Dominusffl
677 1297 826 1339 dignetur
849 1307 1039 1328 conservare
1063 1298 1265 1328 incolumem.

1030 1470 1034 1477 ²
1063 1463 1135 1492 219.

380 1521 539 1553 Iohannes
561 1521 654 1552 VIII.
673 1531 764 1560 papa
787 1521 950 1561 Huyoncm
977 1522 1116 1553 abbatem
1146 1523 1185 1561 (s.
1202 1521 1357 1552 Germani
1379 1521 1681 1559 Autissiodorensis)
1704 1522 1859 1559 hortatur,
1890 1524 1926 1552 ut

272 1573 433 1604 monachis
455 1573 712 1604 Pultariensibus
734 1572 893 1604 auxilium
916 1575 1023 1604 eontra
1047 1573 1245 1605 adversarios
1268 1573 1438 1612 impendat.
1734 1574 1838 1614 (879.)

386 1640 459 1667 Cocl.:
488 1640 515 1667 R
532 1643 553 1675 f.
567 1643 611 1668 87¹
630 1650 656 1668 n.
669 1645 725 1667 220.

230 1704 254 1723 25
376 1692 465 1718 Edd.:
493 1692 586 1718 Editio
601 1693 725 1718 Romana
741 1693 824 1727 (1591)
843 1693 898 1725 ΙΙΙ,
917 1698 965 1719 445
982 1697 1066 1719 21:211
1087 1705 1118 1715 Ξ
1138 1693 1262 1719 Εἰνηιοηά
1286 1693 1362 1720 Cone.
1377 1696 1433 1719 ant,
1450 1693 1554 1720 Galliae
1573 1693 1630 1726 III,
1650 1697 1702 1719 495
1722 1702 1746 1719 n.
1761 1697 1800 1720 62.
1833 1694 1927 1719 Mansa·

275 1734 352 1762 Cone.
365 1736 419 1761 coll.
436 1736 533 1769 XVII,
552 1740 596 1763 159
613 1744 640 1762 n.
654 1739 707 1763 211.
744 1736 838 1770 Miyne
856 1736 930 1762 Patr.
944 1737 990 1762 lat.
1005 1736 1145 1769 CXXVI,
1165 1740 1214 1762 879
1232 1745 1258 1763 n.
1272 1740 1325 1763 255.
1345 1752 1376 1756 —-
1395 1737 1469 1769 Jaffe'
1490 1737 1554 1770 Refs.
1570 1740 1637 1763 3283
1655 1737 1734 1770 (2502
1744 1737 1780 1770 a).

686 1824 835 1848 DILECTO
858 1823 949 1848 FILIO
972 1825 1106 1849 HUGONI
1128 1825 1345 1849 NOBILISSIMO
1364 1825 1518 1849 ABBAT1⁹.

382 1878 509 1914 Quanta
533 1889 589 1910 vos
617 1879 789 1910 dilectione
814 1882 1019 1921 quantoquea
1041 1883 1148 1921 nostre
1176 1881 1378 1921 paternitatis
1402 1882 1493 1922 quasi
1521 1881 1649 1911 unicum
1677 1880 1776 1912 filium
1801 1880 1924 1912 dilexe-

273 1930 370 1960 rimus
400 1929 533 1971 affectu,
563 1940 604 1961 ex
628 1941 682 1971 eo,
708 1941 769 1972 quo
793 1934 934 1962 vestram
959 1931 1128 1963 sublimem
1152 1933 1360 1973 cognovimus
1384 1933 1595 1973 sagacitatem
1626 1935 1658 1964 et
1685 1932 1834 1974 gloriam,
1864 1933 1925 1973 ipsi

231 1996 255 2015 30
274 1981 495 2012 abundanterb
518 1981 674 2022 recolitis,
705 1982 856 2023 quoniam
887 1985 919 2013 et
947 1985 1053 2014 vestra
1080 1993 1137 2014 nos
1166 1982 1379 2014 excellentia0
1402 1983 1502 2014 veluti
1531 1986 1656 2024 patrem
1685 1983 1861 2024 spiritalem
1893 1983 1924 2013 in

273 2033 419 2064 omnibns
449 2033 555 2064 colere
584 2036 616 2064 et
643 2033 802 2064 honorare
831 2034 938 2065 animo
963 2034 1134 2075 tranquillo
1159 2035 1289 2065 curavit.
1337 2034 1408 2070 Quo
1432 2034 1583 2065 videlicet
1611 2038 1720 2074 mutue
1745 2034 1925 2065 dilectionis

274 2084 384 2125 federe
408 2084 530 2116 illibato
556 2086 665 2116 confisi
688 2087 918 2118 monasterium
942 2088 1043 2118 sancti
1061 2087 1159 2127 Petri,
1176 2087 1263 2128 qnod
1286 2087 1469 2129 appellatur
1485 2088 1689 2119 Pultariense
1714 2091 1746 2119 et
1762 2087 1925 2119 Gerardus

274 2137 436 2178 quondam
461 2147 569 2168 comes
587 2137 626 2168 de
650 2138 745 2169 rebus
769 2138 832 2169 suis
848 2139 984 2179 perfecit
1007 2142 1104 2180 atque
1122 2139 1244 2170 dotavit
1268 2142 1433 2171 et'sancto
1450 2139 1548 2171 Petro
1572 2139 1752 2179 tradidit10,
1776 2140 1924 2180 petimus,

274 2191 309 2219 ut
324 2191 432 2219 vestra
454 2189 486 2219 in
502 2189 648 2220 omnibns
663 2190 798 2220 tuitione
822 2189 1001 2230 adiuvetur,
1019 2191 1094 2231 quia
1111 2191 1236 2230 fratres,
1255 2191 1308 2232 qui
1332 2201 1414 2222 nunc
1439 2192 1470 2222 in
1495 2202 1533 2222 eo
1556 2192 1732 2222 consistunt
1748 2194 1781 2221 et
1797 2190 1925 2222 sedulas

229 2313 253 2332 35
375 2304 434 2330 218.
463 2304 486 2336 ε“)
504 2306 606 2330 saluum
625 2306 657 2331 R.
764 2306 787 2338 b)
807 2307 823 2331 b
842 2315 908 2331 corr.
928 2315 958 2331 ea:
978 2316 994 2332 u
1014 2307 1044 2331 R.
1150 2307 1172 2339 e)
1192 2308 1289 2333 huuoni
1308 2308 1340 2333 R.
1447 2307 1470 2339 d)
1490 2317 1555 2333 corr.
1575 2317 1605 2333 eac
1624 2312 1740 2341 potentes
1759 2308 1794 2332 al.
1808 2316 1876 2332 man.
1892 2307 1923 2332 R.

274 2349 296 2379 e)
317 2349 459 2374 aversarios
478 2349 510 2373 R.
606 2347 625 2381 f)
645 2350 731 2382 positis
750 2349 782 2375 R.
879 2348 904 2382 g)
924 2354 997 2374 uei-ta
1014 2350 1048 2375 R.
1145 2350 1171 2381 h)
1191 2352 1295 2384 angesio
1314 2351 1346 2375 R.
1442 2351 1459 2381 i)
1479 2351 1626 2376 cobuurado
1644 2351 1676 2375 R.
1764 2349 1790 2381 k)
1809 2358 1874 2374 corr.
1894 2358 1924 2374 ea:

272 2392 418 2416 continetur
436 2392 471 2416 al.
484 2400 554 2417 man.
568 2391 599 2417 R.
688 2391 705 2424 l)
724 2401 741 2417 v
759 2401 825 2418 corr.
839 2401 869 2418 ex
889 2394 904 2418 b
923 2393 969 2432 R'.
1044 2392 1076 2425 m)
1095 2394 1154 2418 dm
1176 2394 1205 2419 R.

375 2443 434 2468 219.
462 2443 486 2476 ¹²)
505 2452 571 2469 corr.
585 2452 615 2469 ea:
633 2448 783 2476 quantaque
802 2445 833 2470 R.
920 2444 945 2477 b)
964 2446 1145 2471 habundanter
1164 2446 1195 2471 R.
1284 2445 1306 2478 C)
1325 2455 1349 2470 m
1370 2447 1396 2470 ι’τι
1409 2448 1465 2479 fiune
1483 2447 1532 2471 del.
1552 2446 1585 2472 R.

376 2527 401 2559 1)
415 2527 597 2560 ‘Poutlzibresss
615 2528 683 2555 dioc.
696 2528 884 2562 Linqonensis.
916 2530 955 2561 Cf.
965 2530 1137 2564 privileyimn
1156 2539 1173 2556 α
1186 2530 1306 2556 Iohanne
1322 2530 1405 2557 VIII.
1425 2539 1450 2556 α.
1464 2533 1514 2556 878
1532 2529 1602 2562 Sept.
1616 2533 1649 2556 20
1667 2537 1817 2555 concessam
1835 2528 1924 2561 (Jaffii

229 2579 255 2597 40
275 2570 342 2604 Rey.
357 2570 439 2603 3186).
528 2571 554 2604 2)
576 2571 651 2604 Quae
669 2580 726 2597 non
743 2574 855 2598 eoestant.
943 2573 970 2605 3)
992 2572 1033 2605 Cf.
1052 2581 1080 2599 n.
1093 2577 1146 2599 2:21.
1234 2574 1261 2606 4)
1285 2573 1324 2605 Cf.
1344 2581 1392 2600 om.
1406 2577 1464 2606 219,
1483 2576 1540 2599 220.
1633 2574 1660 2605 5)
1682 2572 1719 2603 Cf.
1738 2574 1923 2597 testamentum

274 2612 385 2639 Geraldi
403 2613 506 2639 comitis
525 2613 746 2647 Rossz'lionensis,
769 2614 924 2647 fzcmlatoris
942 2616 1158 2642 monasteriorwn
1177 2616 1355 2642 Pmltariensis
1381 2619 1406 2642 et
1425 2616 1618 2647 Vizeliacensis,
1644 2618 1668 2641 et
1687 2615 1783 2641 Bertae
1801 2614 1922 2648 coniugis

271 2664 296 2682 α.
309 2658 365 2688 863,
385 2664 429 2689 ap.
442 2656 514 2682 Hist.
530 2656 713 2683 Vizeliaccozsis
731 2665 809 2690 mona,
830 2660 901 2685 auct.
914 2658 1031 2693 Hecyom
1042 2658 1203 2692 Pictavensi,
1221 2659 1327 2685 notario
1347 2659 1474 2685 Gnilelmi
1491 2659 1549 2684 abb.
1566 2658 1759 2690 Vizeliaeeusis,
1779 2657 1819 2683 lib.
1834 2657 1853 2682 I
1870 2656 1921 2690 (ed.

270 2698 410 2733 D'Achery
428 2699 599 2733 spicileyium
618 2700 657 2732 II,
675 2701 744 2733 498).
832 2701 858 2734 6)
878 2700 1033 2734 Senonensi,
1051 2702 1085 2733 ef.
1098 2711 1125 2728 η.
1139 2706 1179 2733 24,
1194 2710 1222 2735 p.
1237 2706 1268 2728 :22
1288 2704 1379 2727 annot.
1395 2705 1418 2728 3.
1504 2702 1530 2734 7)
1551 2701 1706 2733 Parisiensi,
1727 2700 1762 2731 cf.
1777 2699 1922 2725 Ilincmari

272 2742 347 2768 Ann.
366 2741 403 2768 acl
425 2751 450 2768 a.
470 2746 519 2768 879
542 2743 592 2776 (ed.
609 2743 700 2769 Waitz
719 2752 748 2777 p.
767 2745 927 2778 148-150).
1015 2745 1040 2778 8)
1061 2745 1134 2771 Haec
1151 2745 1316 2777 confirmatio
1338 2752 1385 2770 nec
1402 2745 1435 2770 in
1453 2744 1564 2778 v'eyislro
1581 2751 1627 2769 nec
1645 2743 1707 2768 alibi
1726 2736 1800 2769 nobis
1818 2743 1920 2767 serrata

230 2791 255 2810 45
274 2787 318 2810 est.
407 2786 432 2819 9)
454 2785 482 2812 S.
497 2785 626 2812 Germani
644 2787 896 2820 Autissiodorensis,
914 2788 949 2820 cf.
968 2795 1054 2821 supra
1072 2796 1098 2814 n.
1113 2792 1166 2820 105,
1181 2796 1209 2821 p.
1227 2792 1258 2815 98
1277 2790 1370 2814 annot.
1384 2791 1406 2813 2.
1496 2788 1538 2819 10)
1561 2786 1602 2817 Cf.
1622 2788 1713 2812 annot.
1727 2790 1748 2812 5.

1665 2840 1714 2866 25²³*
