2189 3042
129 702 153 722 10

131 1119 154 1137 15

83 1933 88 1938 ¹
135 1931 160 1950 30

135 2190 160 2208 35

138 2521 164 2539 40

139 2773 165 2792 45

616 147 793 175 IOHANNIS
812 147 886 173 VIII.
906 145 1023 172 PAPAE
1045 143 1243 171 EPISTOLAE
1264 144 1306 170 42.
1324 143 1366 170 43.
1772 145 1806 173 41

170 239 244 268 ante
275 235 411 267 fructum
443 235 573 276 dignum
604 234 779 276 penitentie
810 233 917 264 facere
946 232 1072 263 omnino
1101 231 1283 272 neqiiimu8‚
1315 240 1353 261 eo
1383 228 1468 270 quod
1499 228 1717 259 misericordia
1746 228 1813 258 sine

170 288 387 319 controversia
411 287 501 328 queri
525 286 636 327 debet,
663 289 699 316 ut
722 285 807 316 salus
834 285 874 315 sit
898 284 1074 324 discipline.
1119 282 1217 320 Nam,
1242 281 1368 312 dicente
1396 284 1504 311 sancto
1530 279 1686 321 Gregorio
1698 280 1718 318 ¹,
1748 293 1814 320 sepe

171 344 263 377 pietas
279 352 329 378 per
345 343 602 370 immoderatam
624 341 844 368 misericordiam
866 349 958 367 errare
975 340 1055 371 solet,
1080 339 1103 364 si
1127 339 1246 365 fortasse
1263 337 1411 371 pepercit,
1428 345 1483 372 que
1500 336 1640 370 parcenda
1662 344 1719 362 non
1741 337 1814 362 sunt.

171 395 289 422 Peccata
313 395 395 426 enim,
419 403 474 430 que
497 393 575 420 feriri
597 394 724 427 gehenne
747 392 859 427 ignibus
882 392 1008 426 possunt,
1032 389 1179 425 discipline
1204 391 1270 415 sunt
1286 389 1401 415 verbere
1424 388 1597 422 corrigenda.
1636 387 1688 414 Sed
1712 387 1814 414 inordi-

171 448 239 473 nata
262 446 361 480 pietas,
386 455 449 472 cum
471 445 666 479 temporaliter
681 444 780 478 parcit,
805 444 840 470 ad
863 445 992 479 eternum
1016 441 1183 475 supplicium
1207 440 1355 474 pertrahit.
1394 434 1487 466 Unde
1512 434 1601 465 vobis
1626 434 1814 475 resipiscen-

172 493 265 533 tibus,
290 503 330 524 ne
354 494 384 523 in
408 492 513 523 futuro
537 492 687 533 pereatiS,
715 501 848 531 parcere
873 492 1029 530 optamus.
1075 488 1230 519 Preterea
1254 488 1279 518 si
1303 487 1401 518 frater
1425 491 1505 527 tuus,
1529 486 1816 527 Neapolitanorum

171 545 321 576 videlicet
346 544 442 584 dux2,
472 555 530 585 per
553 554 625 574 suos
648 543 781 573 idoneos
804 542 929 582 legatos
952 540 1044 571 nobis
1068 543 1178 580 optata
1203 542 1235 569 et
1263 549 1312 578 ea,
1337 549 1398 579 que
1423 541 1560 579 oportet,
1584 537 1690 568 veraci
1713 537 1815 567 relatu

171 596 366 637 perficienda
389 595 552 633 direxerit,
577 606 631 626 eos
655 594 834 635 gratissime
859 593 1062 633 recipienteS,
1086 590 1237 632 quicquid
1260 591 1382 621 ratione
1407 590 1514 630 sagaci
1538 590 1719 629 retulerint,
1744 599 1817 630 per-

171 647 267 678 ficere
290 658 348 689 pro
374 647 507 687 ecclesie
531 646 593 678 Dei
622 646 760 676 utilitate
789 647 886 685 atque
915 643 1017 674 salute
1046 642 1157 683 procul
1185 641 1282 673 dubio
1313 642 1417 682 parati
1448 642 1575 672 erimus.
1621 640 1693 681 Age
1723 641 1818 681 igitur

173 703 205 730 et
236 698 415 730 desudem-ea
437 709 495 739 pro
527 698 686 729 communi
709 696 938 738 prosperitate,
969 695 1066 725 immo
1094 704 1151 734 pro
1176 693 1278 724 salute
1308 696 1362 723 tua
1393 696 1425 723 et
1454 693 1569 723 civium
1600 694 1725 722 tuorum
1756 702 1817 722 non

173 750 318 787 desistas,
343 760 494 791 arguens,
519 750 689 780 obsecrans
714 751 746 779 et
768 748 936 787 increpans
961 756 1032 776 cum
1055 745 1139 776 omni
1162 745 1309 785 imperio,
1333 748 1368 774 ut
1390 744 1481 774 labor
1504 746 1576 774 tuus
1600 743 1736 773 fructum
1762 742 1817 774 de-

172 801 377 833 siderabilem
401 802 432 832 in
456 801 551 832 domo
574 800 713 839 Domini,
738 809 795 840 pro
820 808 882 840 quo
907 798 1002 838 digne
1025 796 1248 835 remunereris,
1273 795 1396 826 afferat.

276 863 370 887 DATA
389 863 434 886 UT
454 862 569 886 SUPRA.

970 996 1020 1026 43.

282 1058 438 1089 Iohannes
457 1057 550 1089 VIII.
570 1067 658 1097 papa
676 1056 833 1088 Karolum
850 1055 951 1095 (III.)
970 1064 1068 1094 reyem
1085 1053 1361 1093 (Alamannorum,
1384 1050 1429 1090 fil.
1446 1050 1598 1081 Lmlovici·
1619 1050 1817 1091 Germanioi)

174 1109 211 1141 de
243 1109 427 1148 spoliatione
458 1109 640 1140 monasterii
669 1109 708 1148 (s.
730 1107 904 1139 Salvatoris
931 1108 959 1137 et
985 1116 1009 1136 s.
1031 1104 1151 1144 Iuliae)
1170 1103 1364 1136 sBrv‘xiensis
1392 1104 1420 1133 ct
1450 1101 1591 1132 thesauri
1614 1101 1820 1141 Anyz'lberyae

174 1161 414 1201 (imperatricis)
437 1161 595 1192 occasione
624 1160 776 1191 adventus
799 1159 867 1190 eius
896 1157 931 1188 in
954 1156 1084 1188 Italiam
1108 1157 1151 1196 (a.
1168 1156 1246 1193 875)
1269 1154 1374 1195 facta,
1405 1153 1619 1192 repr-chemlit;
1647 1155 1683 1183 at
1711 1153 1818 1184 ablata

174 1213 285 1244 reddat
307 1215 335 1243 et
358 1213 487 1243 missum
510 1211 644 1243 Romam
667 1211 792 1250 d'irz'yat,
811 1209 964 1249 postulat.
1475 1206 1538 1235 877
1561 1204 1662 1235 Mart.
1678 1206 1730 1235 27.

288 1280 362 1306 Coa:
391 1280 418 1307 R
447 1281 510 1306 121¹
529 1288 555 1306 n.
568 1282 611 1306 43.

278 1331 364 1357 Ecld.:
392 1284 487 1357 Eclsitz'o
501 1331 627 1357 Romana
646 1330 730 1363 (1591)
749 1329 806 1361 ΙΙΙ,
824 1332 873 1354 324
892 1336 919 1354 n.
932 1331 971 1353 42.
1011 1327 1107 1352 Mansi'
1128 1328 1205 1352 Cone.
1218 1326 1274 1351 coll.
1291 1325 1389 1357 XVII,
1408 1328 1440 1351 35
1460 1333 1485 1351 n.
1499 1328 1538 1350 42.
1575 1325 1666 1357 Migyne
1686 1324 1762 1350 Patr.
1776 1325 1821 1351 lat.

132 1374 143 1393 ‘-'
177 1374 314 1407 CXXVI,
335 1378 380 1400 719
398 1383 425 1400 n.
439 1378 476 1401 65.
496 1389 527 1392 —
548 1373 620 1405 Jaffe
639 1373 705 1406 Rey.
719 1376 786 1399 3084
803 1372 901 1405 (2313).

550 1455 734 1489 (IOHANNES
758 1452 972 1486 EPISCOPUsy*
992 1453 1130 1478 KAROLO
1152 1452 1319 1477 GLORIOSO
1342 1451 1446 1476 REGN.

286 1512 366 1543 Cum
389 1513 638 1554 generositatem
656 1514 744 1542 tuam
768 1513 857 1541 tanta
873 1509 1000 1540 claritas
1016 1509 1164 1550 prosapie
1188 1508 1306 1549 regalis
1323 1508 1465 1545 extollat,
1490 1508 1641 1537 miramur
1658 1510 1689 1537 et
1713 1507 1821 1537 obstu-

177 1565 345 1605 pescimus,
369 1563 529 1605 quomodo
551 1563 633 1594 hanc
656 1566 722 1594 tam
745 1563 871 1592 sinister
891 1562 986 1602 longe
1010 1561 1139 1601 lateque
1156 1560 1336 1590 discurrens
1359 1570 1467 1590 rumor
1491 1559 1655 1589 obnubilet
1677 1569 1823 1589 asserens

177 1619 210 1647 et
240 1616 401 1646 affirmans
431 1618 462 1647 te
493 1616 622 1646 Italiam
653 1614 872 1655 ingressurum
900 1613 940 1644 ad
969 1613 1198 1643 monasterium
1226 1612 1400 1642 accessisse
1429 1611 1616 1641 ancillarum
1642 1609 1705 1640 Dei
1737 1610 1822 1650 apud

146 1674 157 1691 Ξ»
176 1668 318 1698 Brixiam
344 1667 569 1698 constitutum⁵
593 1666 746 1707 indeque,
778 1676 849 1696 cum
873 1665 937 1695 illic
961 1666 1029 1705 ipse
1053 1664 1236 1702 morareris,
1265 1663 1448 1704 tyranniceb
1472 1662 1656 1693 thesaurum
1680 1662 1822 1692 ablatum

177 1723 242 1750 tam
272 1719 370 1760 ipsius
398 1718 591 1750 venerabilis
619 1718 804 1749 monasterii
835 1727 930 1758 quam
959 1717 1074 1757 dilecte
1104 1715 1167 1756 filie
1197 1718 1303 1755 nostre
1333 1714 1561 1754 Angelberge6
1584 1713 1645 1744 Dei
1674 1713 1822 1753 cultricis,

177 1781 257 1812 quos
285 1771 344 1801 sibi
375 1770 416 1801 ad
443 1771 542 1811 ipsius
570 1771 721 1811 precipue
747 1769 871 1810 cenobii
894 1769 1159 1799 sustentationem
1183 1766 1293 1808 procul
1316 1766 1412 1796 dubio
1437 1768 1683 1796 reservaveratc.
1729 1765 1823 1796 Unde

177 1822 322 1864 merored
345 1822 554 1853 vehementer
577 1822 750 1852 afficimure
774 1820 920 1852 dolentes
943 1821 1078 1862 gloriam
1103 1822 1190 1850 tuam
1220 1818 1261 1849 ad
1285 1821 1350 1848 tam
1374 1818 1514 1848 immane
1539 1817 1697 1858 sacrilegii
1725 1827 1826 1857 genus

178 1875 335 1915 dilapsam
360 1877 392 1905 et
418 1875 518 1904 instar
541 1873 706 1904 cuiusdam
730 1873 858 1914 gentilis
882 1873 986 1913 regis⁷
1010 1882 1086 1902 vasa
1111 1871 1223 1901 domus
1247 1870 1309 1901 Dei
1333 1869 1375 1900 ad
1398 1880 1472 1900 usus
1496 1869 1641 1910 proprios
1665 1869 1825 1899 inflexisse

179 1929 341 1962 conatam;
372 1928 469 1966 atque
499 1925 572 1956 ideo
601 1924 805 1956 dilectionem
835 1928 922 1955 tuam
952 1924 983 1954 in
1012 1922 1130 1954 Christi
1159 1921 1334 1953 visceribus
1364 1930 1435 1951 esse
1465 1921 1629 1961 cupientes
1659 1930 1825 1950 monemus

179 1981 211 2008 et
234 1978 331 2008 sacris
355 1977 560 2008 convenimus
583 1976 718 2017 eloquiis
742 1987 813 2007 cum
836 1976 1002 2016 psalmista
1026 1975 1176 2005 fatentes:
1205 1973 1329 2004 ‘Nolite
1354 1983 1483 2014 sperare
1508 1970 1582 2014 [in]f
1604 1972 1769 2012 iniquitate
1794 1974 1826 2002 et

178 2030 210 2060 in
233 2030 352 2070 rapinis
374 2029 473 2060 nolite
497 2027 745 2068 concupiscere.³
786 2027 820 2058 Si
836 2038 898 2068 qua
922 2037 999 2068 ergo
1023 2037 1042 2057 a
1066 2026 1209 2067 predicto
1226 2025 1279 2065 pio
1304 2024 1386 2064 loc0,
1410 2024 1476 2054 sive
1501 2023 1603 2064 gloria
1627 2026 1681 2053 tua
1705 2023 1825 2053 sciente

179 2082 244 2112 sive
267 2082 440 2119 nesciente,
464 2079 573 2111 ablata
596 2082 678 2119 sunt,
701 2078 855 2110 industria
871 2082 926 2109 tua
943 2078 1184 2119 diligentissime
1209 2077 1411 2117 requirantur
1434 2078 1467 2106 et
1489 2075 1617 2105 inventa
1640 2075 1671 2104 in
1695 2084 1734 2104 eo
1758 2075 1825 2104 sine

179 2143 268 2163 mora
292 2132 349 2163 sub
374 2133 457 2163 omni
481 2132 666 2173 integritate
690 2131 906 2169 restituantur,
929 2140 979 2169 ne,
1004 2129 1089 2170 quod
1113 2129 1206 2167 absit,
1230 2129 1256 2158 si
1279 2128 1373 2158 aliter
1396 2127 1511 2168 egeriS,
1536 2129 1568 2157 et
1588 2125 1692 2156 Deum
1716 2128 1826 2156 contra

180 2187 210 2215 tc
241 2184 282 2214 ad
312 2183 508 2214 iracundiam
536 2192 704 2223 provoces,
737 2185 768 2213 et
798 2182 895 2213 decus
923 2184 975 2221 tue
1004 2181 1092 2222 regie
1123 2180 1298 2211 nobilitatis
1323 2178 1458 2210 offusces
1487 2180 1584 2219 atque
1612 2187 1669 2207 nos
1696 2177 1737 2208 ad
1766 2177 1825 2217 hec

179 2236 321 2266 severius
344 2234 517 2266 secundum
540 2234 750 2265 ministerium
772 2236 911 2264 nostrum
930 2232 1091 2273 punienda
1107 2241 1320 2262 commoveas.
1357 2230 1515 2270 Denique,
1539 2229 1597 2260 nisi
1614 2231 1686 2269 post
1709 2229 1825 2259 lectam

284 2346 308 2379 Γ)
326 2346 390 2373 add.
409 2354 479 2372 man.
497 2346 650 2373 cmn'ecto‘ris
669 2346 703 2372 R.

285 2416 309 2450 ὃ)
332 2426 343 2442 s
366 2426 433 2442 corr.
452 2426 482 2443 em
503 2419 515 2442 f
538 2417 570 2443 R.

284 2468 325 2494 43.
353 2468 376 2501 ³)
395 2477 461 2494 corr.
474 2477 504 2494 ew
522 2469 654 2501 ingressus
672 2468 704 2493 R.
775 2466 800 2499 b)
820 2472 944 2500 tyranne,
961 2474 1014 2491 ras.
1032 2466 1098 2491 iuter
1116 2473 1133 2490 n
1152 2469 1175 2490 et
1192 2473 1209 2488 n
1227 2463 1259 2488 R.
1332 2461 1355 2495 c)
1374 2470 1428 2487 -va-
1447 2462 1474 2486 ιή
1494 2469 1544 2486 ras.
1564 2460 1596 2486 R.
1672 2458 1696 2491 d)
1716 2468 1782 2484 corr.
1795 2467 1826 2484 ea·

182 2520 292 2537 memore
310 2512 342 2537 R,
431 2511 453 2544 θ)
472 2520 538 2536 corr.
552 2520 581 2536 ea:
600 2512 727 2536 afficimus
745 2512 780 2536 al.
794 2519 862 2535 man.
881 2510 912 2534 R.
1002 2508 1021 2541 ¹“)
1041 2517 1088 2533 om.
1107 2508 1139 2533 R.

288 2592 312 2624 1)
333 2591 433 2618 Homil.
452 2592 481 2617 in
500 2591 597 2618 Ezech.
617 2591 661 2624 11,
683 2590 765 2625 7[19]
783 2598 804 2617 c.
820 2594 833 2616 7
850 2590 957 2624 (Missae
977 2588 1119 2621 LXXVI,
1138 2588 1220 2620 1017).
1308 2586 1334 2614 2)
1355 2585 1473 2619 Sergyias.
1561 2583 1588 2617 3)
1608 2582 1739 2609 Luclorici
1762 2582 1824 2607 Ger-

183 2635 283 2660 manici
299 2634 356 2666 filio
373 2637 443 2660 nata
460 2634 576 2667 minimo,
602 2634 648 2667 qui
666 2634 696 2660 in
715 2634 845 2660 divisione
863 2633 942 2667 regni
959 2641 984 2659 a.
998 2635 1048 2658 876
1067 2631 1133 2657 Nou.
1147 2629 1344 2656 Alamanaiam
1362 2628 1471 2654 sortitas
1489 2629 1554 2658 erat,
1572 2635 1597 2652 a.
1613 2630 1662 2652 879
1681 2625 1790 2650 Italiam
1808 2632 1825 2649 a

183 2678 389 2704 Karolomanno
407 2678 492 2709 fratre
510 2678 617 2710 accepit,
637 2679 731 2711 postea
748 2686 773 2703 a.
790 2680 842 2703 881
860 2677 1004 2709 imperator
1022 2677 1168 2701 coronatas
1187 2676 1232 2699 est.
1320 2672 1347 2700 4)
1368 2671 1400 2697 A.
1413 2674 1460 2696 875
1478 2669 1515 2695 acl
1530 2668 1713 2703 puqnandum
1731 2669 1825 2693 contra

184 2721 319 2746 Karolum
346 2720 466 2750 Calvam;
491 2720 526 2752 cf.
545 2720 721 2746 Mambachea·
739 2719 823 2754 Εεφ2
837 2722 901 2745 1512
919 2719 1014 2751 (1470).
1109 2718 1135 2749 5)
1153 2715 1189 2742 ‘S
1205 2715 1298 2741 Gialia
1321 2713 1348 2740 da*
1368 2712 1495 2739 meseia?
1588 2712 1614 2743 6)
1636 2709 1824 2743 Imperatricis,

185 2763 278 2790 ridicae
298 2763 429 2789 Ludovici
448 2763 491 2789 11.
579 2764 605 2795 7)
624 2761 901 2789 Nabzaehoclonosoris.

288 2815 437 2841 prsromn
455 2814 516 2840 V11.
1605 2806 1620 2831 6

1833 748 1861 769 cf.
1877 746 1953 768 2.Tim.
1964 748 1984 771 4,
1995 748 2014 767 2.

1840 1878 1868 1899 cf.
1878 1878 1933 1898 Dan.
1945 1881 1963 1902 1,
1974 1879 1993 1898 2.

1839 1929 1867 1950 cf.
1882 1928 1940 1949 Phil.
1950 1931 1969 1953 1,
1979 1930 1999 1948 8.

1840 1981 1874 2001 Ps.
1884 1983 1916 2005 61,
1928 1983 1959 2000 11.
