2189 3042
145 828 169 847 10

145 1096 168 1114 15

144 1354 169 1373 20

146 1610 170 1629 25

144 1868 170 1887 30

142 2126 168 2146 35

636 165 813 191 IOHANNIS
832 165 906 191 VIII.
926 164 1044 190 PAPAE
1067 164 1266 191 EPISTOLAE
1289 164 1329 190 74.
1349 164 1389 189 75.
1795 167 1832 195 71

188 254 349 294 precaturi
373 255 528 284 venerunt
551 252 592 283 ad
616 252 726 283 limina
750 252 851 282 sancti
866 251 967 291 Petri,
991 262 1048 292 pro
1066 254 1170 282 vestro
1194 250 1318 292 ingenti
1340 260 1449 281 amore
1474 249 1611 290 benigne
1635 250 1835 291 reoepimus³

187 305 366 346 nostrisque
390 304 574 346 apostolicis
590 303 867 335 benedictionibus
884 303 1139 333 confirmavimus
1163 312 1200 332 ac
1217 312 1275 342 per
1291 312 1346 333 eos
1369 304 1475 342 nostre
1499 301 1727 333 incolumitatis
1749 302 1833 332 salu-

188 359 269 395 tem,
303 356 382 386 sicut
405 356 544 397 petistiS‚
575 355 736 395 cognitam
759 355 828 385 fieri
852 354 1068 390 decrevimus;
1098 357 1131 384 et
1158 354 1313 394 petimus,
1341 356 1377 383 ut
1404 354 1466 383 cito
1496 363 1553 383 nos
1581 353 1694 383 vestris
1720 353 1834 384 litteris

189 407 335 438 letificari
358 418 421 437 non
444 407 696 448 pretermittatis
743 406 831 437 Deus
855 406 1057 446 omnipotens
1080 405 1215 446 gloriam
1232 408 1369 435 vestram
1394 404 1490 444 longa
1513 414 1570 445 per
1594 407 1740 445 tempora
1764 404 1833 435 inli-

188 458 297 489 batam
322 458 490 497 custodiat,
515 458 682 489 karissime
706 457 760 488 fili.

986 570 1035 598 75.

296 620 453 652 Iohannes
481 619 574 651 VIII.
592 630 683 660 papa
706 619 885 650 Edereclum
908 619 1202 659 (Caiztuarienscm)
1225 618 1492 656 archiepiscopum
1514 617 1670 655 aclwzouet,
1698 621 1733 648 ut
1754 618 1836 657 reyis

187 672 344 713 (Alfredi)
381 672 427 703 vel
466 671 604 703 cuiusvis
633 671 886 710 temptationibus
915 671 1042 702 resistat
1072 680 1145 701 neve
1171 672 1327 700 statutum
1352 669 1497 708 Greyorz'o'
1519 669 1547 699 I.
1577 669 1613 699 de
1636 669 1836 700 matrimonio

186 723 327 755 solvendo
351 723 489 764 iufrinyi
507 723 665 763 patiatur.
1430 721 1494 751 877
1516 721 1681 751 σαι-878
1703 720 1746 751 iii.

302 778 376 804 Coc&
404 778 431 804 R
449 780 469 812 f.
484 778 529 804 37¹
548 786 574 804 oz.
591 781 628 803 74.

293 821 376 847 mid..-
404 821 499 847 Editio
518 821 645 847 Romana
662 821 746 854 (1591)
766 820 824 852 ΙΙΙ,
843 824 891 846 341
909 828 937 846 η.
951 823 989 845 65.
1026 819 1121 845 Mansi
1141 818 1216 844 Cone.
1230 818 1286 844 coll.
1304 817 1405 848 XVII,
1423 821 1456 843 54
1474 826 1500 843 u.
1514 821 1550 843 65.
1588 818 1683 851 Illique
1703 818 1776 843 Patr.
1790 818 1836 843 lat.

190 864 324 896 CXXVI,
346 868 390 890 745
408 872 434 890 η.
451 868 488 889 95.
507 879 540 882 —
559 863 635 894 Jaffci
654 863 718 896 Req.
731 866 794 889 3125
812 862 908 895 (2344).

294 942 591 967 REVERENTISSIMO
612 942 655 965 ET
676 941 899 966 SANCTISSIMO
917 939 1110 965 CONFRATRI
1135 938 1266 963 NOSTRO
1286 939 1446 963 EDEREDO
1466 939 1733 963 ARGIIIEPISCOPQ

834 984 956 1009 GENTIS
975 981 1191 1007 ANGLORUM1.

295 1032 419 1063 Vestris
443 1031 590 1062 relectisa
606 1030 751 1072 apicibus
761 1030 784 1070 2,
809 1032 928 1071 quanta
944 1039 1019 1060 vere
1036 1028 1215 1059 dilectionis
1232 1030 1265 1058 et
1280 1028 1472 1058 sinceritatis
1488 1027 1577 1065 fides,
1597 1038 1660 1068 qua
1677 1027 1837 1058 Christum

189 1084 295 1115 Deum
319 1083 482 1114 nostrumb
506 1083 752 1123 proximumque
777 1081 937 1121 diligitis⁰‚
967 1081 998 1111 in
1022 1080 1113 1110 vobis
1137 1079 1290 1109 consistat
1314 1082 1346 1109 et
1369 1080 1423 1120 pia
1446 1078 1595 1110 devotio‘l
1619 1079 1703 1109 circa
1727 1079 1838 1110 sedem

188 1135 400 1176 apostolicam
424 1135 563 1174 ferveat,
593 1133 733 1164 evidenti
758 1133 927 1163 dumtaxat
950 1132 1115 1163 intellectu
1138 1131 1361 1172 perspicimus,
1389 1141 1459 1161 cum
1484 1140 1573 1161 more
1598 1132 1837 1160 antecessorum

188 1189 365 1217 vestrorum
390 1191 423 1217 et
444 1196 555 1217 causas
572 1188 676 1225 vestre
697 1185 831 1224 ecclesie
847 1184 1046 1215 necessarias
1062 1185 1170 1213 nostro
1187 1182 1363 1223 presulatui
1380 1183 1470 1223 quasi
1487 1193 1542 1212 suo
1561 1181 1683 1212 doctori
1706 1182 1837 1221 referre,

188 1242 221 1269 et
237 1249 256 1269 a
272 1238 349 1269 sede
367 1237 545 1279 apostolica
561 1247 657 1277 super
674 1236 864 1278 quibusdam
884 1236 958 1275 suis,
976 1246 1055 1276 quas
1072 1235 1201 1276 patitur,
1219 1233 1467 1264 adversitatibus
1485 1233 1662 1264 consultum
1680 1236 1712 1263 et
1728 1236 1837 1263 aucto-

188 1290 291 1320 ritatis
314 1290 479 1320 munimen
502 1289 647 1329 accipere
668 1289 825 1329 quesistis,
850 1288 879 1318 in
898 1298 961 1328 qua
977 1287 1065 1318 Deus
1089 1287 1293 1327 omnipotens
1316 1286 1413 1316 totius
1437 1284 1571 1325 ecclesie
1595 1285 1701 1325 posuit
1724 1285 1837 1315 funda-

188 1344 341 1372 mentum.
380 1340 422 1371 Et
445 1341 520 1381 quia
544 1339 623 1371 dura
640 1339 780 1381 quedam
804 1340 835 1370 in
859 1339 1016 1380 presentis
1040 1338 1136 1379 seculi
1163 1339 1255 1375 vitae,
1280 1342 1361 1378 quee
1377 1346 1452 1367 vere
1477 1336 1646 1376 temptatio
1672 1339 1720 1366 est
1742 1346 1839 1376 super

188 1396 320 1433 terram7
352 1392 446 1433 positi
471 1391 613 1432 quotidie
638 1391 814 1429 sustinetis,
844 1401 907 1421 non
938 1390 1040 1421 solum
1064 1390 1177 1420 flemus
1201 1392 1324 1427 nostra,
1349 1398 1410 1429 que
1435 1387 1581 1418 similiter
1604 1388 1752 1428 patimur,
1783 1387 1840 1418 sed

188 1444 397 1475 condolemus
422 1446 454 1474 et
476 1443 567 1473 vobis
590 1443 679 1481 talia,
702 1453 759 1484 pro
783 1442 888 1473 dolor!
913 1441 1120 1482 patientibus,
1145 1441 1296 1482 quoniam
1315 1440 1398 1470 omni
1423 1440 1487 1470 iam
1511 1439 1630 1469 mundo
1647 1439 1678 1469 in
1700 1438 1840 1479 maligno

188 1496 307 1536 posito⁷
338 1495 446 1526 multis
469 1494 589 1535 ubique
613 1494 806 1525 adversariis
830 1494 984 1525 adversus
1008 1493 1126 1524 Christi
1151 1492 1287 1523 famulos
1312 1491 1537 1529 existentibus,
1562 1493 1680 1531 quanto
1704 1491 1841 1521 maiores

188 1546 239 1578 etf
261 1546 373 1587 supraf
394 1545 542 1576 modumf
565 1545 743 1577 crebriores
767 1546 996 1586 temptationes
1020 1544 1139 1575 cotidie
1163 1543 1369 1574 inminuerint
1397 1543 1482 1573 circa
1508 1552 1579 1581 nos,
1609 1545 1697 1572 tanto
1723 1541 1841 1572 Christi

190 1598 263 1628 freti
287 1598 405 1628 solacio
423 1597 617 1628 valentiores
640 1607 710 1628 esse
736 1596 903 1635 debemus,
927 1600 1036 1628 nostra
1059 1606 1151 1627 sacra
1174 1598 1323 1626 narrante
1348 1594 1443 1625 serie:
1468 1593 1601 1624 ‘Beatus
1617 1594 1673 1631 vir5
1698 1594 1751 1634 qui
1775 1594 1839 1623 suf-

187 1650 250 1680 fert
273 1649 529 1690 temptationem,
553 1649 714 1690 quoniam,
740 1659 811 1680 cum
828 1649 982 1690 probatus
1006 1648 1116 1687 fuerit,
1141 1648 1279 1688 accipiet
1302 1656 1451 1677 coronam
1475 1646 1553 1686 vite,
1577 1655 1673 1686 quam
1697 1645 1841 1685 promisit

186 1701 276 1733 Deus
293 1700 499 1742 diligentibus
523 1700 583 1737 se³;
608 1701 742 1741 ipseque
765 1700 855 1731 Deus
879 1700 1067 1731 benedictus
1090 1701 1122 1730 in
1145 1699 1262 1740 secula,
1287 1698 1352 1739 ‘qui
1375 1708 1438 1728 non
1462 1697 1602 1738 patietur
1617 1707 1674 1727 nos
1691 1698 1841 1737 temptari

187 1764 283 1794 supra
306 1752 348 1791 id,
373 1752 460 1793 quod
477 1751 666 1793 possun111s³‚
691 1752 818 1783 dicente
843 1752 1005 1793 apostolo,
1025 1748 1098 1782 ‘sed
1123 1751 1221 1782 faciet
1244 1761 1313 1781 cum
1338 1749 1550 1790 temptatione
1574 1751 1778 1789 proventum⁷
1807 1750 1842 1777 ut

187 1805 345 1846 possimus
369 1803 546 1835 sustinere'.
586 1803 654 1834 Nos
678 1807 786 1835 tamen
807 1814 864 1844 pro
882 1804 1027 1834 instantis
1044 1803 1199 1844 temporis
1222 1802 1414 1833 necessitate
1431 1801 1596 1831 hortamur
1621 1802 1653 1830 et
1675 1810 1841 1830 monemus

189 1856 421 1887 fraternitatem
446 1859 600 1895 vestram,
631 1859 687 1886 utg
719 1855 824 1886 omnih
853 1855 951 1895 seculi
987 1856 1101 1886 timore
1126 1854 1304 1895 postposito
1339 1854 1420 1883 sicut
1450 1852 1583 1882 idoneus
1606 1851 1668 1882 Dei
1698 1851 1841 1881 minister

188 1918 332 1948 opponas
367 1911 399 1938 te
429 1918 553 1938 murum
585 1918 642 1948 pro
672 1907 767 1938 domo
795 1907 926 1938 Domini
957 1910 990 1938 et
1019 1907 1088 1938 zelo
1123 1906 1207 1936 illius
1237 1915 1390 1937 accensus
1424 1915 1486 1935 non
1517 1903 1618 1934 solum
1649 1903 1748 1943 regiss,
1784 1902 1841 1933 sed

190 1959 336 1990 omnibus
365 1959 396 1989 in
425 1969 464 1989 ea
493 1969 644 1999 perverse
675 1958 796 2000 aliquid
827 1969 925 2000 agere
954 1958 1134 1989 volentibus
1169 1961 1298 1988 strenue
1328 1957 1478 1987 resistere
1502 1966 1563 1986 non
1592 1954 1841 1995 pretermittas47

188 2010 401 2041 honorificans
424 2011 635 2041 ministerium
661 2014 760 2050 tuum,
784 2010 938 2051 quamdiu
956 2010 1062 2041 divina
1085 2010 1198 2040 sineris
1215 2009 1379 2039 voluntate
1404 2017 1528 2038 summo
1553 2006 1733 2037 sacerdotio
1752 2006 1841 2046 fungi

189 2062 408 2103 populumque
432 2061 562 2093 Domini
586 2063 644 2093 tibi
667 2063 872 2094 commissum
895 2065 1003 2102 sancte
1028 2062 1170 2102 doctrine
1200 2060 1318 2102 pabulo
1347 2070 1475 2101 pasces,
1506 2057 1691 2089 sacerdotes
1720 2056 1841 2087 scilicet

188 2117 220 2144 et
249 2114 484 2145 ecclesiasticos
511 2114 594 2145 viros
624 2124 662 2145 ac
687 2114 822 2145 feminas
845 2124 971 2145 necnon
993 2113 1106 2144 viduas
1131 2116 1163 2144 et
1187 2111 1445 2143 sanctimoniales
1469 2111 1558 2141 iuxta
1582 2109 1725 2140 ordinem
1750 2118 1840 2138 suum

186 2175 245 2206 pro
266 2165 386 2196 viribus
410 2175 524 2206 regere
548 2166 706 2206 tuerique,
730 2168 765 2196 ut
787 2168 897 2206 pastor
920 2165 1055 2196 idoneus
1080 2175 1188 2195 coram
1203 2163 1343 2194 Domino
1368 2171 1537 2203 appareaS,
1561 2163 1710 2201 prompta
1732 2162 1840 2190 mente

188 2227 348 2257 procures
396 2217 555 2253 Quoniam
590 2228 647 2247 nos
683 2217 859 2258 apostolice
892 2217 978 2248 sedis
1008 2216 1152 2257 apicibus
1184 2225 1369 2246 ammonere
1405 2213 1633 2253 exhortarique
1662 2211 1840 2242 curavimus

190 2278 303 2309 regem
325 2271 466 2299 vestrum
476 2269 497 2307 ⁵,
521 2272 556 2299 ut
585 2269 641 2299 tibi
664 2268 736 2310 proi
759 2269 834 2300 Iesu
858 2267 975 2299 Christi
1000 2267 1120 2298 domini
1144 2267 1243 2298 nostri
1267 2276 1376 2297 amore
1406 2265 1437 2295 in
1461 2263 1619 2301 omnibus,
1643 2273 1704 2303 que
1732 2264 1839 2301 sancte

192 2319 326 2360 ecclesie
351 2320 409 2351 tibi
432 2320 621 2360 commissek
643 2320 734 2351 utilia
758 2324 845 2359 sunt,
870 2319 1025 2360 obediens
1049 2322 1081 2350 ct
1104 2319 1231 2350 adiutor
1255 2318 1398 2356 devotus,
1422 2317 1503 2346 sicut
1525 2318 1745 2346 antecessores
1768 2323 1841 2343 suos

145 2387 172 2406 40
190 2372 349 2412 piissimos
372 2382 467 2413 reges
483 2372 663 2413 Anglorum
686 2375 835 2403 narrante
854 2371 1017 2412 hystoriaG
1042 2371 1138 2401 fuisse
1162 2370 1344 2409 recolimus,
1369 2368 1508 2399 existere
1532 2377 1595 2397 non
1616 2365 1839 2406 pretermittat7

190 2423 215 2452 si
240 2426 273 2454 et
295 2433 428 2464 regnum
454 2423 512 2454 sibi
537 2423 758 2464 temporaliter
774 2433 960 2454 concessum
978 2423 1115 2453 voluerit
1135 2422 1273 2452 retinere
1291 2430 1448 2457 securum,
1473 2423 1505 2449 et
1522 2418 1619 2448 vitam
1636 2415 1839 2457 postmodum

292 2509 316 2541 ὃ)
336 2510 474 2542 recipimus
493 2509 524 2534 R.

292 2560 333 2586 75.
362 2561 384 2593 ²²)
404 2569 471 2586 corr.
490 2569 520 2586 ex
538 2562 632 2586 relictis
651 2562 685 2586 al.
699 2569 767 2585 man.
787 2560 819 2585 R.
924 2558 950 2591 b)
969 2569 1034 2585 corr.
1059 2568 1089 2584 em
1108 2563 1221 2584 vestrum
1240 2559 1272 2583 R.
1378 2558 1399 2589 e)
1419 2557 1512 2589 -ligitis
1534 2556 1561 2579 in
1584 2564 1636 2580 ras.
1656 2556 1690 2579 al.
1710 2563 1779 2578 man.
1802 2553 1833 2576 R.

190 2602 214 2634 d)
234 2604 367 2629 devotione
386 2604 417 2628 R.
507 2603 530 2636 e)
550 2613 616 2629 corr.
630 2613 660 2629 ea:
678 2605 783 2636 vitaque
802 2604 837 2628 al.
850 2612 919 2628 mmz.
939 2602 970 2628 R.
1059 2601 1079 2633 f)
1098 2603 1124 2627 in
1137 2610 1189 2627 ras.
1204 2602 1238 2626 al.
1252 2610 1320 2626 man.
1340 2600 1371 2625 R.
1458 2598 1483 2631 8)
1503 2602 1528 2623 et
1546 2598 1578 2622 R.
1666 2596 1690 2627 ¹¹)
1711 2605 1783 2621 omne
1806 2596 1833 2620 R.

150 2652 175 2671 45
195 2646 212 2678 i)
231 2655 296 2671 corr.
310 2655 340 2672 ez·
358 2655 401 2679 per
420 2647 455 2671 al.
473 2655 542 2671 man.
561 2647 593 2672 R.
681 2645 706 2678 k)
726 2647 861 2671 commissa
879 2646 911 2670 R.

294 2705 320 2736 1)
342 2705 544 2737 Cantuariensi,
570 2708 705 2732 870-89,
802 2706 829 2738 2)
851 2705 925 2738 Quae
943 2712 998 2730 *non
1016 2706 1131 2730 exstant.
1219 2704 1245 2731 3)
1266 2701 1389 2734 Alfwdo,
1416 2704 1562 2727 &ri—901.
1651 2699 1677 2731 4)
1700 2698 1836 2731 taaenam

194 2747 249 2772 sint
268 2749 316 2773 hae
333 2747 402 2780 reyis
421 2748 609 2780 oppressiones,
629 2748 766 2774 nescimus.
848 2749 873 2780 5)
894 2747 1020 2780 Epistola
1035 2746 1146 2778 Alfredo
1163 2746 1218 2779 ’νομί
1237 2745 1338 2771 directa
1357 2752 1412 2769 non
1431 2745 1522 2769 eoestal.
1604 2744 1630 2774 (j)
1651 2740 1741 2766 Bodas
1760 2740 1839 2765 l'cne-

190 2790 284 2816 rabilis
303 2790 442 2816 historiam
462 2790 664 2816 ecclesiasticmn
682 2790 800 2817 alludere
818 2790 927 2817 videtur.

1856 1452 1883 1472 οἳ.
1901 1452 1971 1474 1.Ιο11.
1983 1455 2002 1476 5,
2015 1455 2045 1474 19.

1856 1604 1970 1626 Iac.l.1·2.

1857 1710 1875 1728 l.
1882 1707 1929 1728 Cor.
1941 1710 1972 1731 10,
1984 1710 2015 1728 13.

1856 1912 1883 1931 cf.
1895 1910 1972 1931 Ezech.
1982 1913 2015 1935 13,
2026 1913 2047 1931 5.
