2189 3042
746 177 922 203 IOHANms
942 177 1015 202 vm.
1035 176 1152 202 PAPAE
1175 176 1349 202 nris'rom
1373 176 1431 202 259.
1854 178 1914 207 229

378 264 451 291 Coa„-
480 265 507 290 R
525 267 545 297 f.
562 265 622 290 102¹
641 272 668 290 n.
683 267 736 290 261.

367 317 452 343 Eam..-
480 316 575 342 Editio
591 317 716 342 Romana
729 317 812 349 (1591)
827 315 887 347 III,
903 319 951 341 474
964 324 991 341 n.
1001 319 1053 341 251,
1085 314 1181 340 ,Mami
1202 314 1277 340 Cone.
1292 314 1349 340 coll.
1366 313 1465 343 XVII,
1480 316 1527 339 186
1546 321 1573 338 n.
1587 316 1639 338 251.
1671 312 1764 345 Illique
1778 313 1854 339 Patr.
1868 314 1913 338 lat.

264 359 402 390 CXXVI,
422 363 469 386 909
488 367 514 384 τι.
529 363 584 385 296.
605 374 636 377 —
656 359 732 390 Jaffe'
751 358 898 392 Re51.3323
917 358 1012 391 (2543).

986 429 1172 453 AUGUSTI&
1182 428 1197 452 ¹.

232 486 242 503 ⁵
370 478 448 509 Post
487 479 669 509 innumeras
708 478 952 515 sollicitudines,
992 479 1105 519 quibus
1143 478 1290 508 nimirum
1330 477 1500 507 onel·atur¹¹
1536 477 1702 517 imperiale
1742 477 1914 518 fastigium,

262 529 424 560 laudabile
457 530 625 569 clementie
656 534 759 569 vestre
789 531 1024 570 cognoscimus,
1056 528 1317 559 Christianissimi
1348 529 1571 568 imperatores,
1607 539 1676 559 esse
1706 529 1914 569 propositum,

262 591 320 621 per
349 581 434 621 quod
467 581 633 611 summotis
668 581 814 611 omnibus
843 581 1073 611 discordiarum
1107 584 1203 620 atque
1235 580 1427 610 zizaniorum
1459 580 1648 619 seminibus,
1684 591 1745 621 que
1774 581 1806 610 in
1836 591 1914 620 agro

262 631 431 662 Dominico
456 632 587 662 humani
611 633 738 672 generis
762 633 907 662 inimicus
931 635 1128 673 asperserat,
1157 634 1264 670 sancte
1295 631 1450 670 catholice
1476 631 1609 670 ecclesie
1634 632 1774 672 piissimo
1799 632 1914 662 mentis

262 683 379 714 affectu
412 683 578 714 consulere
612 683 765 714 voluistis.
813 683 848 713 In
883 695 945 724 quo
975 683 1096 714 scilicet
1126 683 1223 713 animi
1255 685 1328 712 voto
1360 693 1396 712 ae
1428 682 1603 722 desiderio,
1637 686 1789 723 quantum
1821 683 1915 713 rebus

219 741 242 759 10
262 734 409 765 humanis
427 734 535 765 favere
553 734 755 775 providentia
773 734 879 764 divina
897 734 1056 775 dignetur,
1074 733 1254 764 sollicitudo
1272 733 1441 772 clementie
1460 736 1562 773 vestre
1577 733 1694 774 Spiritu
1707 733 1769 764 Dei
1785 735 1916 764 incitata

263 786 489 825 demonstrate,
523 797 583 826 que
609 787 640 816 in
665 786 822 816 catholica
848 786 983 817 ecclesia
1007 785 1247 816 misericordem
1272 795 1329 825 per
1352 785 1576 815 auctoritatem
1601 788 1633 815 et
1657 785 1807 815 iudicium
1831 785 1916 815 sedis

263 837 456 878 apostolice,
493 847 553 877 que
582 837 710 868 Christo
748 838 875 868 domino
908 837 1078 878 delegante
1110 837 1206 867 totius
1239 836 1373 874 ecclesie
1410 836 1527 866 retinet
1556 837 1783 876 principatum,
1819 836 1915 867 nichil

261 889 458 929 inpacatum,
482 888 579 919 nichil
604 888 703 918 voluit
728 899 798 919 esse
823 888 993 923 diversum,
1019 898 1089 918 cum
1116 896 1225 917 omnes
1250 886 1429 916 scismatica
1455 887 1612 926 pravitate
1637 887 1754 917 divisos
1777 888 1828 918 vel
1846 888 1915 918 zelo

264 939 409 980 quolibet
433 944 599 980 separatos
624 943 720 980 atque
746 940 908 980 dispersos
924 939 1074 969 clementi
1092 938 1262 968 affectione
1280 937 1330 968 vel
1347 937 1450 967 studio
1468 938 1508 967 ad
1526 948 1599 977 vere
1618 939 1704 978 pacis
1722 939 1915 969 soliditatem

220 1001 243 1020 15
263 991 498 1032 eonem-dieque
528 992 739 1031 sincerissime
772 992 1015 1021 unanimitatem
1044 1000 1195 1021 revocare
1225 992 1256 1019 et
1286 989 1317 1018 in
1344 999 1407 1019 uno
1437 989 1554 1019 Christi
1583 989 1657 1019 ovili
1687 1000 1757 1020 eum
1787 991 1915 1030 proprio
1931 1000 2090 1023 cr.10.10,1e.

262 1046 402 1084 pastore,
426 1043 544 1073 Photio
571 1043 719 1073 videlicet
743 1043 903 1073 confratre
929 1046 960 1072 et
984 1042 1189 1072 comninistro
1213 1044 1331 1075 nostro,
1356 1050 1534 1081 aggregare
1553 1041 1683 1070 curavit.
1721 1040 1785 1071 Pro
1803 1041 1917 1082 quibus

262 1094 414 1126 videlicet
448 1096 547 1125 nostri
582 1095 750 1135 pastoralis
786 1095 962 1135 magisterii
995 1093 1135 1123 officium
1172 1095 1220 1122 est
1254 1091 1339 1132 apud
1370 1092 1551 1122 serenitatis
1580 1095 1683 1131 vestre
1715 1093 1916 1133 augustalem

263 1147 469 1177 clementiam
485 1145 613 1176 assidua
631 1156 758 1186 semper
775 1145 987 1176 sollicitudine
1006 1143 1197 1175 omnimodis
1214 1143 1425 1183 intercedere,
1450 1147 1484 1174 ut
1501 1146 1604 1182 vestre
1622 1144 1751 1183 pietatis
1767 1144 1917 1174 maiestas

262 1208 352 1228 more
387 1197 752 1228 Christianissimorumd
784 1198 1013 1238 imperatorum
1049 1196 1188 1236 benigna.
1223 1196 1306 1225 eirca
1341 1204 1451 1225 omnes
1486 1195 1622 1224 existate
1658 1198 1689 1225 ct
1724 1196 1814 1236 quasi
1846 1195 1916 1226 Deo

219 1260 244 1278 20
264 1250 502 1290 contemplante
527 1249 682 1290 populum
706 1249 835 1279 Domini
867 1248 925 1279 sibi
950 1249 1153 1278 commissum
1182 1247 1267 1277 felici
1291 1250 1384 1287 regat
1408 1256 1535 1287 semper
1566 1250 1598 1276 et
1621 1247 1780 1287 gubernet
1804 1248 1917 1278 intuitu

262 1311 321 1331 nec
345 1300 481 1341 amplius
506 1301 645 1341 patiatur
670 1310 725 1330 eos
748 1300 909 1340 aliquibus
934 1299 1031 1339 seculi
1055 1299 1148 1329 huius
1172 1297 1320 1338 procellis
1337 1297 1416 1328 illidi
1433 1302 1487 1328 aut
1504 1298 1651 1339 malignis
1668 1299 1916 1339 perturbationi-

262 1352 321 1382 bus
346 1353 485 1391 concuti,
516 1355 674 1392 quatenus
698 1355 770 1392 post
797 1351 857 1381 hoc
881 1352 944 1382 vite
970 1351 1127 1391 presentis
1155 1351 1323 1390 imperium
1348 1350 1466 1388 celeste
1492 1349 1624 1390 adipisci
1656 1353 1687 1380 ct
1717 1351 1747 1380 in
1773 1354 1917 1381 eternum

263 1414 335 1434 eum
348 1403 487 1434 Domino
504 1404 642 1434 retinere
660 1403 804 1433 valeatis
840 1402 932 1433 Nunc
948 1403 1058 1442 itaque
1074 1412 1131 1442 pro
1150 1405 1238 1432 tanta
1252 1401 1423 1431 devotione
1441 1402 1602 1442 animique
1616 1403 1710 1432 vestri
1725 1403 1916 1441 sinceritate,

263 1465 357 1496 quam
387 1466 449 1486 non
480 1455 582 1485 solum
613 1454 732 1491 verbis,
768 1454 825 1485 sed
855 1454 990 1484 lucifluis
1020 1454 1117 1483 etiam
1150 1453 1300 1493 operibus
1331 1453 1415 1483 eirca
1443 1453 1612 1483 ecclesiam
1642 1454 1742 1484 sancti
1766 1453 1855 1484 Petri
1886 1457 1917 1484 et

220 1516 243 1534 25
264 1510 405 1537 nostram
429 1507 658 1547 paternitatem
683 1505 875 1541 ostendistis,
901 1506 1072 1535 immensas
1096 1508 1169 1545 post
1192 1504 1296 1535 Deum
1322 1505 1486 1535 serenitati
1510 1511 1615 1544 vestre
1640 1505 1759 1545 gratias
1783 1506 1917 1545 agimus,

261 1559 365 1599 primo
390 1557 530 1598 quidem,
556 1557 642 1598 quod
667 1557 853 1587 dromonesf
876 1560 1016 1595 vestros,
1041 1557 1093 1597 qui
1120 1567 1176 1596 pro
1200 1555 1386 1586 defensione
1411 1559 1494 1594 terre
1519 1557 1619 1586 sancti
1642 1556 1731 1587 Petri
1757 1557 1786 1586 in
1810 1561 1916 1587 nostro

261 1612 427 1640 manerent
451 1609 592 1647 servitio,
617 1608 709 1639 nobis
733 1608 900 1645 misistis²3
926 1607 1065 1639 secundo
1090 1612 1209 1643 autem,
1235 1607 1320 1648 quod
1344 1608 1572 1637 monasterium
1591 1609 1688 1638 saneti
1709 1608 1812 1648 Sergii
1836 1610 1918 1639 intra

262 1664 401 1691 vestram
426 1661 548 1701 regiam
573 1659 684 1691 urbem
711 1660 917 1691 constitutum
927 1660 948 1699 ³,
974 1659 1059 1700 quod
1078 1662 1187 1689 sancta
1204 1658 1352 1689 Romana
1371 1659 1506 1689 ecclesia
1523 1660 1591 1690 iure
1609 1661 1737 1700 proprio
1756 1660 1917 1700 quondam

261 1712 406 1752 retinuit,
440 1711 546 1742 divina
576 1712 783 1752 inspiratione
815 1712 929 1752 repleti
955 1722 1010 1752 pro
1036 1711 1156 1741 honore
1182 1711 1332 1752 principis
1360 1710 1578 1751 apostolorum
1609 1715 1716 1741 nostro
1742 1711 1915 1751 prcsulatui

217 1763 462 1799 ³01·eddidistis;
499 1764 592 1794 tertio
618 1773 693 1793 vero
719 1763 808 1793 vobis
832 1766 940 1803 grates
968 1763 1085 1793 multas
1115 1763 1298 1801 referimus,
1328 1763 1402 1802 qnia
1426 1762 1652 1803 Uulgariornm
1679 1763 1830 1793 diocesim
1860 1774 1916 1803 pro

261 1825 370 1845 amore
395 1818 504 1845 nostro
528 1815 667 1855 gratanti
692 1815 798 1845 animo
824 1818 934 1845 sancto
958 1814 1068 1853 Petro,
1092 1817 1127 1844 ut
1150 1814 1267 1844 iustum
1293 1817 1371 1852 erat,
1396 1815 1604 1854 permiseritis
1627 1814 1746 1845 habere
1756 1815 1777 1844 4.
1824 1814 1917 1845 Unde

262 1866 379 1896 obnixe
404 1866 554 1907 petimus,
578 1869 613 1897 ut
630 1869 734 1896 vestro
760 1867 883 1907 potenti
907 1866 1026 1897 solacio
1051 1869 1193 1896 sanctam
1211 1865 1391 1896 Romanam
1417 1866 1585 1896 ecclesiam
1609 1867 1639 1896 in
1661 1866 1720 1896 hoc
1738 1866 1916 1906 periculoso

262 1920 407 1958 tempore
438 1918 469 1948 in
501 1918 648 1948 omnibus
677 1917 829 1948 adiuvare
859 1917 1100 1958 defendereque
1129 1928 1192 1948 non
1217 1917 1449 1958 dedignemini,
1481 1921 1635 1957 quatenus
1665 1928 1705 1947 cx
1728 1917 1787 1947 hoo
1811 1920 1917 1947 vestra

262 1970 438 2010 imperialis
462 1969 565 2010 gloria
593 1970 777 2010 apostolicis
801 1969 1072 2010 suffragantibusg
1096 1969 1218 1999 meritis
1241 1979 1300 2009 per
1324 1972 1453 1999 cunctas
1481 1969 1589 1999 mundi
1614 1972 1721 2009 partes
1748 1969 1850 2009 magis
1881 1979 1917 1999 ac

219 2030 243 2049 35
264 2022 367 2062 magis
391 2021 573 2052 accrescath
599 2024 631 2052 et
660 2021 745 2062 apud
770 2022 1023 2062 omnipotentem
1048 2020 1221 2051 Dominum
1247 2020 1375 2061 dignam
1400 2020 1640 2051 retributionem
1666 2021 1830 2061 percipiat.
1877 2020 1918 2050 Et

262 2073 378 2103 iterum
402 2072 566 2103 humiliter
588 2073 737 2113 petimus,
761 2076 796 2103 ut
818 2073 849 2102 in
871 2073 964 2103 huius
981 2072 1064 2102 bone
1082 2072 1253 2102 voluntatis
1270 2082 1307 2102 ac
1323 2073 1452 2112 pietatis
1470 2072 1597 2111 affectu,
1623 2082 1717 2112 quem
1734 2083 1790 2112 pro
1808 2083 1916 2102 amore

262 2123 325 2154 Dei
354 2124 437 2154 circa
467 2124 635 2154 ecclesiam
659 2124 776 2155 Christi
804 2123 944 2163 habetis,
980 2123 1173 2154 immobilesi
1198 2124 1427 2164 permaneatis,
1457 2124 1605 2164 quoniam
1638 2133 1693 2153 nos
1716 2124 1917 2164 augustalem

264 2175 491 2205 excellentiam
526 2179 664 2205 vestram
699 2175 781 2206 ulnis
817 2175 978 2206 extensisk
1009 2186 1118 2205 amore
1154 2179 1288 2216 paterno
1323 2175 1549 2216 amplectimur
1584 2179 1616 2205 et
1650 2175 1770 2205 honore
1806 2175 1915 2206 debito

261 2237 453 2257 veneramur
482 2230 578 2267 atque
608 2226 742 2257 assiduis
776 2227 974 2257 orationibus
1002 2227 1117 2258 nostris
1142 2227 1230 2257 iuxta
1259 2226 1475 2257 sacros-„metm
1499 2226 1667 2257 beatorum
1697 2227 1915 2267 apostolorum

219 2288 245 2304 40
263 2278 353 2309 Petri
381 2288 418 2308 ac
441 2277 537 2308 Pauli
561 2288 695 2318 corpora
720 2278 797 2308 fusis
822 2279 1034 2319 omnipotenti
1058 2278 1197 2308 Domino
1223 2278 1448 2309 commendare
1474 2278 1652 2318 studemus,
1682 2282 1717 2309 ut
1739 2289 1796 2319 pro
1822 2279 1916 2309 tantis

262 2329 441 2369 beneficiis,
476 2340 537 2370 que
569 2333 678 2360 sancto
702 2329 801 2360 Petro
829 2329 1016 2370 inpenditis,
1045 2330 1114 2370 ipse
1143 2329 1233 2360 vobis
1263 2333 1294 2360 et
1322 2331 1354 2360 in
1382 2330 1442 2360 hoc
1471 2330 1612 2370 presenti
1640 2330 1747 2369 seculo
1776 2333 1915 2360 vestrum

367 2423 425 2449 259.
455 2424 478 2455 ⁸)
497 2431 611 2449 AGUSTIS
631 2424 663 2448 R.
735 2423 759 2455 b)
779 2424 919 2448 honeratur
939 2425 970 2449 R.
1042 2425 1064 2455 ⁰)
1083 2433 1150 2449 corr.
1164 2433 1193 2449 ea·
1212 2426 1387 2450 demonstrant
1406 2426 1440 2450 al.
1454 2434 1523 2449 noan.
1539 2424 1569 2448 It.
1641 2423 1664 2451 ss)
1683 2432 1752 2447 -rnm
1773 2424 1798 2447 ln
1819 2432 1868 2447 ras.
1884 2423 1914 2447 R.

262 2471 284 2497 θ)
305 2469 333 2492 (Ε
352 2476 399 2492 ex-
418 2467 445 2491 in
463 2476 517 2492 ras.
531 2467 562 2492 R.
652 2466 671 2498 f)
691 2468 828 2492 drumones
847 2467 879 2491 R.
967 2467 991 2499 S)
1011 2468 1227 2499 suffragrantibus
1246 2468 1278 2492 B.
1367 2467 1392 2497 h)
1411 2469 1438 2492 in
1456 2477 1509 2492 ww.
1522 2468 1554 2492 R.
1642 2466 1659 2498 i)
1681 2467 1694 2491 b
1714 2475 1781 2491 corr.
1799 2475 1828 2490 ex
1847 2475 1864 2490 n
1883 2466 1914 2490 Ie.

259 2509 284 2541 k)
304 2511 441 2535 existensis
460 2509 492 2534 R.
582 2509 600 2540 l)
621 2519 635 2534 o
654 2518 720 2534 corr.
740 2519 771 2534 eac
789 2518 805 2534 a
824 2510 855 2533 Β.

218 2585 244 2603 45
367 2579 393 2610 1)
413 2577 435 2603 Ι.
449 2585 469 2603 c.
492 2577 601 2603 Graecis
624 2577 838 2610 imperatoribus,
863 2577 970 2603 Basilio
990 2577 1013 2602 I.
1033 2580 1055 2603 et
1076 2578 1151 2609 filiis,
1177 2578 1212 2610 ef.
1232 2587 1258 2604 n.
1276 2582 1332 2604 207.
1352 2593 1385 2596 ——
1403 2578 1445 2603 De
1468 2585 1497 2603 re
1519 2579 1553 2610 cf.
1574 2576 1663 2608 Hefelc
1680 2575 1916 2609 ‘Ooneilienyfflchj

264 2620 332 2651 ²11⁷,
353 2623 412 2646 483.
518 2620 544 2653 2)
567 2619 639 2653 Quos
662 2620 693 2645 in
711 2628 748 2652 ep.
763 2628 789 2646 η.
804 2624 851 2645 245
869 2620 1020 2652 eoepeticrat.
1128 2621 1154 2652 3)
1174 2620 1332 2654 Famosum,
1352 2623 1381 2645 ut
1402 2620 1508 2651 ridetur,
1528 2628 1560 2645 ss.
1576 2619 1660 2651 Sei-qa
1680 2621 1704 2643 et
1722 2618 1805 2643 Baehi
1824 2626 1914 2643 mona-

261 2663 372 2688 sterium
388 2670 469 2696 prope
484 2663 618 2695 palatium
637 2663 775 2695 imperiale
793 2663 880 2695 situm,
901 2663 936 2694 cf.
949 2662 1129 2688 lusordtmann
1146 2664 1284 2696 ‘Esqwc'ssc
1303 2663 1510 2697 topoyrasphique
1529 2662 1560 2687 de
1581 2661 1813 2693 Constcmtrzssuopole
1833 2660 1913 2692 (Line

262 2705 351 2738 1892)’
365 2714 393 2738 1².
406 2710 447 2737 55,
469 2706 537 2738 quod
555 2714 614 2731 vero
636 2705 772 2731 Romanae
791 2706 913 2731 ecclcsiae
933 2706 1075 2738 proprium
1093 2707 1175 2739 fuisse
1193 2715 1327 2739 nusquam
1346 2706 1409 2731 alibi
1427 2705 1560 2736 traditam
1584 2703 1650 2729 deest
1672 2704 1750 2729 ceiam
1772 2703 1802 2728 in
1823 2702 1914 2728 Cencii

262 2747 345 2774 Ist'bro
363 2756 488 2774 censuum
508 2748 559 2781 (ed.
573 2748 829 2774 Fczbre-Ducltesne
846 2757 872 2780 p.
886 2750 948 2779 240)
968 2749 1038 2774 inter
1054 2750 1216 2775 monasteria
1237 2750 1361 2775 Romana
1381 2748 1453 2773 urbis
1468 2746 1718 2778 Constantinopolis.
1790 2746 1816 2773 4)
1838 2745 1914 2778 Quod

218 2798 244 2815 50
262 2790 369 2815 minime
387 2790 506 2822 duravit,
527 2791 550 2816 si
569 2790 675 2823 quidem
693 2799 721 2816 re
742 2798 803 2816 vera
819 2791 977 2823 promissum
995 2793 1038 2817 est.
