2189 3042
111 754 136 772 10

112 1010 136 1028 15

113 1266 138 1285 20

115 1869 142 1889 30

119 2126 143 2145 35

120 2343 145 2360 40

121 2558 145 2576 45

124 2815 149 2834 ⁵⁰

392 191 586 218 ANASTASII
606 189 901 218 BIBLIOTHECARII
920 187 1121 216 EPISTOLAE
1139 187 1220 214 SIVE
1238 185 1517 213 PRAEFATIONES
1537 186 1576 213 13.
1746 187 1805 217 431

268 280 382 311 Inter*
412 282 520 310 cetera
549 277 664 317 studia,
695 287 776 318 quae
806 279 872 307 tam
902 275 1072 307 laudabilis
1103 275 1186 306 actio
1218 285 1313 315 quam
1348 274 1558 305 saluberrima
1592 272 1808 312 commonitio,

162 332 238 374 quin
263 334 316 363 eta
339 331 501 362 odorifera
524 329 635 361 volans
659 328 766 370 opinio
791 328 830 359 de
854 327 1026 359 virtutumb
1051 337 1088 358 ac
1115 337 1239 358 morum
1265 326 1418 367 qualitate
1449 328 1585 365 tuorum,
1611 329 1650 356 oc
1674 325 1810 355 dictator

162 384 300 422 inclite¹,
324 382 508 414 mortalium
531 383 654 412 mentes
679 380 798 411 excitat
822 379 873 411 etd
897 379 937 410 ad
961 377 1175 410 effodiendam
1201 378 1392 418 sapientiam
1415 376 1521 409 velute
1545 377 1712 408 thesauros
1735 376 1808 407 hor-

162 432 273 474 taturf,
294 434 374 465 illud
391 444 517 475 quoque
542 443 604 463 non
626 431 781 463 mediocri
804 434 852 462 est
875 430 1105 462 admirationeg
1122 428 1346 470 stupendumh‚
1371 428 1449 469 quoi
1472 439 1532 460 non
1557 429 1660 459 solum
1677 429 1810 459 Latinos

162 488 280 527 patres,
317 485 373 516 sed
412 484 464 515 etk
495 484 617 515 Grecos
649 483 755 514 rimari
787 493 849 513 non
881 492 986 513 cessas
1019 484 1051 512 et
1081 481 1229 512 Romana
1257 480 1366 521 lingua
1395 480 1554 521 pollentes
1583 479 1812 521 Pelasgaruml

163 537 271 567 facism
295 546 400 567 rerum
425 538 607 576 expertosn.
654 534 702 565 Tu
726 535 844 575 quippe
869 533 957 572 facis,
982 533 1035 574 qui
1058 532 1099 563 ad
1123 531 1304 563 faciendum
1328 531 1461 562 suscitas
1486 534 1518 563 et
1544 531 1711 570 hortaris0‚
1737 533 1812 573 quia

164 591 196 619 et
219 590 298 618 nosp
315 596 413 628 saepe
430 597 580 628 magnam
597 585 727 617 domum
745 584 858 616 fecisse
876 584 1019 624 dicimur,
1043 594 1105 614 non
1122 586 1228 614 tamen
1251 582 1407 623 manibuS,
1429 583 1486 614 sed
1501 583 1661 617 affatibus.
1692 584 1813 615 Beatus

163 639 271 680 itaque
295 639 486 679 Ariopagita
512 637 695 669 Dionisius‘]
721 637 926 667 Atheniensis
957 635 1098 674 antistes,
1129 645 1224 676 quem
1253 635 1336 665 inter
1365 637 1473 665 cetera
1504 638 1628 666 constat
1657 634 1813 667 industria

163 693 228 730 tua,
253 689 526 730 praestantissime
557 689 745 730 principum,
776 688 825 718 inr
848 687 1050 718 Romanums
1073 695 1252 717 sermonem
1283 686 1471 717 translatum
1482 686 1504 726 2,
1535 689 1657 718 tantum
1689 690 1747 727 est,
1778 689 1814 718 ut

163 741 232 782 ipse
267 741 389 782 potiust
422 741 518 781 nosti,
551 740 592 771 ad
624 738 887 780 intelligendumu
919 737 1069 777 difficilis,
1102 739 1255 778 quantum
1285 737 1316 767 in
1346 747 1492 768 sermone
1525 738 1683 779 sublimis,
1715 739 1813 769 immo

164 795 318 834 quantum
357 792 500 824 difficilia
535 794 607 823 sunt
640 791 805 822 intellectu
842 792 874 820 et
910 790 975 820 alta
1011 789 1190 825 misteriis&
1222 799 1304 829 quae
1334 789 1402 829 ipse
1433 792 1647 830 perscrutatus
1677 800 1815 830 superna

163 844 328 875 revelante
352 844 456 885 gratia
480 843 591 874 didicit
614 846 646 874 et
669 842 833 873 archanaW
857 840 1063 881 theologiaeX
1087 839 1193 871 divina
1223 850 1256 870 se
1282 839 1438 871 ducentey
1462 851 1557 872 manu
1580 842 1741 882 ingressus
1765 843 1816 873 inz

163 896 379 926 sanctuarium
402 895 464 926 Dei
488 895 617 926 ablatoa
640 894 797 925 velamine
821 892 1011 934 penetravit.
1046 891 1226 922 Mirandum
1250 891 1348 932 igitur
1370 894 1428 932 est,
1453 893 1528 934 quia
1552 893 1654 933 pietas
1678 897 1733 924 tua
1757 904 1816 925 nec

165 946 263 978 taliab
293 947 469 977 indiscussa
498 946 656 987 reliquit0,
687 945 743 976 sed
773 944 862 983 haec,
891 944 966 974 lieet
995 943 1025 973 in
1054 943 1147 974 terris
1177 942 1330 982 ambulet,
1361 946 1525 985 tamquam
1555 944 1587 975 in
1618 945 1714 976 caelis
1738 955 1814 976 eon-

166 996 316 1029 versans‘¹
341 997 433 1037 adit⁴‘,
458 998 501 1028 ita
525 1000 560 1028 ut
577 997 675 1028 veluti
700 996 839 1038 quidam,
864 998 899 1026 ut
921 996 965 1026 ita
989 995 1157 1035 fateamur,
1182 995 1315 1034 angelus
1338 995 1390 1026 vel
1413 995 1561 1026 caelestis
1585 996 1680 1027 homo
1704 1000 1814 1028 sancta

165 1052 347 1080 sanctorum
371 1049 497 1090 ingredi
521 1048 792 1089 contemplatione
809 1046 947 1078 videaris
972 1050 1003 1077 et
1026 1044 1083 1077 adf
1103 1046 1214 1077 abdita
1238 1048 1270 1076 et
1293 1046 1409 1087 adytag
1426 1046 1552 1078 divinae
1576 1048 1816 1089 ineffabilitatis,

167 1104 320 1141 quantum
344 1100 495 1141 possibile
527 1103 575 1131 est
604 1099 801 1139 mortalibus,
832 1099 933 1130 acutis
962 1098 1173 1139 spiritualium
1198 1097 1383 1129 oculorumh
1406 1098 1524 1129 visibus
1553 1100 1725 1130 accessisse
1750 1110 1818 1131 cre-

168 1152 262 1182 daris.
308 1151 489 1182 Mirandum
515 1161 642 1194 quoque
667 1154 724 1191 est,
749 1149 910 1192 quomodo
933 1149 987 1180 ille
1012 1149 1059 1180 vir
1082 1149 1244 1189 barbarus,
1272 1149 1325 1181 ille
1350 1150 1404 1190 qui
1427 1150 1459 1180 in
1482 1149 1596 1181 finibus
1621 1151 1729 1181 mundi
1760 1162 1817 1192 po-

168 1203 258 1243 situs,
283 1206 401 1244 quanto
425 1203 466 1233 ab
490 1202 672 1234 hominibus
696 1203 946 1242 conversatione,
976 1200 1079 1232 tantoi
1103 1201 1190 1232 credi
1218 1200 1343 1242 potuitk
1366 1201 1498 1232 alterius
1528 1202 1656 1243 linguae
1681 1202 1819 1234 dictione

166 1254 367 1296 longinquus,
391 1255 470 1286 talia
493 1254 656 1286 intellectu
680 1264 796 1295 capere
819 1254 851 1284 in
875 1253 1035 1294 aliamque
1060 1253 1201 1294 linguam
1226 1252 1413 1284 transferre¹
1436 1253 1613 1284 valueritffl:
1638 1254 1818 1285 iohannem

165 1307 262 1337 innuo
296 1305 532 1347 scotigenamss,
564 1307 677 1346 virum,
709 1308 862 1346 quantum
896 1305 1007 1336 auditu
1040 1305 1193 1345 comperi,
1226 1315 1283 1345 per
1314 1305 1421 1336 omnia
1454 1308 1607 1336 sanctum.
1660 1305 1723 1338 Sed
1756 1307 1817 1338 hoc

1824 390 1855 411 os.
1864 389 1929 411 Prov.
1939 390 1988 414 ΒΛ.

1828 1010 1882 1032 cf.1.
1893 1010 1941 1032 Cor.
1949 1013 1981 1035 15,
1989 1013 2022 1033 47.

167 1360 317 1398 operatus
342 1361 390 1388 est
413 1358 530 1388 artifex
553 1358 608 1388 ille
633 1356 778 1398 Spiritus,
803 1357 856 1397 qui
880 1356 964 1387 hunc
988 1356 1154 1387 ardentem
1178 1356 1298 1397 pariter
1325 1358 1357 1387 et
1380 1355 1565 1397 loquentem
1596 1357 1702 1388 fecit0.
1748 1358 2025 1394 Nisief.Ace.ap.2,³.⁴.

169 1410 253 1440 enim
284 1419 325 1440 ex
348 1410 451 1450 gratia
481 1410 579 1450 ipsius
607 1410 682 1450 igne
713 1408 881 1439 karitatis?
912 1408 1090 1449 flagrasset,
1121 1418 1324 1449 nequaquam
1356 1407 1472 1438 donum
1503 1408 1641 1450 linguisq
1666 1409 1818 1450 loquendi

170 1461 279 1501 procul
304 1460 401 1491 dubio
432 1461 651 1501 suscepissetr.
698 1460 781 1491 Nam
812 1459 894 1489 hunc
918 1459 1070 1500 magistra
1099 1458 1220 1489 karitas
1245 1458 1362 1499 docuit,
1388 1459 1473 1500 quod
1503 1459 1544 1491 ad
1573 1460 1745 1491 multorum
1770 1462 1818 1492 in-

114 1523 125 1542 2
169 1513 377 1543 structionem
402 1514 451 1542 et³
471 1512 728 1543 aedificationem
752 1511 899 1552 patravit.
930 1510 1051 1542 Verum
1076 1511 1135 1542 etsi
1159 1510 1201 1541 ad
1224 1521 1407 1542 mensuram
1424 1511 1516 1542 datus
1540 1512 1604 1543 estt
1626 1513 1655 1543 ei
1680 1514 1819 1554 spiritus,

168 1564 237 1604 ipse
261 1566 370 1594 tamen
393 1563 535 1604 paternis
551 1563 703 1593 doctrinis
725 1561 876 1601 imbutus,
902 1564 1054 1603 quantum
1078 1562 1192 1602 potuit,
1215 1561 1292 1593 fecit
1315 1565 1348 1593 et
1369 1562 1523 1603 prodesse
1544 1564 1699 1604 proximis
1716 1565 1820 1596 ultrau

168 1614 274 1645 vires³
298 1614 477 1654 temptavit.
524 1613 711 1655 SiquidemV
734 1616 888 1654 praeterw
910 1613 975 1653 illa,
1004 1623 1087 1654 quae
1111 1613 1195 1644 hunc
1218 1613 1349 1645 latuisse
1373 1613 1550 1655 probantur
1580 1625 1622 1646 ex
1650 1616 1708 1656 his,
1734 1627 1817 1658 quae

168 1665 302 1707 sparsim
327 1676 346 1696 a
370 1665 561 1707 quibusdam
586 1664 649 1696 dex
671 1664 829 1706 praedicti
852 1665 952 1706 patris
975 1664 1174 1696 sermonibus
1198 1668 1231 1696 et
1261 1665 1404 1706 epistolis
1428 1669 1503 1697 ante
1526 1677 1584 1698 nos
1607 1667 1819 1709 interpretata

168 1717 370 1748 inveniuntur
379 1717 401 1757 4,
431 1717 602 1758 plurimum
633 1716 785 1747 utilitatiy
808 1716 975 1755 subtraxit,
1007 1717 1099 1758 quiaz
1121 1719 1211 1747 tanto
1241 1716 1345 1748 studio
1373 1717 1506 1748 verbum
1537 1728 1554 1749 e
1578 1718 1676 1750 verbo
1705 1720 1821 1752 elicere

280 1863 306 1896 ἦῆ)
324 1862 521 1896 δαφεφ·εω’ί]οΐτ”ο
533 1863 564 1888 in
576 1862 664 1889 εοιῑιῐ.;
684 1862 826 1889 Praefatio
840 1862 982 1889 Anastasii
1001 1861 1175 1896 apostolicae
1193 1862 1266 1889 sedis
1284 1862 1494 1890 bibliothecarii
1508 1864 1543 1891 ad
1556 1865 1820 1893 excellentissimum

323 1910 441 1939 reguma
459 1906 488 1932 et
506 1905 770 1932 christianissimum
789 1905 923 1932 Karolum
941 1905 1063 1939 regemb.

275 1992 317 2017 13.
345 1992 370 2024 ⁸)
389 1993 463 2017 etiam
486 1992 514 2024 0,
528 1992 558 2017 P.
637 1992 660 2023 b)
678 1993 800 2017 virtutem
823 1992 874 2017 01.
945 1992 967 2024 0)
986 2000 1035 2017 om.
1049 1992 1080 2017 L.
1159 1991 1184 2025 (ἶ)
1206 2001 1254 2017 om.
1270 1992 1296 2018 Ο,
1377 1992 1400 2024 θ)
1418 1992 1429 2017 1
1449 1993 1493 2025 (=
1506 1995 1560 2027 vel)
1581 1995 1607 2021 0.
1686 1995 1707 2028 f)
1725 2001 1824 2023 ortatur

172 2035 205 2065 B,
219 2035 275 2066 Bi,
288 2035 336 2066 ΡΙι,
352 2034 379 2060 0.
451 2036 475 2066 8)
496 2036 672 2060 ammiratione
691 2035 723 2066 B,
736 2035 767 2066 L,
784 2035 833 2060 01.
905 2034 929 2065 h)
949 2035 1094 2067 stipendum
1115 2035 1136 2060 O
1212 2035 1231 2066 i)
1250 2037 1317 2067 quod
1336 2036 1368 2062 L.
1440 2035 1466 2068 k)
1485 2045 1533 2062 om.
1550 2037 1576 2063 Ο.
1646 2037 1666 2069 l)
1685 2048 1696 2063 s
1715 2040 1742 2064 in
1760 2049 1822 2072 ras„

172 2078 209 2102 al.
223 2086 256 2102 m.
270 2086 396 2109 super-scr.
416 2078 441 2102 id
466 2082 505 2103 est
528 2086 662 2110 grecorum
681 2077 713 2103 F.
817 2077 850 2109 m)
869 2078 948 2103 facies
969 2078 996 2102 O.
1102 2080 1125 2109 Β)
1150 2079 1185 2103 sic
1203 2079 1238 2107 L,=
1263 2087 1354 2111 expers
1378 2088 1444 2105 corr.
1463 2089 1493 2105 ea:
1517 2084 1635 2113 expartes
1654 2081 1708 2114 Ph,-
1732 2092 1823 2116 expers

172 2120 204 2151 B,
218 2120 242 2144 B
254 2124 278 2149 15
296 2124 413 2153 expertes
431 2119 464 2152 F,
481 2120 509 2150 0,
525 2121 574 2153 01,
589 2122 617 2152 0,
631 2121 662 2145 P.
742 2122 766 2153 0)
786 2121 876 2146 ortaris
894 2121 926 2146 B.
1014 2121 1038 2153 P)
1058 2122 1092 2147 al.
1105 2130 1137 2146 m.
1150 2130 1276 2153 supersar.
1292 2122 1340 2147 Ph.
1419 2122 1444 2154 q)
1463 2124 1603 2156 Dionysius
1621 2125 1661 2149 lzic
1679 2125 1733 2156 Plu
1752 2128 1821 2159 Dyo-

172 2164 254 2189 nisius
283 2163 324 2188 Izic
353 2168 376 2188 et
405 2171 503 2195 semper
531 2163 560 2195 Ο,
587 2164 608 2189 Ο
623 2167 651 2196 1‚·
682 2165 822 2198 Dyonisius
853 2164 906 2196 hic,
935 2164 1011 2196 infra
1039 2165 1172 2190 Dionisius
1199 2165 1236 2196 L‚·
1266 2165 1399 2190 Dionisius
1428 2166 1528 2197 reliqui.
1645 2167 1666 2199 ι“)
1694 2177 1741 2193 om.
1763 2169 1789 2194 B
1801 2173 1823 2203 1,

172 2207 193 2239 Ἰ)
218 2207 390 2231 Romanorum
407 2206 432 2230 B
446 2209 468 2238 1,
489 2206 510 2231 O
526 2210 550 2231 1.
662 2206 682 2239 t)
710 2208 838 2240 potentius
861 2207 893 2239 F,
916 2207 945 2239 0,
969 2208 1018 2238 01,
1037 2207 1068 2233 L.
1181 2207 1207 2239 ιι)
1235 2208 1436 2241 intellegendum
1454 2209 1503 2241 Pk,
1520 2209 1557 2238 F,-
1582 2210 1618 2235 εἰσ
1644 2212 1720 2236 etiam
1748 2212 1822 2246 infra

170 2258 196 2281 p.
209 2251 261 2274 432
280 2250 295 2274 l.
310 2252 386 2281 263q.
475 2252 499 2279 V)
522 2251 650 2282 mysteriis
669 2250 700 2281 F,
718 2250 745 2276 Ο.
850 2250 879 2282 W)
904 2259 998 2276 arcana
1016 2251 1048 2276 F.
1152 2251 1175 2283 ¹³)
1198 2252 1333 2284 theologye
1351 2251 1384 2282 B,
1397 2251 1445 2277 Ph.
1551 2251 1576 2285 δ’)
1600 2255 1752 2280 succedente
1775 2256 1824 2281 01.

172 2293 195 2324 z)
213 2301 338 2324 super-rer.
349 2292 397 2317 Ph.
468 2292 492 2324 ὓ)
510 2301 579 2317 corr.
593 2301 623 2318 ez
641 2293 726 2318 oblato
739 2293 775 2323 F;
794 2297 819 2318 et
836 2294 922 2318 ablato
934 2293 1017 2318 velato
1033 2293 1060 2318 O.
1132 2292 1158 2325 b)
1171 2294 1222 2319 alia
1238 2294 1266 2326 O,
1284 2294 1335 2319 01.
1412 2293 1434 2325 c)
1453 2295 1562 2327 reliquid
1575 2295 1608 2326 B,
1620 2296 1673 2327 131,
1688 2297 1736 2329 Pla,
1751 2298 1778 2330 O,
1791 2299 1822 2324 P.

173 2334 197 2367 d)
215 2343 354 2360 conversus
374 2334 404 2360 L.
475 2334 497 2367 θ)
514 2336 584 2360 addit
601 2335 633 2366 B,
646 2336 701 2360 131.
778 2334 798 2367 f)
816 2344 863 2360 om.
880 2335 907 2360 Ο.
988 2334 1013 2367 Ε)
1033 2337 1101 2361 adita
1119 2345 1186 2362 corr.
1200 2345 1231 2361 em
1248 2338 1327 2370 adyta
1349 2337 1381 2367 0‚·
1399 2337 1469 2362 adita
1490 2337 1517 2369 C',
1531 2337 1560 2369 P,
1578 2338 1626 2364 01.
1702 2339 1728 2372 h)
1748 2349 1823 2366 oceu-

172 2379 255 2403 lorum
273 2377 323 2409 Ph,
338 2378 364 2402 0.
446 2377 464 2409 i)
483 2386 549 2403 corr.
564 2387 594 2403 ea:
612 2382 664 2404 toto
682 2379 715 2404 F.
802 2377 826 2410 k)
846 2379 928 2411 potuit
947 2380 1014 2404 credi
1035 2379 1062 2404 Ο.
1149 2377 1169 2411 1)
1193 2382 1317 2405 tranferre
1335 2380 1384 2406 Ph.
1473 2381 1506 2412 ¹¹¹)
1531 2390 1599 2407 corr.
1612 2390 1643 2406 eae
1660 2383 1770 2408 voluerit
1787 2383 1822 2408 F.

172 2419 198 2453 n)
217 2428 342 2452 super-scr.
355 2429 372 2452 y
390 2420 423 2451 B,
437 2420 491 2449 Ph,-
508 2423 676 2454 scottigenam
689 2421 721 2454 F,
734 2421 769 2452 L‚·
788 2425 956 2453 scotygenam
971 2420 1003 2452 C';
1021 2422 1196 2454 seothigenam
1210 2422 1264 2448 131.
1334 2424 1358 2454 ⁰)
1378 2424 1440 2448 facit
1451 2423 1483 2453 B,
1497 2423 1554 2454 131,
1568 2423 1600 2456 F,
1616 2424 1664 2450 01.
1734 2425 1758 2457 1³)
1772 2433 1823 2451 car.

174 2464 214 2489 Ιιίο
232 2468 255 2488 ec
271 2464 346 2496 infra
365 2464 382 2488 l.
394 2466 428 2489 24
455 2463 487 2494 F,
505 2464 533 2495 0,
549 2464 598 2489 01.
679 2463 704 2496 q)
722 2465 825 2497 longius
844 2464 874 2489 L.
956 2463 977 2496 ¹')
996 2466 1137 2497 suscepisse
1158 2464 1184 2490 Ο.
1264 2465 1285 2496 Β)
1303 2466 1335 2490 ad
1354 2466 1416 2491 add.
1429 2471 1451 2491 et
1470 2467 1519 2492 del.
1532 2467 1581 2493 Ph.
1662 2468 1681 2499 t)
1700 2476 1749 2493 om.
1764 2468 1824 2494 B1.

173 2507 201 2539 u)
219 2508 313 2532 multos
333 2507 392 2537 del„
419 2507 486 2531 ultra
504 2515 631 2539 superscr.
648 2507 674 2532 Ο.
762 2507 786 2538 V)
814 2511 953 2539 sequuntur
977 2509 993 2531 2
1019 2508 1118 2532 litterae
1141 2516 1231 2533 erasae
1249 2508 1281 2533 F.
1369 2508 1399 2540 w)
1424 2517 1491 2534 corr.
1509 2518 1543 2534 m.
1559 2514 1625 2541 post.
1645 2519 1675 2535 ew
1700 2514 1771 2543 pater
1792 2511 1822 2537 0.

172 2551 199 2582 ¹)
219 2560 267 2576 om.
291 2550 318 2581 Ο,
336 2550 384 2576 01.
489 2551 514 2582 5)
533 2560 600 2576 corr.
614 2560 644 2576 ecc
669 2552 780 2577 utilitate
800 2551 833 2580 0‚·
859 2551 977 2576 utilitatis
1001 2550 1035 2582 F,
1051 2551 1079 2581 O,
1097 2551 1148 2577 01.
1254 2550 1275 2581 z)
1302 2551 1346 2583 qui
1365 2551 1464 2583 B,B1.
1569 2553 1592 2584 ⁸)
1615 2561 1662 2577 om.
1678 2552 1710 2584 F,
1727 2554 1756 2584 0,
1772 2553 1822 2579 01.

173 2592 198 2626 b)
216 2602 306 2626 regum
325 2594 448 2619 Karolum
467 2593 504 2622 F:
522 2602 608 2627 regem
626 2594 746 2620 Karolum
769 2594 798 2625 O,
814 2594 862 2619 01.

279 2679 304 2712 1)
323 2677 385 2705 Scit.
398 2677 523 2705 Karalus
541 2678 644 2710 Calvus,
662 2685 710 2704 rex
721 2677 893 2705 occidentalis
907 2678 1044 2705 Franciae
1056 2682 1147 2706 840—
1156 2683 1211 2713 877,
1230 2680 1374 2714 imperator
1387 2683 1475 2707 875—
1483 2683 1537 2707 87⁷.
1614 2681 1640 2713 2)
1660 2682 1686 2707 Α
1699 2681 1824 2708 Iohanne

175 2720 260 2753 Scato,
283 2722 320 2755 cf.
333 2720 391 2746 eius
408 2721 542 2754 epistolam
554 2720 749 2747 dedicatoriam
761 2720 866 2747 Karolo
882 2721 961 2748 Calvo
971 2722 1086 2755 missam,
1106 2722 1145 2750 ed.
1158 2723 1193 2748 M
1197 2722 1230 2750 G.
1244 2723 1331 2756 Ffflist.
1347 2722 1392 2756 VI,
1406 2726 1461 2754 158,
1480 2726 1504 2749 et
1522 2723 1597 2757 epist.
1611 2723 1720 2750 Nicolai
1733 2724 1763 2757 1.,
1783 2724 1823 2751 ed.

174 2763 238 2790 ibid.
247 2771 277 2796 p.
290 2767 342 2790 651.
421 2763 449 2796 3)
471 2763 511 2798 Cf.
523 2762 658 2790 Iohannis
671 2763 744 2790 scoti
761 2764 836 2797 epist.
850 2764 865 2791 l.
879 2764 895 2790 Z.
904 2773 933 2798 p.
948 2768 991 2791 159
1009 2765 1026 2792 Ζ.
1039 2769 1071 2791 4.·
1087 2765 1163 2792 ultra
1175 2766 1247 2793 vires
1265 2768 1381 2793 nostras.
1463 2766 1491 2800 4)
1509 2766 1545 2792 In
1564 2766 1630 2793 actis
1648 2767 1824 2793 conciliorum

175 2807 288 2840 sparsim
307 2807 357 2833 loci
369 2805 538 2841 Dionysiam
554 2806 662 2833 laudati
679 2809 765 2833 erant.
