2189 3042
145 793 175 814 cr.
186 793 218 813 10.
227 795 258 817 10v
267 796 286 813 1.

121 998 151 1019 cf.
162 998 198 1018 ΡΒ.
209 1000 255 1020 111.
264 1000 283 1019 9*

95 2007 126 2028 cf.
134 2006 212 2028 Matth.
220 2008 251 2030 10.
258 2007 290 2026 25.

117 2108 145 2130 ef.
157 2107 215 2134 Eph.
228 2111 247 2132 6,
257 2112 288 2127 m.

297 131 358 160 362
813 124 997 151 STEPHANI
1011 124 1044 151 V.
1063 124 1183 150 PAPAE
1201 123 1402 150 EPIsTOLAE
1414 124 1439 151 3.

296 214 356 244 hoc
380 215 554 254 impetrare
580 212 675 253 quivi,
700 214 734 242 ut
758 215 961 242 accusatores
984 211 1016 241 in
1040 211 1224 251 praesentia
1248 210 1477 241 exhiberentur
1500 214 1532 242 et
1555 221 1651 242 causa
1674 215 1760 243 recte
1785 214 1949 245 examina-

296 268 392 295 retur.
445 263 495 294 En
525 266 633 304 patres
664 262 899 303 benignissimi,
933 262 991 293 nisi
1022 272 1118 303 super
1147 262 1241 293 huius
1271 263 1528 293 controversiae²
1552 263 1753 303 querimonia
1782 264 1950 296 dexteram

295 315 435 346 iustitiae
465 314 646 355 porrigatis,
675 324 733 345 nec
764 314 949 355 episcopale
980 313 1191 344 ministerium
1222 313 1264 344 ad
1293 313 1532 344 christianitatis
1562 313 1800 345 observantiam
1830 316 1955 356 quimus

296 376 460 405 exercere,
485 376 544 396 nec
569 365 708 396 claustra
736 365 932 403 monasterii,
957 375 1040 406 quae
1070 375 1130 396 nec
1159 365 1267 406 aliqua
1298 365 1414 404 inveni,
1445 368 1578 406 propter
1606 367 1774 407 penuriam
1805 369 1837 397 et
1867 366 1953 398 deci-

296 429 419 450 marum
445 418 694 449 abstractionem
719 417 904 457 emendare,
929 427 1012 458 quae
1034 418 1216 458 nuperrime
1239 417 1405 458 coepimus
1429 420 1623 458 construere,
1647 428 1752 459 neque
1774 417 1895 448 clerum
1911 417 1953 449 ad

295 471 356 501 Dei
381 470 543 500 servitium
574 479 708 511 pascere
731 469 910 500 valebimus
941 472 973 500 et
997 470 1124 508 vestire,
1155 468 1213 500 sed
1237 468 1445 510 cogentibusb
1469 469 1564 500 variis
1595 469 1778 511 aerumpnis
1810 469 1953 510 dispergi

296 522 476 553 dolebimus
499 532 561 552 non
586 532 680 563 posse
704 532 811 552 rursus
836 521 1035 561 congregari.
1082 520 1177 561 Ecce,
1202 523 1311 562 patres
1336 521 1470 562 egregii,
1495 523 1542 551 tot
1565 521 1655 552 annis
1678 521 1846 552 transactis
1870 525 1954 552 tem-

295 584 373 614 pore
399 573 684 614 praedecessorum
711 583 855 603 meorum
880 572 1048 613 praefatae
1079 573 1235 604 ecclesiae
1265 573 1506 604 inconsecratae
1529 572 1684 604 hactenus
1708 576 1898 614 permanent
1923 576 1956 604 et

295 629 406 656 contra
437 625 635 656 voluntatem
670 628 812 655 nostram
848 643 881 646 --
915 625 990 666 quia
1022 624 1212 665 prohibetur
1240 625 1273 655 in
1305 623 1480 655 canonibus
1516 624 1648 656 iubente
1681 625 1754 666 lege
1783 624 1890 656 divina
1913 643 1954 647 —

295 678 464 708 missarum
489 677 612 708 officia⁰
637 676 713 707 inibi
737 676 941 708 celebrantur
959 676 998 707 ab
1023 676 1093 715 hiis,
1117 676 1156 707 de
1173 687 1308 718 quorum
1333 676 1534 707 ordinatione
1551 676 1745 717 dubitatur-1,
1771 676 1917 708 decimae
1936 687 1955 708 a

295 729 387 760 nobis
413 728 575 768 tolluntur,
600 728 741 769 parvitas
765 730 873 758 nostra
890 739 952 758 non
968 728 1175 759 mediocriter
1191 729 1222 758 in
1241 728 1397 767 omnibus,
1415 739 1496 769 quae
1515 728 1612 769 digna
1629 732 1701 759 sunt
1717 728 1955 768 emendatione,

300 781 545 821 contempnitur,
571 781 645 821 quia
668 780 723 811 ubi
745 791 844 810 unum
874 780 1038 811 foraminis
1061 779 1185 810 aditum
1214 780 1359 811 inimicus
1388 780 1555 820 invenerit,
1586 781 1788 811 occasionem
1817 779 1957 811 intrandi

300 831 494 863 ostendensd
518 832 558 862 ad
592 832 701 862 caulas
732 833 837 863 ovium
868 832 978 863 hostes
1009 832 1184 863 exhibebit.
1230 832 1324 863 Unde
1357 843 1424 872 vos,
1459 842 1603 863 summae
1638 832 1723 863 sedis
1757 832 1956 874 apostolicae

299 887 464 915 auctorem
489 894 549 915 ceu
572 884 670 914 totius
694 883 935 915 christianitatis
959 887 1071 924 capute
1094 884 1294 920 invocamus;
1320 889 1352 915 et
1376 884 1429 925 qui
1454 894 1561 915 coram
1585 884 1739 915 altaribus
1764 894 1898 925 corpore
1923 885 1957 915 in

298 936 480 976 pavimento
505 936 655 976 prostrati
685 937 862 976 patrocinia
892 940 1075 966 sanctorum
1105 936 1325 976 imploramus,
1356 938 1391 966 ut
1420 936 1531 967 salutis
1562 938 1594 967 et
1623 936 1800 967 sanctitatis
1831 938 1956 967 vestrae

300 988 497 1028 prosperitas
521 987 699 1028 proteletur
723 990 755 1018 et
778 988 809 1018 in
833 991 1000 1018 aeternum
1025 988 1128 1028 gloria
1151 991 1183 1018 et
1207 998 1305 1018 cornu
1327 990 1468 1019 vestrum
1492 988 1652 1027 dilatetur,
1676 987 1811 1029 pedibus
1827 988 1958 1029 pietatis

298 1043 424 1070 vestrae
449 1044 556 1070 mente
581 1039 740 1080 provoluti
770 1038 935 1079 petimuss‚
959 1042 994 1069 ut
1018 1049 1114 1080 super
1137 1039 1197 1070 hac
1226 1050 1261 1070 re
1286 1039 1362 1081 quid
1389 1039 1480 1070 nobis
1508 1039 1692 1070 faciendum
1715 1040 1766 1080 sit,
1797 1040 1957 1071 censeatis

298 1094 354 1122 aut
383 1094 490 1122 utrum
519 1091 577 1121 sub
603 1091 828 1122 taciturnitatis
851 1091 936 1121 nodo
959 1091 1083 1122 calcare
1108 1094 1140 1122 et
1162 1091 1288 1122 silentio
1306 1091 1386 1122 haec
1410 1092 1486 1122 talia
1503 1094 1636 1133 propter
1659 1091 1811 1123 scandala
1827 1091 1958 1122 vitanda

298 1153 447 1183 premere
473 1143 650 1173 debeamus
674 1143 725 1174 vel
749 1153 839 1184 spem
868 1142 1081 1184 recuperandi
1105 1154 1145 1174 ex
1168 1143 1301 1174 decimis
1324 1142 1503 1174 habeamus
1525 1143 1766 1185 sequendumve
1789 1143 1882 1175 nobis
1906 1144 1956 1184 sit,

298 1198 333 1225 ut
358 1195 396 1225 de
421 1194 481 1226 hac
505 1205 639 1226 censura
664 1195 754 1226 nobis
778 1195 932 1225 iustitiam
957 1195 1026 1226 fieri
1057 1195 1279 1234 reclamemus,
1310 1195 1341 1226 in
1366 1195 1537 1236 propatulo
1568 1195 1659 1226 nobis
1691 1195 1861 1226 enucleare
1886 1205 1955 1226 cer-

298 1250 429 1287 tumque
460 1246 566 1277 facere
592 1246 740 1287 dignetur
768 1246 954 1277 beatissima
985 1247 1160 1287 paternitas
1185 1250 1301 1287 vestra,
1331 1257 1428 1289 quam
1452 1257 1642 1278 conservare
1666 1247 1816 1289 dignetur
1841 1247 1954 1278 ineffa-

298 1297 392 1329 bilis&
414 1298 519 1339 pietas
543 1299 749 1339 sempiterna.

352 1382 573 1409 STEPHANUs*
594 1384 748 1408 SANCTAE
768 1383 1003 1409 APOSTOLICAE
1024 1386 1065 1409 ET
1084 1386 1309 1410 UNIVERSALIS
1328 1386 1496 1410 ROMANAE
1514 1386 1702 1410 ECCLESIAE
1719 1386 1903 1410 EPISCOPUS

389 1427 568 1452 EGILMARO
587 1427 794 1451 VENERABlLi
815 1427 1092 1453 OSNABURGENSIS
1110 1429 1297 1453 ECCLESIAE
1314 1429 1478 1454 EPISCOPO
1497 1430 1533 1454 IN
1551 1429 1686 1454 DOMINO
1705 1429 1875 1454 SALUTEM.

408 1478 571 1509 Bonorum
597 1488 730 1518 operum
755 1481 787 1509 et
811 1479 1022 1519 spiritualium
1046 1479 1224 1510 studiorum
1240 1479 1346 1511 Deum
1370 1483 1534 1511 auctorem
1559 1490 1629 1511 esse
1653 1491 1717 1511 non
1741 1480 1872 1511 dubium
1897 1482 1954 1512 est.

300 1530 394 1561 Unde
418 1530 532 1560 laetari
563 1540 614 1560 me
645 1530 790 1560 fecerunt
818 1530 994 1570 scripturae
1026 1533 1100 1561 tuae
1135 1541 1175 1561 ex
1207 1531 1291 1562 bono
1324 1531 1429 1562 studio
1463 1534 1496 1562 et
1528 1541 1568 1562 ex
1600 1532 1785 1572 integritate
1817 1532 1895 1563 fidei
1925 1536 1958 1564 et

302 1581 481 1613 devotionis
505 1584 591 1618 tuae,
617 1581 672 1612 sed
697 1591 738 1611 ex
762 1581 935 1612 afflictione
960 1585 1015 1612 tua
1037 1592 1155 1622 magna
1180 1593 1221 1613 ex
1244 1586 1335 1623 parte
1359 1584 1488 1621 tristari,
1512 1593 1609 1624 super
1625 1594 1688 1624 qua
1711 1587 1746 1614 tu
1762 1587 1956 1624 conquestus

302 1644 337 1664 es
362 1637 394 1664 et
418 1632 559 1663 crebrior
583 1632 623 1663 ad
648 1643 705 1662 nos
729 1643 833 1663 sermo
859 1634 1107 1663 commeantium
1132 1633 1276 1674 prolatus
1300 1636 1357 1665 est.
1403 1634 1474 1665 Non
1500 1635 1641 1675 oportuit
1665 1635 1796 1676 quidem
1819 1635 1860 1666 ab
1884 1635 1956 1676 illis,

302 1685 340 1716 a¹¹
365 1684 479 1725 quibus
503 1685 672 1715 sustentari
698 1688 730 1714 et
753 1685 873 1725 portari
898 1687 995 1724 atque
1020 1684 1168 1715 honorari
1194 1684 1343 1724 debuisti,
1367 1688 1415 1716 tot
1438 1696 1475 1716 ac
1498 1689 1612 1722 tantas,
1643 1686 1795 1717 innocens
1824 1691 1859 1718 ut
1889 1697 1956 1718 cre-

302 1736 416 1775 dimus,
452 1737 677 1776 oppressiones
712 1737 847 1776 perpeti.
907 1735 1067 1766 Mandasti
1101 1737 1185 1766 enim
1220 1736 1312 1767 nobis
1345 1737 1549 1768 sanctitatem
1583 1741 1670 1768 tuam
1702 1748 1721 1768 a
1755 1737 1955 1770 Godescalco

300 1788 413 1819 Novae
440 1787 597 1818 Corbeiae
628 1787 769 1818 abbate2
794 1791 826 1818 et
849 1787 1077 1818 Hervordense
1102 1788 1285 1819 abbatissa³
1308 1788 1514 1830 ipsorumque
1544 1789 1722 1820 fautoribus
1746 1790 1840 1821 variis
1870 1791 1956 1822 cala-

300 1839 466 1871 mitatibus
490 1839 599 1869 vexari
633 1842 664 1869 et
689 1839 834 1869 dilaniari
866 1842 898 1870 et
929 1839 1014 1879 apud
1048 1839 1146 1870 filium
1180 1844 1321 1870 nostrum
1345 1841 1516 1871 Arnulfum
1549 1841 1668 1872 crebris
1700 1842 1956 1873 accusationibus

300 1892 370 1933 plus
403 1902 507 1932 aequo
541 1891 698 1929 infamari,
731 1891 900 1921 ecclesiam
934 1894 1020 1921 tuam
1053 1892 1116 1921 suis
1147 1891 1274 1922 dotibus
1304 1895 1336 1922 et
1366 1892 1510 1923 fidelium
1541 1892 1754 1924 oblationibus
1789 1894 1956 1934 expoliari.

301 1943 391 1979 Inde,
416 1943 524 1981 frater,
549 1943 613 1972 noli
646 1943 764 1981 mirari,
796 1943 821 1972 si
853 1946 883 1973 te
914 1942 1093 1973 membrum
1124 1943 1266 1974 malivoli
1297 1946 1329 1974 et
1357 1944 1448 1983 impii
1476 1948 1720 1984 persequuntur,
1752 1955 1823 1975 cum
1852 1946 1958 1986 ipsum

308 1995 469 2026 Christum
501 1998 614 2035 capute
647 1998 788 2025 nostrum
821 1995 884 2024 sint
915 1995 1089 2034 persecuti,
1124 1995 1205 2026 sicut
1236 1995 1306 2036 ipsa
1337 1996 1455 2026 veritas
1489 1996 1549 2025 ait:
1584 1996 1630 2026 ‘Si
1665 1999 1790 2037 patrem
1822 1997 1959 2028 familias

299 2046 481 2077 Beelzebuc
502 2049 706 2078 vocaverunt.
725 2049 843 2086 quanto
868 2046 972 2086 magis
998 2046 1189 2076 domesticos
1213 2047 1302 2078 eius.²
1336 2046 1409 2077 Noli
1435 2047 1571 2077 multum
1591 2049 1711 2088 vexari,
1736 2048 1801 2079 noli
1824 2048 1955 2087 turbari,

304 2098 360 2128 sed
395 2098 575 2128 confortare
608 2098 639 2127 in
664 2097 802 2127 Domino
838 2100 869 2127 et
901 2098 931 2127 in
964 2097 1108 2137 potentia
1137 2098 1261 2129 virtutis
1295 2099 1372 2129 eius.
1418 2098 1486 2129 Nos
1515 2109 1591 2129 vero
1625 2100 1663 2130 ad
1698 2099 1957 2141 supplementum

301 2150 416 2180 fratres
441 2154 472 2180 et
496 2150 704 2190 coepiscopos
728 2154 852 2179 nostros
876 2150 1014 2189 amplius
1039 2160 1132 2190 quam
1158 2151 1389 2191 quinquaginta
1405 2151 1599 2187 vocavimus,
1624 2162 1696 2182 cum
1720 2151 1836 2192 quibus
1859 2162 1955 2193 regu-

300 2201 411 2231 lariter
433 2200 598 2231 tractando
625 2200 833 2239 decrevimus,
859 2210 941 2241 quae
967 2205 998 2230 et
1019 2201 1126 2242 qualia
1148 2201 1205 2231 tibi
1230 2205 1261 2232 et
1284 2206 1390 2232 tecum
1413 2202 1612 2243 litigantibus
1635 2213 1788 2243 responsa
1811 2204 1955 2235 remitta-

300 2263 380 2292 mus,
406 2253 480 2292 quia
503 2262 566 2282 una
591 2251 770 2293 eademque
802 2251 853 2283 die
882 2252 1009 2282 illorum
1040 2253 1185 2283 litteras4
1208 2263 1303 2294 super
1332 2253 1469 2284 hiisdem
1496 2254 1633 2295 negotiis
1665 2255 1758 2285 simul
1792 2265 1864 2286 cum
1896 2256 1956 2286 tuis

301 2304 509 2344 suscepimus.
556 2303 629 2333 Hiis
653 2304 736 2334 enim
762 2303 905 2344 epistolis
928 2303 961 2333 in
986 2304 1126 2335 omnium
1151 2304 1316 2336 audientia
1339 2305 1489 2346 perlectis
1512 2306 1638 2346 multas,
1668 2308 1704 2336 ut
1727 2306 1820 2347 nosti,
1850 2307 1956 2348 queri-

301 2356 424 2386 monias
457 2358 488 2385 et
520 2355 745 2395 oppressiones
777 2366 872 2395 super
901 2355 1028 2386 illorum
1059 2356 1242 2387 temeritate
1273 2359 1328 2387 tua
1357 2357 1542 2388 continebat
1564 2358 1596 2388 in
1620 2368 1664 2398 se,
1693 2357 1750 2389 sed
1774 2361 1806 2388 et
1828 2358 1955 2389 illorum

405 2465 430 2497 *)
449 2466 643 2499 Sapei-scriptio
663 2466 690 2491 in
711 2466 746 2491 0.-
772 2465 924 2500 Responsio
944 2467 1089 2501 Stephani.

407 2535 430 2566 a)
450 2536 625 2560 controuercie
647 2536 675 2560 Ο.
752 2534 777 2567 b)
797 2536 938 2567 cogendum
957 2536 985 2567 Ο,
1005 2545 1071 2561 corr.
1090 2537 1227 2570 Olmsorye.
1298 2537 1321 2570 c)
1340 2547 1371 2563 ne
1391 2539 1452 2563 add.
1467 2538 1512 2563 0¹.
1583 2537 1607 2570 d)
1628 2538 1671 2564 Sic
1687 2538 1722 2571 0,-
1740 2539 1880 2564 ascendens
1896 2548 1956 2572 per-

300 2588 391 2611 peram
408 2579 453 2603 0¹.
542 2578 565 2609 e)
585 2579 667 2611 capud
689 2578 717 2603 Ο.
805 2577 824 2609 ¹)
844 2582 962 2610 petamus
985 2582 1012 2604 (J.
1095 2580 1120 2611 8)
1141 2581 1262 2612 Sequitur
1281 2586 1305 2606 et
1323 2590 1426 2606 erasum
1448 2582 1476 2607 0.
1563 2580 1589 2614 h)
1608 2582 1684 2606 Deest
1706 2582 1733 2607 Ο.

406 2655 431 2686 l)
458 2654 509 2680 Sed
534 2657 567 2688 cf.
588 2654 708 2688 Greaorii
725 2655 779 2680 ΙΙΙ.
799 2655 1037 2688 ey)ist⁴1t’e9..7aff‹3
1056 2659 1129 2688 2951,
1155 2656 1194 2682 ecl.
1207 2657 1248 2684 M.
1267 2657 1353 2690 Tanyl
1375 2657 1438 2683 ‘Die
1463 2657 1557 2691 Briefe
1584 2657 1628 2683 des
1654 2657 1690 2684 m.
1709 2658 1871 2691 Bonifatius
1897 2659 1956 2684 und

303 2697 410 2723 chllas’
429 2706 456 2730 p.
473 2701 502 2723 72
520 2698 535 2724 Ι.
550 2701 643 2731 26399.
748 2698 775 2730 2)
795 2701 949 2724 890-900.
1054 2699 1080 2730 3)
1100 2698 1215 2726 Nomine
1233 2700 1364 2734 Haduzvy
1380 2700 1420 2726 vel
1439 2700 1576 2733 Haduini,
1599 2702 1632 2734 cf.
1647 2701 1736 2727 Waitz
1752 2700 1896 2727 ‘Heinrich
1907 2701 1933 2727 Γ
1945 2703 1955 2717 ³

299 2749 329 2773 p.
345 2744 400 2766 183.
505 2741 532 2773 4)
553 2740 627 2774 Quae
645 2740 795 2774 deperditae
814 2743 884 2766 sunt.

1984 687 2010 707 10

1984 946 2009 965 15

1984 1208 2010 1228 20

1984 1492 2008 1511 25

1983 1750 2009 1769 30

1986 2007 2011 2027 ³5

1984 2264 2010 2283 40

1984 2591 2009 2609 45

2175 1799 2189 1862 :sm
2186 1762 2189 1783 a.
2184 1706 2189 1720 <.
2183 1685 2187 1688 ·
2179 1608 2189 1643 „„;.
2180 1570 2189 1594 :³—
2180 1548 2182 1550 ·
2177 1486 2183 1530 -·”
