2189 3042
364 195 422 226 138
794 187 971 215 IOHANNIS
990 188 1065 214 VIII.
1085 187 1203 214 PAPAE
1225 187 1423 214 EPISTOLAE
1448 187 1505 215 170.
1526 188 1583 215 171.

376 294 678 321 ltl-ZVERENTISSIMIS
703 295 746 318 ET
775 293 1005 317 SANCTISSIMIS
1028 292 1284 317 CONFRATRIBUS
1307 292 1447 317 NOSTRIS
1465 292 1679 318 AURELIANO'
1700 293 1745 317 ΕΤ
1763 293 1995 319 AUTERAMNO²

665 336 801 361 NECNON
824 335 1039 360 TEUDERICO⁸
1058 335 1102 359 ΕΤ
1126 335 1304 359 UNIVERSIS
1327 335 1541 360 COEPISCOPIS
1563 335 1710 360 VESTRIS.

468 388 619 419 Omnium
647 390 824 418 vestrorum
855 385 1017 417 sanctitati
1046 388 1157 417 notum
1187 395 1257 416 esse
1286 385 1431 417 volumus
1459 386 1584 417 venisse
1612 385 1813 417 Bicbertinus
1844 385 2014 417 deferens*

360 440 561 481 imperatoris
577 441 766 480 preceptum
784 441 816 469 et
833 438 1090 469 commutationis
1107 436 1282 468 cartulamb
1299 436 1338 468 de
1354 436 1459 478 rebus,
1476 447 1555 478 quas
1569 435 1792 480 [Uuit]carius⁰
1810 447 1881 468 cum
1893 437 2012 468 Amulo

359 491 624 532 archiepiscopo4
641 489 762 520 dudum
779 488 1106 520 comn1utave1-unt‘15.
1142 488 1278 529 Insuper
1300 491 1409 519 nostro
1433 489 1627 529 apostolatui
1650 489 1816 529 intimavit,
1839 491 1876 520 ut
1899 487 2014 531 [eum]e
2047 500 2059 518 5

359 543 425 573 sinc
450 543 573 573 ratione
598 541 740 572 discussa
764 541 1045 572 excommunicare
1068 540 1173 571 vultis.
1216 539 1421 581 Quapropter
1444 540 1622 581 apostolica
1644 541 1834 571 auctoritate
1858 539 2015 580 iubemus,

358 598 394 625 ut
418 604 511 625 nemo
535 592 693 623 vcstrumf
717 603 788 623 eum
814 592 1085 632 excommunicet,
1119 594 1292 633 antequam
1322 591 1364 622 ad
1390 592 1471 633 legis
1499 602 1637 622 examen
1660 592 1836 632 proveniat.
1882 590 2014 632 Scitote,

360 645 632 687 quemadmodum
668 645 699 675 in
731 644 905 675 centesimo
940 643 1079 685 capitulo
1110 643 1253 674 Africani
1288 643 1434 674 concilii⁶
1464 643 1595 684 legitur,
1630 643 1775 674 similiter
1808 643 1839 673 in
1873 643 2013 674 secundo

359 696 557 727 novellarum
582 695 751 726 Iustiniani
781 695 862 726 libro
873 695 894 735 7,
923 698 977 726 utss
1000 708 1083 726 nemo
1107 699 1256 733 episcopus
1280 697 1335 725 aut
1358 699 1507 733 presbyter
1528 699 1652 733 aliquem
1676 699 1911 731 excommunicet,
1935 700 2012 725 ante-

360 761 444 786 quam
460 760 545 778 causa
561 751 704 786 probetur.
740 751 792 782 Qui
809 751 1068 777 excommunicatus
1084 750 1192 777 maiori
1213 750 1359 777 sacerdoti
1382 746 1485 786 adeat,
1509 746 1574 786 ille,
1599 750 1647 784 qui
1670 750 1801 786 iniuste
1825 750 2012 777 excommuni-
2033 759 2058 777 ιο

360 804 448 835 cavit,
478 799 518 829 ab
542 799 611 839 ipso
637 803 711 838 iuste
736 803 871 836 patiatur.
915 797 958 828 Et
982 808 1077 828 nemo
1101 800 1243 828 vestrum
1267 800 1322 827 aut
1346 797 1496 838 quislibet
1517 797 1673 828 laicorum
1701 797 1842 838 prefatas
1865 807 1916 828 res
1940 800 2014 828 ante

359 851 440 891 legis
465 851 661 881 sanctionem
685 850 838 881 invadere
862 849 990 880 audeat.
1030 849 1124 890 Nam,
1142 848 1227 890 quod
1248 859 1311 879 non
1328 848 1496 889 credimus,
1521 849 1545 879 si
1563 849 1632 890 quis
1649 852 1758 880 contra
1774 849 1856 880 hanc
1872 852 2013 880 nostram

359 903 568 944 apostolicam
593 902 820 932 auctoritatem
844 902 890 932 ire
915 902 1132 942 temptaverit,
1158 901 1238 931 sciat
1261 910 1294 931 se
1318 901 1532 932 anathematis
1555 900 1679 932 vinculo
1703 899 1918 931 innodatumh.

463 968 557 992 DATA
577 968 621 992 UT
641 968 749 991 SUPRA
756 986 762 991 .

1153 1104 1222 1132 171.

469 1163 628 1194 Iohannes
651 1163 747 1194 VIII.
768 1173 857 1202 papa
881 1163 1003 1194 Bosom'
1025 1162 1172 1201 principi
1195 1163 1231 1193 de
1254 1164 1367 1193 mutua
1390 1161 1534 1192 amicitia
1562 1164 1590 1192 ct
1612 1171 1673 1192 saa
1695 1171 1768 1200 erqa
1791 1161 2012 1201 Anqilberyam
2032 1175 2056 1194 ιε,

361 1215 590 1254 imperatricem
622 1214 784 1246 deiectione
813 1215 935 1252 scribit,
965 1214 1171 1245 comitatuum
1198 1213 1360 1244 Adelberti
1387 1213 1578 1244 marchionis
1601 1213 1768 1253 (Tusciae)
1798 1215 1827 1243 et
1854 1212 2014 1244 Rottildae

361 1266 502 1305 coniugis
525 1266 592 1296 eius
615 1266 649 1296 in
675 1265 850 1296 Provincia
873 1266 1005 1296 sttorimi
1029 1265 1193 1297 tuitionem
1217 1265 1364 1304 exposcit.
1730 1265 1793 1295 879
1816 1264 1928 1304 (Apr.)

475 1333 549 1359 Cod.:
579 1333 605 1359 R
624 1336 644 1366 f.
658 1334 699 1358 67¹
719 1342 746 1359 η.
760 1337 812 1359 172.

465 1384 551 1411 Edd.:
580 1385 670 1410 Editio
684 1385 808 1411 Romana
822 1385 906 1418 (1591)
927 1385 985 1417 III,
1004 1388 1056 1411 408
1074 1389 1169 1411 72-164.
1202 1384 1296 1410 Mcmsi
1316 1384 1391 1410 Cone.
1403 1384 1457 1410 coll.
1472 1384 1569 1416 XVII,
1584 1387 1628 1410 113
1645 1387 1738 1410 a.164.
1768 1383 1862 1417 liliam
1880 1383 1955 1410 Patr.
1968 1383 2013 1409 lat.

364 1428 499 1460 CXXVI,
518 1431 570 1454 827
587 1437 614 1454 η.
631 1432 689 1454 209.
708 1443 741 1446 —
759 1428 832 1459 Jaffc
851 1428 916 1462 1329.
929 1431 995 1454 3234
1014 1428 1118 1461 (2458).
2033 1436 2059 1456 20

790 1507 938 1530 DILECTO
961 1507 1052 1531 FILIO
1077 1507 1199 1531 ROSOM
1221 1506 1389 1531 GLORIOSO
1413 1507 1561 1531 PRINCIPI
1570 1510 1591 1532 ἢ.

473 1561 555 1597 Quia
586 1561 700 1592 litteris
731 1561 908 1592 nobilitatis
935 1564 1040 1601 vestre
1070 1561 1238 1592 relectisbs
1263 1571 1317 1591 vos
1346 1561 1522 1592 incolumes
1554 1571 1625 1591 cum
1658 1563 1768 1601 optata
1799 1560 2014 1601 prosperitate

363 1613 472 1654 vigere
491 1613 669 1652 didicimus,
693 1612 863 1653 plurimum
889 1623 998 1643 sumus
1016 1613 1072 1653 leti
1097 1613 1218 1649 effecti;
1242 1622 1316 1643 nam
1340 1612 1371 1642 in
1387 1615 1492 1653 vestre
1510 1612 1689 1642 dilectionis
1712 1622 1821 1642 amore
1838 1611 2016 1652 apostoliea

363 1674 491 1705 semper
518 1664 663 1705 cupimus
690 1664 889 1705 benignitate
921 1674 1052 1695 manere
1084 1664 1193 1695 devoti
1225 1666 1257 1694 et
1286 1673 1338 1703 ea,
1368 1674 1429 1704 que
1457 1663 1547 1693 vobis
1576 1663 1666 1693 utilia
1694 1663 1744 1693 vel
1774 1663 1915 1703 proficua
1945 1672 2015 1693 esse

362 1715 520 1755 videntur,
544 1716 643 1746 alacri
660 1715 827 1746 dumtaxat
849 1718 958 1746 mente
974 1715 1141 1756 perficere,
1165 1725 1224 1745 nec
1241 1725 1298 1755 pro
1322 1715 1429 1755 aliquo
1450 1714 1578 1745 homine
1595 1717 1733 1745 vestram
1756 1714 1848 1745 nobis
1866 1713 2015 1744 dilectam
2035 1725 2059 1744 25

363 1767 536 1798 amicitiam
561 1768 789 1808 relinquamus,
813 1767 870 1797 sed
896 1767 950 1807 pio
973 1767 1079 1807 potius
1103 1767 1219 1797 intuitu
1241 1767 1273 1796 in
1290 1765 1437 1796 omnibus
1460 1775 1650 1796 conservare
1673 1765 1817 1796 inlesam.
1857 1764 1907 1795 De
1924 1767 2015 1806 parte

363 1822 471 1849 autem
496 1818 647 1859 spiritalis
667 1819 731 1859 filie
756 1821 862 1859 nostre
880 1818 1088 1859 Augelberge
1106 1818 1316 1858 imperatricis
1324 1817 1346 1857 ⁰,
1371 1817 1531 1857 carissime
1549 1818 1659 1848 matris
1676 1820 1780 1859 vestre
1791 1817 1828 1857 ¹⁰,
1853 1827 1910 1857 pro
1928 1819 2014 1847 certo

363 1871 487 1910 scitote,
512 1871 662 1911 quoniam
686 1873 821 1911 paterno
846 1880 918 1901 cam
943 1869 1078 1901 affectuC
1097 1879 1225 1910 semper
1248 1869 1418 1900 dileximus
1442 1872 1483 1909 et,
1508 1868 1660 1909 quamdiu
1684 1868 1858 1899 auxiliante
1874 1868 2013 1899 Domino

362 1921 547 1958 vixerimus,
572 1921 706 1962 diligere
730 1925 905 1962 nostroque
931 1921 1108 1962 apostolico
1132 1920 1274 1951 subsidio
1299 1920 1450 1951 adiuvare
1466 1921 1612 1961 tuerique
1636 1930 1832 1960 magnopere
1850 1919 2014 1951 desidera-

362 1983 432 2003 mus
456 1983 579 2003 necnon
604 1976 635 2003 et
652 1973 742 2014 quasi
766 1973 962 2004 carissimam
988 1975 1020 2004 et
1044 1973 1220 2013 spiritalem
1237 1972 1334 2002 filiam
1352 1971 1520 2012 gloriosius
1543 1972 1690 2002 retinere.
1729 1971 1831 2002 Porro
1853 1971 1892 2002 de
1909 1974 2013 2012 vestre
2034 1981 2059 2000 3ο

362 2024 534 2054 voluntatis
558 2025 698 2064 actione,
724 2034 819 2065 quam
844 2024 948 2055 dicitis
974 2023 1161 2064 exhibere‘l,
1185 2034 1242 2054 nos
1266 2024 1332 2054 sine
1357 2022 1453 2053 dubio
1481 2023 1512 2052 in
1535 2025 1641 2053 vestra
1668 2023 1809 2053 amicitia
1833 2025 2015 2053 constantes

468 2136 525 2162 170.
554 2138 577 2168 Ε)
597 2137 631 2161 sic
650 2137 682 2161 R.
759 2136 784 2169 b)
804 2137 932 2161 cortulum
950 2137 982 2161 R.
1063 2136 1086 2168 c)
1106 2137 1192 2161 carius
1213 2136 1248 2164 R,·
1266 2136 1299 2168 cf.
1313 2140 1400 2160 mmot.
1414 2138 1439 2160 4.
1515 2133 1539 2166 d)
1558 2135 1753 2160 celebraverunt
1774 2135 1802 2161 lie.
1873 2135 1897 2166 θ)
1916 2143 1963 2160 om.
1983 2135 2014 2160 R.

361 2178 382 2211 f)
402 2188 468 2204 corr.
484 2188 515 2204 ωε
532 2184 644 2204 vestram
664 2180 696 2204 R.
786 2180 810 2211 S)
828 2184 853 2205 et
871 2180 904 2205 R.
992 2179 1017 2211 1¹)
1036 2184 1105 2204 —tum
1125 2189 1191 2204 corr.
1205 2188 1235 2204 ea·
1253 2184 1310 2204 -tus
1328 2179 1359 2204 R.

469 2230 525 2256 171.
553 2231 576 2262 ἃ)
596 2238 732 2256 Pitumnus
752 2231 782 2256 Iz‘.
888 2230 913 2262 b)
936 2232 1030 2256 relictis
1049 2231 1081 2256 R.
1187 2231 1208 2262 c)
1234 2240 1301 2256 corr.
1320 2239 1350 2255 ex
1374 2232 1494 2256 affectum
1513 2231 1545 2257 R.
1651 2229 1675 2262 d)
1699 2230 1715 2254 h
1738 2230 1800 2255 add.
1819 2238 1899 2262 supra
1921 2230 2015 2254 lineam

363 2274 397 2298 al.
417 2282 486 2298 maii.
505 2273 536 2298 R.
2031 2281 2055 2301 35

468 2333 492 2364 1)
513 2332 702 2365 Dcyduncrzsi,
721 2334 755 2366 cf.
774 2341 800 2359 iz.
815 2335 868 2365 133,
882 2340 910 2365 p.
926 2336 970 2358 117
988 2335 1080 2359 annot.
1094 2336 1116 2359 6.
1187 2333 1214 2365 ⁴2)
1239 2332 1387 2363 Wenneozsi,
1406 2332 1440 2364 cf.
1454 2341 1481 2358 π.
1493 2336 1544 2364 117,
1559 2335 1651 2365 Ρ.107
1667 2334 1760 2358 annot.
1772 2336 1796 2358 4.
1866 2331 1892 2363 3)
1912 2330 2014 2356 Bismi-

364 2375 429 2408 tino,
448 2376 482 2407 ef.
496 2384 523 2401 n.
538 2378 593 2407 134,
608 2383 635 2407 p.
650 2380 696 2401 118
716 2378 809 2402 annot.
823 2379 844 2401 1.
922 2376 947 2408 4)
968 2375 1156 2409 Luydzmeusi,
1177 2379 1306 2402 841-52.
1381 2376 1407 2407 ὃ)
1429 2375 1489 2408 Qaa
1507 2375 1539 2401 cle
1557 2375 1757 2401 commutatione
1775 2374 1868 2408 aqitur
1884 2374 1915 2399 in
1933 2373 2014 2406 privi-

365 2418 433 2451 leyio
454 2418 578 2443 Lotharii
597 2418 637 2444 II.
660 2418 726 2451 reglis
743 2426 796 2451 pro
815 2418 995 2451 Luyda'nensi
1019 2418 1126 2444 eeclesia
1151 2427 1176 2444 a.
1192 2422 1242 2444 860
1264 2418 1397 2451 (Bouquet
1414 2417 1545 2444 ‘Rccueil'
1567 2418 1654 2450 VIII,
1674 2422 1731 2449 411,
1756 2416 1927 2443 Mahlbaclier
1952 2416 2013 2449 Rey.

364 2464 428 2486 1:194
445 2461 539 2493 (1259),
559 2461 589 2485 iri
608 2469 658 2493 quo
676 2461 752 2486 etiam
766 2460 891 2486 Lotliarii
909 2461 933 2486 I.
951 2461 1121 2494 imperatoris
1136 2461 1274 2494 praecepti
1292 2460 1321 2486 de
1339 2461 1390 2486 hac
1407 2469 1436 2486 re
1454 2461 1552 2487 mentio
1570 2461 1601 2493 fit
1618 2463 1642 2486 et
1660 2460 1782 2494 qualiter
1800 2459 1913 2492 quidam
1932 2459 2014 2485 homo

366 2505 548 2536 cognomento
568 2503 725 2538 Witgarius
748 2512 791 2530 res
810 2503 944 2537 quasdam
968 2504 1076 2537 prefate
1101 2503 1217 2530 ecclesie
1237 2512 1320 2536 quam
1343 2503 1494 2537 plurimum
1517 2512 1567 2537 per
1585 2503 1724 2530 inlicitam
1747 2504 1832 2536 atque
1856 2501 2013 2528 omnimodo
2032 2511 2057 2529 4ο

366 2545 593 2572 inrationabilem
612 2546 857 2572 commutationem
878 2566 884 2572 .
903 2566 908 2572 .
929 2546 1120 2573 fraudulenter
1139 2546 1287 2580 acceperit.
1324 2547 1429 2573 Nomen
1453 2547 1509 2572 etus
1531 2547 1562 2572 ia
1580 2547 1704 2572 mutilata
1726 2554 1783 2572 voce
1807 2544 1909 2577 carius,
1934 2553 2014 2578 qaam

362 2589 472 2621 praebet
490 2588 517 2614 R
535 2589 580 2621 (cf.
594 2592 685 2615 annot.
700 2590 733 2622 c),
752 2589 834 2621 facile
853 2597 982 2622 aynosccs.
1066 2590 1092 2623 6)
1112 2590 1136 2616 1.
1150 2599 1169 2615 e.
1190 2589 1317 2623 Dionysii
1337 2590 1399 2615 Cod.
1412 2597 1470 2615 can.
1484 2589 1582 2623 Synocl.
1601 2598 1646 2622 ap.
1662 2588 1846 2621 Carthaqinem
1864 2589 1899 2621 (q.
1913 2596 1934 2614 v.
1952 2587 2013 2613 Cod.

365 2639 425 2657 can.
439 2631 496 2657 eccl.
511 2632 686 2665 Africamce),·
709 2640 798 2658 verimi
816 2640 869 2657 non
891 2635 927 2658 est
951 2640 1011 2658 can.
1026 2636 1090 2663 100,
1109 2633 1152 2658 sed
1169 2641 1229 2659 can.
1245 2636 1290 2659 133
1309 2633 1358 2665 (cd.
1372 2633 1464 2665 ,Mifflze
1481 2633 1607 2664 LXVII,
1625 2633 1682 2662 225)
1702 2632 1745 2663 (=
1761 2631 1837 2657 Cone.
1853 2630 1942 2656 Carth.
1961 2630 2020 2656 VII

365 2683 390 2700 a.
402 2678 451 2699 419
470 2682 529 2700 can.
541 2676 574 2707 5),
594 2675 638 2700 cai
656 2675 813 2701 inscribitur
832 2675 869 2701 Ut
888 2684 942 2701 nou
962 2677 1066 2701 temere
1080 2684 1246 2708 quemquam
1267 2676 1458 2702 communione
1471 2675 1563 2709 privet
1582 2674 1736 2709 episcopus.
1809 2675 1834 2707 7)
1857 2673 1897 2705 Of.
1911 2673 2015 2699 Iuliani

365 2717 490 2749 Epitome
511 2717 602 2743 novell.
618 2722 675 2749 115,
698 2722 729 2743 15
748 2718 786 2744 iu.
805 2718 865 2749 (441
884 2718 946 2750 ivn),
971 2718 1008 2743 ed.
1029 2718 1135 2744 Haenel
1153 2727 1182 2751 p.
1196 2722 1251 2744 151.
1289 2718 1330 2749 Cf.
1349 2718 1480 2745 N0v.1·.›3
1497 2727 1517 2745 c.
1532 2723 1572 2745 11.
1677 2718 1704 2752 8)
1724 2717 1840 2743 Litterae
1861 2717 1923 2749 hae,
1947 2724 2014 2749 quas
2032 2725 2057 2744 45

364 2760 434 2785 Boso
447 2763 509 2792 post
527 2759 640 2785 reditum
659 2768 737 2785 suum
755 2760 785 2785 in
805 2761 954 2786 Γναηείαυιγ
973 2761 1017 2792 (cs.
1037 2765 1141 2793 n.10·2‚
1158 2769 1184 2793 p.
1199 2764 1228 2787 96
1247 2763 1339 2787 (aznot.
1355 2762 1391 2794 1),
1411 2762 1562 2795 scripserat,
1582 2769 1638 2787 non
1657 2763 1771 2787 exstant.
1859 2760 1886 2791 9)
1912 2759 2014 2785 viduae

365 2802 495 2828 Imclovici
512 2802 555 2829 II.
573 2803 749 2836 imperatoris.
841 2804 882 2837 103·
903 2804 985 2829 Inmio
1004 2811 1102 2836 socrus,
1123 2806 1156 2837 cf.
1176 2812 1203 2830 οι,
1218 2808 1258 2836 91,
1274 2812 1302 2836 1).
1317 2808 1351 2830 89
1370 2807 1461 2831 annot.
1475 2809 1498 2830 4.
