2189 3042
153 937 177 955 10

154 1213 177 1231 15

155 1468 179 1486 20

152 1724 177 1743 25

152 1981 178 2000 30

152 2236 177 2256 35

155 2548 181 2568 40

154 2807 179 2826 45

628 188 804 215 IOHANNIS
824 188 899 215 VIII.
919 189 1035 215 PAPAE
1058 189 1254 216 EPISTOLAE
1279 190 1335 216 162.
1356 189 1412 216 163.
1783 192 1842 222 133

195 276 287 307 nobis
311 276 464 317 pollicitia
481 276 566 315 estis,
591 275 735 317 quolibet
758 274 854 306 modo
874 275 925 305 vel
949 276 1115 307 occasione
1139 276 1221 307 velle
1246 276 1440 307 retrahereb.
1479 275 1572 307 Unde
1595 286 1683 307 more
1708 278 1841 316 paterno

196 327 401 359 dilectionem
425 330 563 358 vestram
590 327 638 358 his
661 327 776 357 nostris
803 326 987 367 apostolicis
1014 337 1181 358 monemus
1210 327 1374 358 hortamur
1397 330 1493 368 atque
1517 327 1663 358 iubemus
1687 327 1841 368 apicibUS,

195 382 230 409 ut
253 381 358 419 vestre
383 379 599 419 promissionis
622 387 781 408 memores
806 377 983 418 prefatum⁰
1006 378 1174 419 Luponem
1198 378 1434 420 presbyterum,
1465 379 1545 409 sicut
1567 378 1657 409 vobis
1681 379 1841 409 commisi-

196 429 297 470 musd,
328 430 477 461 continuo
508 439 546 460 ac
576 428 801 470 presentaliter
827 428 978 459 iamdicte
1007 430 1141 470 ecclesie
1170 430 1343 461 antistitem
1372 430 1533 460 ordinetis
1584 429 1667 460 Nam
1697 431 1722 460 si
1750 430 1843 461 aliter

196 481 336 512 feceritis
370 484 402 512 et
432 484 497 511 tam
528 480 604 520 cito,
639 480 708 520 ipso
738 480 859 510 scilicet
888 482 991 520 vestre
1021 480 1228 511 ordinationis
1257 481 1346 511 initio
1358 482 1378 519 ¹,
1407 492 1462 511 vos
1490 492 1508 511 a
1537 484 1643 521 nostre
1671 481 1842 511 voluntatis

196 532 325 563 decreto
349 532 536 563 subtrahere
561 532 817 572 cognoverimus,
845 531 1004 562 canonicis
1028 532 1275 562 correctionibus
1299 532 1395 563 velud
1418 532 1657 572 inobedientem
1681 533 1841 573 corripere

195 583 375 614 nullatenus
399 583 680 624 pretermittemus.

980 756 1046 785 163.

304 821 463 852 Iohannes
486 821 579 852 VIII.
605 832 695 861 papa
725 822 919 861 Aozspertzcm
947 822 1213 854 DIedioZanensem
1239 822 1506 862 archiepiscopmn
1535 833 1604 853 cum
1632 822 1844 862 suffia-qaue&

196 873 240 904 ad
262 873 414 913 synodum
437 873 467 903 d.
485 874 513 904 1.
531 873 620 904 ,Μαὶί
644 873 762 905 Romae
785 874 998 905 celebrandam
1021 875 1124 905 venire
1149 874 1243 911 iubet,
1272 874 1326 904 ubi
1352 876 1392 910 et,
1421 874 1570 912 quomodo
1593 884 1684 913 regno
1707 873 1843 905 Karolo-

196 924 308 955 veaomi
329 925 411 964 reyz's
433 925 555 963 infirmi
573 925 803 963 providendum
825 926 875 963 sit,
900 925 1099 957 tractabitur.
1391 925 1448 963 (87
1450 925 1469 954 9
1492 924 1756 964 Mart.—Apr.)2

309 991 384 1018 00⁶1:
414 992 441 1018 R
458 995 478 1026 f.
492 996 522 1018 65
540 997 634 1019 n.164.

300 1043 386 1069 EM:
413 1043 507 1069 Editio
521 1043 646 1069 Romana
659 1044 743 1078 (1591)
761 1044 821 1076 ΙΙΙ,
833 1048 883 1071 402
901 1048 994 1070 n.155.
1026 1044 1121 1070 blansi
1141 1043 1215 1070 Cone.
1229 1044 1286 1070 coll.
1302 1043 1332 1068 Χ
1339 1043 1405 1075 VH,
1419 1046 1466 1069 108
1486 1051 1512 1069 21.
1523 1047 1572 1069 155.
1603 1043 1693 1076 Miyne
1711 1044 1787 1070 Patr.
1800 1044 1844 1071 lat.

196 1085 281 1112 CXX
288 1086 333 1118 VI,
352 1090 401 1113 822
419 1095 445 1111 n.
460 1089 520 1112 200.
540 1102 572 1104 —
591 1087 668 1119 Jaffe'
687 1087 749 1121 Rey.
763 1091 827 1113 3224
846 1087 944 1120 (2449).

246 1169 542 1194 REVERENTISSIMO
565 1170 609 1194 ET
632 1170 854 1194 SANCTISSIMO
877 1170 1053 1194 ANSPERTO
1076 1169 1346 1193 ARCHIEPISCOPO
1370 1169 1500 1205 SANCTI}
1523 1170 1799 1194 MEDIOLANENSIS

934 1209 1104 1244 coensem.

305 1249 431 1285 Quante
465 1250 683 1280 necessitatisa
711 1249 837 1280 assidue
873 1250 1111 1280 sustinuerimus
1143 1249 1346 1280 incommoda
1381 1252 1563 1290 quanteque
1597 1250 1845 1290 perturbationis

196 1311 278 1332 nunc
306 1311 407 1342 usque
436 1302 521 1342 passi
549 1302 646 1332 simus
675 1304 707 1331 et
730 1301 846 1331 cotidie
870 1301 1030 1341 patiamur
1053 1301 1202 1340 adversa,
1234 1300 1467 1331 fraternitatem
1491 1304 1629 1331 vestram
1658 1312 1751 1332 nosse
1775 1301 1844 1332 luce

197 1353 312 1383 clarius
340 1363 404 1383 non
431 1353 624 1393 ignoramus.
670 1352 733 1383 Pro
759 1352 872 1393 quibus
896 1353 1042 1382 nimirum
1067 1352 1159 1382 malis
1183 1352 1251 1383 sedi
1274 1352 1449 1392 apostolice
1478 1352 1517 1383 ab
1542 1352 1676 1383 inimicis
1699 1353 1846 1393 nequiter

196 1403 294 1434 illatis
318 1413 375 1444 per
390 1403 548 1444 procellas
570 1407 601 1434 et
622 1403 801 1444 periculosa
824 1404 920 1434 maris
940 1404 1054 1434 itinera
1078 1403 1123 1434 ire
1148 1406 1179 1434 et
1196 1403 1390 1434 defensionis
1414 1403 1566 1433 auxilium
1591 1414 1648 1433 nos
1664 1404 1845 1444 quaesisseb

197 1465 323 1486 mecum
351 1455 472 1496 pariter
505 1455 590 1485 scitis
602 1455 622 1484 3.
677 1454 740 1485 Sed
770 1455 844 1496 quia
877 1454 1050 1485 humanum
1077 1455 1304 1495 presentaliter
1335 1454 1511 1484 subsidium
1542 1464 1605 1484 non
1635 1456 1844 1495 repperimus,

197 1506 338 1537 divinum
362 1509 397 1537 ut
412 1507 518 1547 potius
534 1516 704 1547 queramus
721 1507 944 1547 communique
962 1509 1035 1537 voto
1059 1509 1094 1537 ut
1117 1517 1135 1536 a
1151 1505 1290 1536 Domino
1307 1506 1498 1546 flagitemus,
1523 1506 1621 1536 frater
1636 1507 1689 1546 mi,
1714 1516 1845 1537 necesse

197 1561 254 1589 est.
301 1558 439 1598 Propter
462 1557 547 1598 quod
570 1557 745 1588 fraternum
775 1557 952 1588 sanctitatis
975 1562 1080 1597 vestre
1109 1557 1280 1598 collegium
1309 1557 1356 1587 his
1386 1558 1500 1587 nostris
1529 1558 1710 1598 apostolicis
1733 1558 1847 1588 litteris

196 1620 285 1640 more
313 1619 534 1650 precessorum
563 1612 742 1639 nostrorum
770 1619 921 1640 vocamus
950 1612 981 1640 et
1008 1609 1040 1639 in
1068 1610 1261 1640 consortium
1287 1611 1393 1648 nostre
1424 1608 1644 1639 sollicitudinis
1670 1610 1847 1649 apostolica

197 1660 383 1691 dumtaxatc
399 1661 590 1691 auctoritate
615 1661 798 1691 asciscimus
823 1663 855 1691 et
873 1661 962 1701 quasi
978 1660 1159 1691 membrum
1184 1660 1280 1701 capiti
1304 1671 1359 1690 suo
1378 1660 1535 1690 adherens
1552 1660 1707 1690 kalendas
1723 1660 1847 1691 Maias4

196 1711 289 1742 huius
314 1712 503 1743 duodecime
527 1711 708 1742 indictionis
732 1711 773 1742 ad
797 1711 951 1752 synodum
976 1712 1150 1742 auxiliante
1171 1711 1309 1742 Domino
1334 1711 1499 1742 nobiscum
1523 1711 1758 1742 celebraturosd
1776 1722 1847 1741 cum

197 1763 342 1794 omnibus
366 1763 594 1804 suffraganeise
617 1763 731 1793 vestris
759 1764 918 1804 episcopis
941 1763 1078 1794 Romam
1103 1763 1211 1793 venire
1235 1762 1395 1803 iubemus,
1424 1765 1458 1793 ut
1486 1773 1623 1803 superna
1647 1763 1750 1803 gratia
1774 1762 1847 1792 freti

197 1825 246 1854 ea,
264 1825 324 1855 que
348 1815 528 1846 necessario
546 1817 618 1845 sunt
634 1815 840 1855 amputanda,
865 1815 1081 1845 ecclesiastico
1106 1825 1286 1845 resecemus
1310 1824 1460 1844 mucrone
1487 1817 1528 1853 et,
1549 1825 1609 1855 que
1632 1814 1753 1845 utiliter
1776 1817 1848 1844 sunt

196 1866 380 1906 statuenda,
409 1866 569 1897 communi
591 1866 662 1897 Deo
687 1867 826 1906 propitio
855 1868 1032 1896 statuamus
1057 1866 1200 1905 decreto,
1229 1876 1268 1896 ne
1296 1876 1353 1906 pcr
1377 1868 1515 1896 vestram
1543 1865 1721 1896 absentiam
1750 1868 1846 1906 atque

197 1917 352 1948 desidiam
376 1927 510 1959 regnum
533 1918 593 1948 hoc
617 1918 754 1958 amplius
777 1918 809 1948 in
833 1917 1074 1958 perturbatione
1098 1917 1249 1958 persistat
1272 1920 1304 1948 et
1327 1917 1383 1947 fiat
1405 1916 1591 1947 scandalum
1615 1918 1706 1957 peius
1730 1917 1844 1957 priore.

1862 1929 1973 1949 cLMatth.
1980 1930 2011 1953 27,
2019 1932 2051 1951 64⁴

196 1968 238 2000 Et
273 1969 346 2010 quia
383 1969 656 2000 Karolusmannus
695 1970 850 2010 corporis,
889 1970 970 2000 sicut
1008 1969 1169 2008 audimus,
1208 1968 1469 1999 incommoditate
1507 1969 1678 2009 gravatus⁵
1712 1978 1846 2008 regnum
1888 1974 1889 1978 ¹

195 2021 332 2052 retinere
361 2021 424 2051 iam
453 2021 578 2062 nequit,
610 2024 644 2051 ut
673 2020 711 2051 (le
740 2021 814 2051 novi
843 2021 929 2062 regis
954 2045 1090 2051 .....
1098 2020 1109 2038 ¹⁰
1131 2031 1241 2051 onmes
1269 2021 1389 2061 pariter
1412 2020 1663 2060 consideremus,
1688 2030 1745 2050 vos
1773 2030 1845 2060 pre—

195 2072 280 2103 dicto
310 2072 422 2103 adesse
454 2076 599 2113 tempore
628 2072 723 2103 valde
752 2075 888 2113 oportet.
935 2072 977 2103 Et
1010 2072 1083 2103 ideo
1119 2075 1214 2103 antea
1248 2072 1370 2102 nullum
1403 2071 1522 2112 absque
1555 2074 1662 2101 nostro
1691 2081 1847 2102 consensu

195 2134 307 2164 regem
331 2123 456 2154 debetis
483 2124 641 2164 recipere,
674 2134 747 2154 nam
776 2124 859 2164 ipse,
891 2124 945 2164 qui
973 2134 991 2153 a
1019 2122 1111 2153 nobis
1139 2126 1188 2153 est
1211 2122 1404 2153 ordinandus
1432 2123 1463 2152 in
1490 2122 1676 2162 imperium,
1706 2132 1724 2152 a
1754 2122 1846 2152 nobis

196 2171 333 2216 primum
361 2174 457 2216 atque
481 2176 681 2216 potissimum
706 2174 803 2206 debet
826 2185 895 2206 esse
919 2178 1051 2205 vocatus
1075 2178 1171 2215 atque
1196 2174 1331 2213 electus,
1364 2174 1513 2214 quoniam
1543 2176 1576 2204 et
1604 2184 1661 2203 nos
1688 2184 1751 2204 una
1775 2184 1846 2204 cum

196 2230 303 2258 vestra
326 2226 525 2258 fraternitate
556 2227 700 2267 cupimus
723 2229 920 2267 pertractare
952 2229 984 2256 et
1012 2226 1052 2257 de
1076 2226 1136 2256 hoc
1165 2229 1197 2256 et
1221 2235 1282 2266 quo
1310 2228 1421 2255 tenore
1446 2224 1497 2255 vel
1525 2224 1635 2256 ordine
1662 2235 1846 2255 communes

197 2288 308 2309 causas
343 2281 375 2308 et
408 2278 563 2309 utilitates
598 2278 806 2313 ecclesiarum
833 2277 896 2307 Dei
929 2277 1021 2308 nobis
1052 2277 1292 2308 commissarum
1323 2276 1505 2306 ordinemus
1536 2278 1568 2306 et
1596 2277 1664 2306 iure
1693 2276 1845 2306 canonico

196 2332 387 2369 statuamus,
412 2333 567 2371 quatenus
591 2332 751 2360 tantorum
775 2329 931 2360 malorum
955 2339 1067 2369 onera,
1097 2338 1157 2370 qm}
1186 2329 1391 2368 sustinemus,
1419 2327 1529 2368 procul
1558 2327 1685 2358 abicere
1716 2330 1747 2357 et
1775 2327 1845 2357 leve

298 2443 321 2473 a)
341 2442 460 2474 pollicitis
479 2442 511 2467 R.
598 2440 623 2473 b)
643 2445 752 2466 retraere
772 2441 804 2466 R.
894 2441 915 2472 c)
935 2445 992 2474 post
1010 2442 1091 2466 fatum
1111 2441 1142 2466 R.
1232 2439 1257 2471 tl)
1276 2441 1461 2465 commissimus
1480 2439 1512 2464 R.

299 2500 356 2526 163.
385 2500 408 2534 Β)
434 2510 500 2527 corr.
518 2510 549 2526 exi:
576 2502 740 2526 necessitates
767 2501 799 2526 R.
910 2500 935 2532 b)
960 2502 987 2525 in
1013 2509 1096 2532 ’ωιτν-9.
1120 2501 1180 2525 add.
1207 2509 1237 2525 ac
1262 2501 1333 2532 siquo
1357 2500 1439 2531 posito
1463 2508 1544 2531 supra
1570 2507 1637 2530 qua·
1662 2499 1698 2523 al.
1720 2507 1788 2523 man.
1813 2498 1844 2522 Β.

199 2544 221 2575 ⁰)
241 2544 302 2569 dum
317 2544 322 2575 Ι
337 2545 471 2569 dumtaxat
489 2544 520 2568 R.
609 2543 634 2576 d)
655 2553 710 2569 -ros
729 2553 795 2569 corr.
809 2544 836 2568 in
854 2552 913 2569 -rus
937 2544 972 2568 al.
991 2552 1059 2568 man.
1079 2543 1110 2568 R.
1201 2543 1222 2575 e)
1242 2543 1377 2568 suffraneis
1396 2542 1428 2567 R.
1516 2541 1534 2573 f)
1554 2551 1594 2573 au,
1613 2542 1662 2566 del.
1677 2542 1712 2566 al.
1725 2550 1793 2565 man.
1812 2541 1844 2565 B.

302 2629 326 2661 1)
347 2629 489 2655 Romanus
504 2629 601 2661 paucis
619 2628 750 2654 mensibus
768 2631 848 2654 antea
867 2628 980 2654 nonnisi
996 2628 1114 2654 ‘electus’
1134 2628 1291 2660 appellatur,
1311 2627 1346 2658 cf.
1363 2635 1390 2652 oz.
1407 2630 1465 2657 1‹31‚·
1487 2626 1521 2658 cf.
1538 2626 1616 2651 etiam
1634 2634 1660 2650 n.
1675 2630 1734 2657 144,
1757 2633 1784 2657 p.
1800 2628 1845 2650 1:13

197 2674 292 2697 annot.
305 2676 329 2698 5.
433 2672 459 2704 2)
480 2672 564 2697 Hanc
586 2672 721 2704 epistolam
746 2672 919 2704 aliquantum
939 2673 1002 2704 post
1024 2674 1110 2697 72.161
1133 2671 1259 2703 scriptam
1282 2678 1333 2695 esse
1356 2671 1474 2694 mutatus
1497 2668 1569 2693 (locet
1591 2668 1688 2701 synodi
1710 2668 1844 2695 terminus,

197 2714 232 2745 cf.
246 2717 338 2740 annot.
350 2719 374 2741 4,
445 2714 470 2746 3)
489 2714 532 2740 De
544 2714 636 2740 itinere
648 2714 679 2739 in
694 2714 811 2740 Galliam
828 2714 932 2743 frustra
946 2717 1054 2746 peracto
1073 2714 1136 2747 ayit.
1206 2714 1233 2745 4)
1256 2713 1279 2738 T
1278 2713 1407 2739 erminum
1425 2711 1521 2745 synodi·
1538 2710 1674 2736 habendae
1687 2710 1731 2742 (cf.
1744 2718 1771 2735 η.
1784 2712 1843 2741 1⁶1)

197 2759 328 2782 mutatum
346 2765 397 2783 esse
415 2759 518 2783 constat
536 2764 567 2782 eac
585 2757 695 2790 epistola
712 2760 809 2783 719204,
898 2757 923 2788 5)
946 2756 999 2789 Qui
1017 2756 1097 2782 bieme
1114 2756 1287 2789 praecedenti
1307 2755 1429 2788 paralysi
1447 2754 1534 2779 morbo
1552 2756 1687 2785 coo-repens
1706 2752 1752 2785 (ef.
1770 2752 1842 2777 Anu.

200 2799 284 2826 Fuld.
297 2799 333 2825 ad
352 2808 377 2826 α.
387 2803 420 2825 87
422 2804 444 2832 9,
456 2799 495 2826 ed.
508 2799 599 2825 Kurze
614 2807 642 2832 p.
654 2800 695 2832 92)
711 2799 836 2832 Oetinqae
854 2799 884 2824 in
897 2799 1031 2824 Baioaria
1050 2807 1131 2832 usquc
1149 2798 1184 2824 ad
1200 2801 1304 2824 mortem
1323 2798 1347 2824 cI.
1362 2802 1401 2823 22.
1414 2797 1510 2822 Martii
1523 2800 1573 2821 Sem
1591 2796 1716 2827 'infirmus
1737 2794 1843 2820 iacebat.
