2189 3042
49 1705 79 1725 cf·
96 1704 170 1725 2.Cor.
182 1706 201 1728 G,
215 1707 246 1726 14.

64 2117 83 2135 2.
92 2115 139 2135 Par.
149 2117 180 2139 19,
191 2117 240 2136 2-3.

262 134 324 163 30ss
602 128 829 155 FRAGMENTA
849 127 1016 154 REGISTRI
1040 127 1217 154 IOHANNIS
1238 128 1311 154 VIII.
1331 128 1450 155 PAPAE
1473 129 1514 156 52.
1533 130 1574 156 53.

265 215 484 254 facientibusa,
509 215 682 256 participes
706 213 908 244 iudicantur.³
945 213 987 244 Et
1010 215 1100 245 libat¹
1118 218 1238 245 Domino
1255 227 1398 253 prospera,
1417 219 1465 252 qui
1489 220 1524 246 ab
1548 220 1660 247 afflictis
1681 222 1762 255 pellit
1785 222 1910 254 adversa,

262 273 294 298 et
318 266 516 305 neglegcrc¹’‘·'‚
542 279 603 296 cum
621 269 727 303 possise
744 269 894 296 deturbare
911 278 1067 303 perversos,
1091 269 1179 296 nichil
1200 271 1243 296 est
1266 265 1362 296 aliudd
1380 278 1463 304 quam
1481 271 1583 303 fovere,
1607 280 1659 298 nec
1683 274 1759 299 caret
1783 274 1912 307 scrupulo

260 318 476 349 consensionis
501 321 619 356 occulte,
643 320 691 354 qui
716 316 887 347 manifesto
911 321 1030 348 facinori
1053 321 1159 348 desinit
1183 321 1306 353 obviare,
1330 317 1383 348 et³
1404 317 1521 358 probat
1543 318 1648 349 Odisse
1673 324 1725 350 Se⁰
1745 320 1836 360 vicia,
1859 321 1912 361 qui

259 369 475 409 condempnat
499 371 656 407 errantes,
684 378 742 398 nec
766 367 916 409 relinquit
944 368 1004 399 sibi
1031 368 1136 399 locum
1166 367 1331 408 deviandi,
1356 368 1410 409 qui
1436 379 1500 400 non
1527 370 1709 411 pepercerit
1732 370 1912 411 excedenti,

258 423 291 451 et
315 420 434 460 primus
458 419 637 459 innocentie
663 418 781 460 gradus
803 421 852 450 est
875 418 980 450 odisse
1004 419 1154 455 nefanda.
1179 422 1212 450 et
1234 418 1352 450 latumf
1369 419 1481 460 pandit
1498 420 1755 462 delinquentibus
1779 421 1911 462 aditum,
1944 433 1955 451 5

258 471 311 512 qui
340 471 442 512 iungit
469 481 540 501 cum
570 470 728 511 pravitate
760 480 965 509 consensum,
998 473 1030 501 et
1058 470 1155 501 nichil
1178 469 1311 511 prodest
1338 470 1432 501 alicui
1461 481 1524 502 non
1551 472 1655 512 puniri
1685 473 1828 514 proprio,
1859 474 1912 514 qui

259 522 436 563 puniendus
460 525 508 553 est
531 521 636 552 alieno
660 524 804 562 peccato.

366 575 409 612 (6)
434 573 529 604 Item
554 573 667 613 longe
694 573 867 603 inferius.
913 572 955 604 Et
978 573 1068 604 iuxta
1092 572 1178 614 quod
1200 572 1315 604 Felix4
1331 573 1547 605 sanctissimus
1570 575 1781 616 predecessor
1803 580 1913 608 noster

257 627 430 664 asseverat,
456 629 483 655 in
506 629 550 655 die
574 628 671 655 iudicii
694 629 781 655 talem
805 638 821 655 a
844 628 925 655 nobis
949 624 1104 655 ambobus
1128 629 1277 665 ecclesiam
1301 631 1407 656 certum
1432 631 1483 662 est,
1507 631 1619 663 qualem
1643 640 1659 657 a
1682 632 1810 666 patribus
1834 641 1910 660 acce-

258 681 361 714 pimus,
386 680 581 715 exigendamss.
626 679 721 706 Etiam
744 680 773 706 in
797 675 871 706 hach
896 681 955 706 vita
979 689 1008 707 se
1036 681 1071 707 ad
1095 689 1156 707 eam
1181 676 1272 713 [non]i
1295 681 1437 714 pertinere
1466 683 1631 716 cognoscat,
1659 683 1708 717 qui
1735 692 1792 710 non
1820 684 1909 710 solum
1931 688 1956 707 10

258 726 448 765 plenitudinik
465 731 524 758 eius
548 731 633 757 noxia
656 733 774 758 conatur
798 731 909 763 inferre,
935 737 1046 759 verum
1070 732 1156 759 etiam
1177 732 1225 766 qui
1249 732 1338 759 eidem
1363 733 1549 766 congruentia,
1572 733 1731 761 dissimulat
1754 736 1910 769 providere.

257 777 466 809 Serenissime
496 779 684 818 imperator,
715 789 778 809 non
809 779 911 809 solum
943 779 996 820 qui
1026 779 1123 810 noxia
1152 778 1271 810 inferre
1303 781 1449 819 conatur,
1478 789 1589 810 verum
1619 781 1717 812 etiam
1750 782 1804 823 qui
1835 792 1910 814 con-

257 829 403 870 gruentia
427 829 597 870 providere
623 829 814 870 dissimulat,
845 830 886 861 ad
915 830 1084 870 ecclesiam
1114 841 1176 861 non
1205 831 1366 872 pertinere
1391 831 1602 872 cognoscitur.
1649 833 1776 869 Quanto
1800 833 1910 865 labore

257 880 348 911 nobis
379 881 571 912 studendum
603 885 664 922 est,
696 884 731 912 ut
763 892 825 912 non
853 882 956 913 solum
984 883 1081 914 noxia
1109 893 1173 913 non
1201 882 1390 923 inferamus,
1418 892 1529 914 verum
1560 883 1657 915 etiam
1687 884 1819 926 ecclesie
1848 885 1911 916 Dei

258 931 426 972 providere
451 932 625 963 certemus1
649 933 866 974 congruentia.
1930 945 1953 963 1⁵

1057 1089 1107 1118 53.

366 1154 523 1186 Iohannes
542 1155 638 1186 VIII.
657 1165 747 1195 papa
766 1156 1003 1195 Neapolitanos,
1027 1155 1245 1187 salernitanos
1262 1156 1308 1198 [et
1323 1157 1552 1199 Amalfitanos]
1567 1168 1587 1189 a
1604 1168 1684 1198 pace
1706 1168 1776 1189 cum
1793 1158 1908 1190 Sarra-

259 1205 343 1236 cem's
367 1205 560 1243 dehortatur,
590 1206 754 1238 Donatum
778 1207 955 1248 episcopum
978 1206 1180 1247 (Ostiensem)
1204 1210 1233 1239 ct
1255 1208 1434 1248 Euqenium
1457 1210 1670 1250 presbyterum
1697 1209 1811 1249 leyatos
1836 1220 1909 1241 suos

258 1257 459 1287 commendat.
1718 1262 1822 1302 (375.)

365 1315 426 1342 Call.
440 1323 511 1342 cam:
539 1317 564 1342 A
583 1319 603 1350 f.
618 1319 677 1343 134¹
697 1325 734 1350 ep.
750 1321 790 1343 50.

543 1363 565 1386 1.
585 1362 612 1384 2:
638 1359 666 1385 D
684 1360 726 1385 lib.
743 1360 790 1385 XI
807 1368 828 1386 c.
845 1364 877 1386 90
896 1360 946 1393 (ed.
961 1360 1064 1386 Fronto
1079 1369 1108 1394 p.
1123 1361 1180 1394 353)
1201 1361 1287 1396 [D³].
1928 1371 1952 1391 20

541 1405 568 1427 3:
594 1401 623 1427 D
642 1402 685 1429 lib.
699 1403 743 1428 IV
760 1410 782 1428 c.
796 1405 843 1429 133
862 1403 910 1435 (cd.
926 1403 1031 1429 Fronto
1046 1404 1142 1437 12122)
1162 1403 1248 1438 [DbJ.

361 1460 450 1486 EM:
472 1461 567 1487 Msmsi
582 1462 659 1488 Cone.
670 1462 725 1488 coll.
736 1462 835 1494 XVII,
847 1466 895 1489 243
907 1470 938 1488 εκ
949 1463 1006 1495 Da,
1024 1467 1074 1489 247
1084 1471 1115 1489 esc
1126 1463 1181 1490 Db.
1210 1465 1302 1497 Miyne
1315 1464 1390 1491 Patr.
1401 1465 1447 1491 lat.
1458 1465 1593 1497 CXXVI,
1606 1469 1655 1492 655
1670 1473 1697 1492 n.
1710 1469 1724 1492 9
1738 1473 1769 1492 ex
1782 1465 1832 1491 Da,
1844 1466 1866 1492 b.
1875 1480 1907 1485 —-

259 1503 336 1536 Rev..-
354 1503 452 1529 Ezrald
470 1504 531 1530 NA.
556 1503 585 1536 1⁷,
599 1507 646 1531 314
664 1513 690 1531 n.
703 1508 743 1531 50.
779 1505 853 1535 Jaffe'
871 1505 936 1539 Rey.
951 1509 1016 1532 3012
1034 1507 1128 1539 (2251).

781 1592 1031 1617 NEAPOLITANIS
1055 1593 1098 1617 ET
1117 1593 1364 1618 SALERNITANIS
1369 1592 1392 1618 *κ

371 1646 414 1683 (l)
441 1643 687 1687 [G]0nseientiaa
720 1649 825 1686 vestre
861 1647 893 1677 in
923 1646 1049 1678 Christo
1080 1647 1259 1678 dilectionis
1289 1648 1371 1679 iuste
1401 1647 1568 1690 diiudicet,
1598 1652 1751 1690 quantum
1779 1649 1906 1682 Christo
1927 1661 1951 1680 25

262 1694 408 1725 adversib
442 1699 514 1727 sunt
549 1696 596 1737 hi,
632 1697 684 1737 qui
714 1708 786 1728 cum
814 1698 882 1728 eius
910 1698 1090 1729 infidelibus
1121 1701 1231 1729 contra
1261 1699 1516 1739 prohibicionem
1539 1700 1632 1731 Pauli
1661 1701 1741 1731 tanti
1770 1701 1907 1742 apostoli

258 1745 414 1786 pollutam
432 1747 550 1778 federis
567 1748 676 1779 ineunt
692 1749 857 1780 unitatem.
889 1749 970 1780 Cum
994 1749 1054 1789 hie,
1080 1750 1151 1790 quic
1168 1750 1253 1790 regis
1276 1750 1504 1781 rebellionibus
1521 1761 1722 1793 quocumque
1739 1753 1907 1794 participio

257 1797 460 1838 iungunturd,
483 1799 605 1839 pariter
624 1800 802 1831 maiestatis
826 1800 1009 1831 criminibus
1032 1800 1163 1832 obnoxii
1186 1801 1367 1832 iudicantur
1389 1803 1524 1843 parique
1548 1803 1712 1834 sentencia
1733 1804 1907 1845 condemp-

257 1851 381 1889 nantur,
406 1853 560 1890 quantum
584 1861 602 1881 a
619 1861 753 1892 corpore
771 1850 889 1882 Christi
906 1851 1081 1892 probantur
1097 1853 1252 1892 extranei,
1278 1853 1331 1894 qui
1349 1853 1417 1883 eius
1432 1853 1577 1884 hostibus
1593 1854 1730 1885 federati
1746 1855 1909 1887 membra⁴³

258 1900 356 1939 ipsius
380 1903 468 1931 tanto
492 1902 700 1941 perniciosius
724 1902 875 1943 lacerant,
901 1907 1020 1944 quanto
1044 1904 1176 1935 vicinius
1200 1904 1356 1945 aecclesie
1380 1904 1442 1936 Dei
1466 1905 1690 1937 conlimitantf.
1927 1921 1952 1940 30

365 1952 408 1991 (2)
434 1952 545 1983 Item.
597 1953 759 1989 Quantum
795 1957 901 1985 autem
930 1954 1001 1986 Deo
1037 1955 1242 1986 execrabile&
1271 1955 1331 1986 sith
1359 1966 1430 1986 cum
1464 1957 1584 1997 impiisi
1615 1956 1726 1988 federa
1753 1968 1906 1999 pangere,

257 2001 436 2033 luculenter
467 2013 507 2034 ex
538 2004 598 2035 hoc
629 2005 893 2046 deprehenditur,
926 2007 1013 2047 quod
1041 2007 1195 2047 Iosaphat
1224 2017 1281 2037 rex
1310 2007 1408 2047 Iuda,
1439 2008 1493 2048 qui
1523 2011 1569 2039 tot
1598 2008 1637 2039 dc
1665 2011 1814 2040 anteacta
1841 2010 1906 2041 vita

256 2054 415 2093 preconiis
441 2055 643 2096 exornaturk,
669 2056 708 2087 de
726 2056 840 2088 Achab
864 2057 961 2098 regisl
985 2058 1160 2088 amicitiis¹¹¹
1180 2058 1372 2099 increpatur,
1398 2069 1468 2089 cum
1492 2059 1542 2090 ei¹¹
1565 2069 1623 2100 per
1644 2059 1744 2091 Iehu⁰
1767 2060 1907 2102 prophe-

259 2107 344 2135 tamv
369 2105 516 2137 diciturq:
548 2106 666 2148 ‘Impio
691 2108 807 2148 prebes
831 2109 985 2139 auxilium
1017 2112 1049 2140 et
1078 2109 1125 2139 his
1150 2110 1203 2150 qui
1232 2109 1367 2140 oderunt
1390 2109 1563 2142 Dominum
1596 2111 1741 2143 amicicia
1768 2112 1908 2154 iungeris

371 2219 396 2252 ³⁶)
415 2220 523 2246 Lemma
542 2223 567 2246 et
584 2222 775 2254 superscriptio
793 2222 824 2247 in
842 2222 902 2248 Da:
920 2222 959 2249 De
979 2222 1101 2249 vitandis
1120 2222 1240 2249 inimicis
1254 2223 1359 2250 Christi
1378 2224 1494 2252 Ioannes
1508 2224 1583 2252 VIII.
1601 2226 1798 2260 Neapolitanis
1816 2226 1906 2253 Saler-
1925 2232 1949 2252 ³5

412 2262 517 2289 nitanis
536 2265 564 2290 et
583 2264 801 2298 Amalphitanis.

361 2340 384 2371 a)
403 2349 450 2365 om.
471 2340 522 2366 Οἱ).
605 2341 630 2372 b)
649 2342 779 2375 negligere
798 2342 850 2374 Εἴ),
871 2342 919 2368 Gb.
1000 2343 1023 2376 c)
1043 2345 1121 2377 possit
1142 2344 1191 2370 ΘΙ).
1272 2344 1296 2377 d)
1316 2346 1387 2370 aliud
1406 2349 1444 2370 est
1462 2344 1514 2377 Εἴ),
1535 2345 1585 2371 Gb.
1665 2346 1688 2378 θ)
1707 2355 1734 2372 se
1752 2347 1834 2372 odiSse
1853 2346 1907 2372 Οἱ).

257 2381 275 2414 f)
295 2383 354 2408 latis
374 2383 426 2408 Eb.
515 2385 539 2416 Β)
559 2385 685 2417 exigenda
703 2385 735 2410 B.
825 2384 849 2417 ¹³)
868 2394 897 2410 ac
916 2386 947 2411 B.
1036 2386 1053 2418 i)
1073 2396 1121 2412 om.
1140 2387 1172 2412 B.
1260 2386 1285 2419 k)
1305 2388 1431 2420 plenituui
1451 2388 1481 2413 B.
1569 2387 1587 2420 1)
1606 2393 1748 2414 certaemus
1767 2389 1798 2414 B.

360 2442 401 2468 53.
431 2443 453 2475 ²³)
478 2444 563 2468 littera
586 2444 695 2468 initialis
718 2444 786 2469 deest
808 2445 835 2469 in
859 2445 891 2470 A.
997 2445 1022 2477 b)
1046 2448 1129 2471 aversi
1148 2447 1199 2472 Da.
1307 2448 1328 2478 c)
1352 2449 1420 2473 enim
1438 2448 1489 2473 Da.
1596 2447 1620 2480 d)
1643 2449 1836 2482 coniunguntur
1854 2449 1906 2475 Da,

257 2484 279 2515 θ)
303 2485 407 2510 menbra
426 2486 459 2510 A.
565 2485 584 2517 s)
603 2487 760 2512 colliminant
779 2488 832 2513 Da,
937 2488 961 2519 8)
985 2490 1132 2515 exam-abile
1151 2490 1182 2515 A.
1289 2489 1315 2521 h)
1339 2491 1372 2515 sit
1395 2491 1538 2517 execrabile
1557 2491 1609 2517 Du.
1714 2491 1733 2524 i)
1756 2493 1834 2525 impio
1853 2492 1906 2517 Da,
1925 2498 1950 2516 40

256 2525 282 2558 k)
302 2528 459 2553 exhornatur
477 2528 516 2557 A,·
535 2530 668 2555 extollitur
686 2530 738 2554 Da.
820 2529 838 2563 l)
858 2539 904 2556 om.
920 2531 971 2556 Da.
1051 2532 1082 2565 m)
1101 2534 1199 2558 amiciis
1219 2533 1250 2558 A.
1334 2534 1357 2565 ¹¹)
1379 2543 1426 2560 om.
1447 2534 1479 2560 A.
1563 2534 1587 2566 ⁰)
1606 2536 1632 2560 Ie
1646 2553 1651 2558 .
1666 2553 1672 2560 .
1692 2534 1724 2559 A.
1807 2535 1831 2567 Ρ)
1850 2543 1906 2568 pro<

257 2570 333 2602 pheta
352 2570 402 2596 Da.
491 2571 515 2602 11)
535 2581 583 2597 om.
603 2572 636 2597 A.

361 2647 385 2678 1)
408 2646 434 2673 C.
448 2650 463 2673 2
480 2655 552 2673 conc.
568 2647 648 2675 Tolet.
666 2648 744 2675 VIII.
764 2649 871 2682 (Mansz'
892 2650 927 2681 X,
943 2652 1023 2683 1213).
1111 2652 1137 2683 2)
1157 2652 1252 2678 Felicis
1270 2652 1326 2678 ΙΙΙ.
1348 2653 1418 2686 epist.
1438 2652 1474 2678 ad
1493 2653 1620 2679 Acacium
1636 2653 1800 2680 Constantin.
1816 2653 1905 2686 patri-

257 2689 364 2714 archam
381 2697 401 2715 c.
414 2693 430 2715 8
454 2690 504 2723 (ccl.
525 2691 549 2715 Τ
548 2690 600 2716 hiel
619 2691 706 2724 Epist.
721 2694 796 2724 pont.
817 2692 836 2717 Ι
839 2712 845 2724 ,
865 2694 939 2725 237),
967 2693 1039 2725 Jaffe‘
1059 2694 1121 2728 Rey,
1135 2699 1184 2721 592
1201 2695 1281 2729 (360).
1387 2695 1413 2727 3)
1433 2695 1575 2728 Sequentia
1596 2695 1701 2727 flustra
1722 2696 1904 2729 quaesivimus.

257 2731 283 2763 4)
303 2731 389 2763 Epist.
410 2732 445 2757 acl
463 2733 589 2759 Acacium
608 2741 627 2759 c.
643 2738 666 2765 9,
685 2734 700 2759 l.
715 2734 729 2760 l.
748 2742 774 2766 p.
790 2737 845 2761 238.
1924 2747 1948 2765 4⁵
