2189 3042
586 161 787 188 EPISTOLAE
805 161 853 188 AD
873 161 938 188 RES
957 161 1187 189 ORIENTALES
1205 161 1436 189 SPECTANTES
1455 162 1479 189 2.
1793 164 1854 194 375

1018 251 1046 280 2.

281 341 285 345 .
314 315 483 357 Stylianus
513 318 674 356 episcopus
702 316 978 348 Neocaesariensis
1006 317 1164 359 Stephano
1191 317 1224 348 V.
1253 328 1358 358 papae
1387 317 1423 348 de
1452 318 1709 355 contentionibm,
1741 318 1855 357 quibus

205 368 332 399 ecclesia
352 368 701 408 Constantinopolitaoza
718 368 829 399 Photz'o
844 371 971 400 auctore
987 380 1047 408 per
1063 369 1176 400 multos
1192 379 1293 400 annos
1306 369 1497 408 perturbata
1515 370 1565 406 sit,
1590 370 1696 401 scribit
1714 370 1856 410 petitque

204 429 224 450 a
242 430 343 460 papa,
367 422 401 450 ut
423 429 536 458 omnes,
561 421 618 460 qui
639 421 671 451 vi
698 420 744 451 vel
769 420 886 458 fraude
908 419 1017 451 Photc‘i
1048 420 1130 461 lapsi
1159 421 1232 459 sint,
1258 431 1317 460 per
1332 421 1560 460 poenitentiam
1584 421 1684 453 denuo
1710 421 1753 452 ad
1775 431 1853 453 com-

204 472 383 502 munionem
405 471 548 502 ecclesae'ae
570 471 790 504 admittantur.
1607 472 1683 513 (886
1705 474 1768 514 ez.)

165 548 175 567 5
310 538 406 565 Coda:
427 540 461 565 M
476 548 503 573 p.
517 543 571 571 107,
597 539 621 565 V
637 540 657 572 s.
673 543 727 572 101,
750 539 796 565 Οτι
814 540 835 572 f.
850 543 903 571 277,
923 539 972 565 ναι
990 539 1011 571 f.
1026 543 1066 571 64,
1086 539 1145 565 Bav
1162 540 1183 571 f.
1196 541 1263 566 373¹.

307 582 391 610 Eda:
410 583 503 610 Rader
516 591 546 616 p.
559 585 619 609 386.
654 582 743 609 Labbe
760 582 842 615 VIII,
856 586 922 609 1397
941 595 969 604 =
990 582 1086 609 Mansi
1105 582 1189 615 XVI,
1203 586 1258 609 425.

206 675 269 702 ΤΩΙ
282 676 325 702 ΤΑ
339 676 469 703 ΠΑΝΤΑ
485 676 690 703 ΑΓΙΩΤΑΤΩΙ
698 677 768 703 ΚΑΙ
776 676 997 703 ΜΑΚΑΡΙΩΤΑ
1004 676 1067 702 ΤΩΙ
1076 676 1274 702 ΣΤΕΦΑΝΩΙ
1283 677 1483 703 ΔΕΣΠΟΤΗΙ
1496 677 1565 704 ΚΑΙ
1577 677 1859 706 OIKOYMENIKQI

203 719 330 745 ΠΑΠΑΙ
345 720 569 748 ΣΤΥΛΙΑΝΟΣ
584 721 814 748 ΕΠΙΣΚΟΠΟΣ
833 720 1146 747 ΝΕΟΚΑΙΣΑΡΕΙΑΣ
1165 720 1242 746 ΤΗΣ
1259 720 1532 746 ΕΥΦΡΑΤΗΣΙΑΣ
1552 721 1681 747 ΧΩΡΑΣ
1702 722 1858 749 ΔΟῩΛΟΣ

206 762 283 789 ΤΩΝ
305 763 459 790 ΔΟΥΛΩΝ
483 763 558 790 ΤΟΥ
577 763 677 790 ΘΕΟῩ
698 764 767 790 ΚΑΙ
791 764 832 790 ΟΙ
853 764 933 790 ΣΥΝ
955 763 1055 790 EMOI
1076 763 1296 789 ΕΠΙΣΚΟΠΟΙ
1317 763 1402 789 KAJa
1425 764 1600 790 HANTEZa
1619 765 1855 792 EHIEKOHOIa

152 815 177 834 ιο
203 805 273 831 ΚΑΙ
298 806 567 833 ΠΡΕΣΒΥΤΕΡΟΙ
590 807 659 833 ΚΑΙ
683 807 871 833 ΔΙΑΚΟΝΟΙ
898 807 976 832 ΤΗΣ
997 805 1217 832 ΑΓΙΩΤΑΤΗΣ
1241 806 1470 832 ΕΚΚΑΗΣΙΑΣ
1491 807 1855 835 ΚΩΝΣΤΑΝΤΙΝΟῩΠΟ-

203 849 308 875 ΛΕΩΣ
329 849 398 875 ΚΑΙ
418 850 577 876 ΠΑΝΤΕΣ
601 850 642 877 ΟΙ
662 850 763 876 ΚΑΤΑ
791 850 872 875 ΤΗΝ
886 849 1005 875 ΔΥΣΙΝ
1020 849 1090 875 ΚΑΙ
1104 849 1225 875 ΕΩΙΑΝ
1244 849 1483 876 ΗΓΟΥΜΕΝΟΙ
1501 850 1570 876 ΚΑΙ
1590 850 1859 878 ΠΡΕΣΒΥΤΕΡΟΙ

754 892 959 919 MONAETAI
974 892 1043 918 KAI
1058 891 1309 918 HZYXAZTAD.

307 948 354 980 ‘H
370 951 425 980 τοῦ
448 950 528 981 θεοῦ
551 950 729 990 καθολικὴῦ
744 950 798 981 καὶ
821 949 1011 990 ᾶποστολικὴ
1029 949 1177 990 ἐκκλησία
1202 949 1249 980 ἀεὶ
1273 949 1452 990 ὑπερισχύει
1475 952 1539 981 τῶν
1559 950 1656 991 αὐτὴν
1676 952 1853 992 πολεμούν-

202 1012 275 1031 των.
320 1000 499 1041 Γέγραπται
523 1000 594 1041 γὰρ,
618 1001 663 1032 ὅτι
686 1002 796 1042 κύριος
819 1001 941 1042 ἀσθενῆ
966 1001 1089 1041 ποιήσει
1117 1000 1171 1032 τὸν
1198 1001 1356 1032 ἀντίδικον
1380 1001 1477 1032 αὐτοῦ
1501 1001 1555 1032 καὶ
1577 1002 1596 1032 ὁ
1618 1002 1673 1042 τὴν
1696 1006 1751 1033 τοῦ
1774 1004 1855 1034 θεοῦ
1869 1011 2032 1038 of.10r.2o,n.

151 1068 175 1087 15
203 1051 372 1092 ἐκκλησίαν
394 1052 545 1093 πολεμῶν
567 1053 688 1084 ἐκείνου
717 1053 778 1084 ἐστὶ
806 1053 966 1093 πολέμιος.
1011 1052 1148 1093 Ποικίλη
1178 1052 1238 1093 μὲν
1261 1051 1328 1088 οὐν,
1359 1051 1388 1083 ὦ
1411 1052 1479 1093 ἱερὰ
1510 1054 1728 1094 σεβασμιότης,
1757 1055 1776 1094 ἡ
1800 1057 1855 1086 τοῦ

201 1106 347 1144 πονηροῦ
374 1105 517 1145 πέφυκεν
540 1104 642 1145 ἀπάτη
666 1104 745 1136 κατὰ
770 1104 948 1145 διαφόρους
970 1104 1103 1144 καιροὺς
1125 1103 1159 1134 τὸ
1188 1104 1279 1144 γένος
1301 1106 1365 1135 τῶν
1394 1104 1583 1145 ἀνθρώπων
1606 1105 1710 1140 ἄλλως
1741 1106 1855 1141 ἄλλους

202 1155 266 1186 ἀπὸ
289 1158 343 1196 τῆς
366 1156 492 1190 εὐθείας
514 1156 594 1187 ὁδοῦ
617 1157 667 1187 ἐπὶ
689 1156 816 1197 τρίβους
839 1155 967 1190 σκολιὰς
987 1155 1195 1196 ὗποσύρουσα
1205 1160 1225 1186 ⁰.
1262 1155 1361 1187 Τοῦτο
1378 1156 1413 1187 δὲ
1427 1156 1560 1197 μάλιστα
1585 1157 1618 1188 ἐν
1637 1160 1674 1198 τῇ
1697 1160 1752 1188 τοῦ
1772 1158 1852 1189 θεοῦ

202 1207 352 1248 ἐκκλησίᾳ
374 1210 474 1238 ποιεῖν
497 1208 584 1248 αὐτῷ
607 1208 753 1249 σύνηθες,
782 1208 865 1239 ὅπου
894 1207 948 1238 καὶ
976 1207 1012 1238 τὸ
1039 1207 1241 1248 κατόρθωμα
1265 1207 1476 1243 ἀξιεπαίνετον
1503 1208 1557 1239 καὶ
1585 1208 1620 1239 τὸ
1648 1209 1855 1250 παράπτωμα

201 1259 469 1300 φρικωδέστατον.
506 1259 670 1300 Τοιγάρτοι
692 1259 793 1290 πολλὰ
816 1260 859 1294 εἷς
880 1259 936 1300 τὴν
959 1262 1013 1290 τοῦ
1036 1259 1116 1290 θεοῦ
1140 1259 1308 1300 ἐκκλησίαν
1332 1259 1441 1300 ὁοχεῖα
1467 1259 1645 1300 κατάλληλα
1673 1263 1727 1300 τῆς
1757 1261 1855 1292 αὐτοῦ

150 1325 176 1345 20
203 1310 388 1351 σκαιότητος
418 1311 566 1351 ἕφευρὼν
594 1311 650 1352 τὴν
679 1310 837 1351 εἶκονικὴν
867 1311 1096 1352 σεβασμιότητα
1128 1313 1183 1342 τοῦ
1206 1310 1348 1351 Χριστοῦ
1379 1311 1433 1341 καὶ
1462 1314 1516 1352 τῆς
1545 1311 1709 1352 πανάγνου
1742 1312 1853 1344 τούτου

200 1362 323 1403 μητρὸς
345 1363 399 1394 καὶ
421 1365 484 1394 τῶν
508 1363 604 1394 αὐτοῦ
627 1362 837 1403 θεραπόντων
861 1363 896 1393 ἐκ
924 1365 978 1403 τῆς
1007 1362 1266 1403 ἐκκλησιαστικῆς
1295 1362 1437 1399 εὐταξίας
1466 1363 1635 1404 ἀπήλασεν,
1665 1363 1743 1394 ἀλλὰ
1772 1364 1852 1395 θεοῦ

200 1415 301 1455 χάριτι
325 1414 375 1445 διὰ
398 1416 463 1445 τῶν
486 1415 627 1455 εὐσεβῶν
650 1414 807 1455 βασιλέων
829 1414 848 1454 ἡ
873 1414 949 1445 καθ’
970 1414 1056 1454 ἡμᾶς
1078 1416 1133 1445 τοῦ
1162 1414 1242 1445 θεοῦ
1272 1414 1421 1454 ἐκκλησία
1452 1414 1507 1454 τὴν
1534 1415 1647 1455 ἑαυτῆς
1675 1415 1853 1456 ὡραιότητα

200 1468 258 1497 νῦν
280 1466 434 1507 ἀπείληφε
461 1466 514 1497 καὶ
541 1465 576 1496 τὸ
599 1464 790 1506 θεοστυγὲς(1
817 1465 922 1505 δόγμα
954 1468 1009 1505 τῆς
1037 1466 1299 1505 εἷκονομαχικῆςΘ
1320 1466 1472 1506 αἱρέσεως
1499 1466 1718 1506 ἀπελήλακται.
1756 1467 1793 1498 Τί
1820 1467 1855 1498 δὲ

201 1518 219 1549 ὁ
241 1518 416 1559 μισόκαλος
439 1518 580 1558 ὃαίμων;
599 1516 728 1557 Ἑτέραν
750 1517 843 1547 πάλιν
866 1517 970 1557 ἤγειρε
992 1516 1168 1556 τρικυμίαν,
1192 1516 1285 1547 πάλιν
1308 1516 1369 1557 γὰρ
1392 1517 1497 1557 ἤγειρε
1512 1516 1546 1547 Γ
1541 1517 1694 1558 ρηγόριον
1712 1518 1766 1549 τὸν
1789 1519 1854 1550 ἐπι-

149 1582 174 1602 2⁵
201 1570 373 1611 λεγόμενον
391 1568 581 1610 Ἀσβεστᾶν2
605 1568 658 1599 καὶ
680 1567 891 1608 Εὐλάμπιον3
913 1567 967 1598 καὶ
982 1567 1131 1609 Πέτρον4
1153 1567 1207 1598 καὶ
1229 1567 1303 1602 τοὺς
1324 1568 1399 1608 περὶ,
1418 1568 1533 1603 αὐτοὺς
1556 1569 1609 1600 καὶ
1633 1569 1671 1600 δι’
1689 1570 1794 1601 αὐτῶν
1817 1570 1854 1602 τὰ

199 1621 279 1661 μέλη
310 1620 451 1661 Χριστοῦ
484 1621 621 1661 ὃιασπᾷν
651 1619 704 1650 ἀπ’
730 1619 875 1660 ἀλλήλων
906 1619 960 1650 καὶ
988 1621 1044 1650 τοῦ
1076 1619 1253 1659 ἅγιωτάτου
1280 1619 1431 1660 Ἰγνατίου
1462 1623 1517 1652 τοῦ
1546 1621 1765 1662 πατριάρχου5
1794 1623 1854 1654 οὐκ

200 1673 354 1713 ὤκνησεν.
397 1672 463 1707 Οὓς
486 1673 504 1703 ὁ
526 1672 723 1713 πατριάρχης
746 1670 839 1706 οὗτος
864 1671 1040 1706 πλειστάκις
1063 1671 1242 1706 συνοὸικῶς
1271 1672 1573 1713 προσκαλεσάμενος
1602 1673 1656 1704 καὶ
1685 1674 1761 1705 ὅσον
1791 1674 1853 1706 ἔδει

198 1725 372 1766 θεραπείας
405 1725 558 1761 ἀξιώσας,
593 1724 642 1755 ἴνα
675 1723 720 1765 μὴ
756 1723 942 1758 ἐκκοπέντες
978 1726 1032 1764 τῆς
1065 1725 1120 1754 τοῦ
1155 1723 1235 1754 θεοῦ
1270 1724 1438 1765 ἐκκλησίας
1471 1725 1606 1765 θήραμα
1639 1728 1685 1766 τῷ
1718 1729 1853 1767 πονηρῷ

358 1870 468 1897 Φώτιον.
504 1870 557 1896 Καὶ
575 1869 721 1903 εἰσαγαγὼν
739 1869 877 1903 Στέφανον
899 1870 943 1895 τὸν
967 1871 1073 1903 γνήσιον
1097 1869 1213 1903 ἀδελφὸν
1235 1870 1316 1895 αὐτοῦ
1340 1872 1386 1896 τοῦ
1405 1870 1517 1899 Λέοντος
1540 1870 1586 1896 καὶ
1606 1871 1853 1904 προσκαλεσάμενος

147 1926 172 1945 30
354 1913 498 1940 Στυλιανὸν
522 1912 732 1946 Νεοκαισαρείας
761 1913 953 1946 μητροπολίτην
981 1912 1024 1938 τὸν
1046 1912 1148 1938 Μάπαν
1172 1911 1218 1938 καὶ
1240 1912 1337 1941 πάντας
1360 1912 1420 1941 τοὺς
1444 1912 1499 1945 μετ’
1525 1913 1605 1939 αὐτοῦ
1630 1913 1657 1939 ἕν
1681 1916 1718 1946 τῷ
1743 1913 1854 1947 διωγμῷ

354 1956 566 1989 συναθλήσαντας
592 1956 754 1985 ἐπισκόπους
778 1956 939 1989 ἡγουμένους
956 1955 1150 1989 πρεσβυτέρους
1168 1955 1309 1984 διακόνους
1328 1955 1374 1982 καὶ
1392 1955 1498 1984 λοιποὺς
1517 1956 1635 1989 ζηλωτὰς
1656 1959 1701 1990 τῆς
1722 1956 1854 1990 εὐσεβείας

355 1999 420 2032 φησὶ
445 1999 511 2032 πρὸς
532 1998 638 2027 αὐτούς·
665 1998 692 2032 “ῆ
711 1998 741 2024 ἐκ
768 1998 833 2024 θεοῦ
857 1998 974 2032 βασιλεία
998 1998 1076 2032 ἡμῶν
1099 1998 1145 2032 τὴν
1166 1998 1294 2032 ἀλήθειαν
1316 1998 1450 2033 ζητήσασα
1473 1998 1517 2025 τὸν
1534 1999 1687 2032 παράνομον
1705 1999 1789 2033 ἄνδρα
1807 2002 1852 2026 τοῦ

355 2042 455 2075 θρόνου
473 2042 590 2075 ἀπήλασε
608 2041 653 2067 καὶ
672 2041 716 2067 τὸν
733 2041 798 2067 καθ’
811 2041 888 2074 ὑμῶν
900 2041 1017 2074 διωγμὸν
1029 2041 1134 2073 ἔπαυσε,
1152 2041 1199 2067 καὶ
1216 2041 1248 2067 οὐ
1259 2041 1390 2077 βιάσομαί
1406 2051 1475 2071 τινας
1488 2042 1518 2072 ἐξ
1530 2042 1606 2075 ῧμῶν
1618 2043 1690 2076 παρὰ
1701 2042 1855 2076 προαίρεσίν

354 2093 419 2111 ποτε
437 2087 606 2118 κοινωνῆσαι,
625 2084 652 2110 ἒν
669 2084 836 2118 παρακλήσει
854 2084 884 2110 δὲ
901 2084 999 2118 μᾶλλον
1016 2087 1175 2118 προσφωνῶ
1194 2084 1240 2118 τὴν
1258 2084 1386 2118 ὑμετέραν
1406 2085 1554 2119 εὐλάβειαν,
1577 2086 1618 2112 ἵνα
1640 2085 1798 2120 συνέλθητεῑ
1814 2089 1851 2120 τῷ

147 2140 171 2160 ³5
353 2128 462 2161 ἀδελφῷ
480 2129 550 2160 μουθ
568 2127 614 2153 καὶ
633 2127 735 2161 γένηται
752 2128 800 2160 μία
817 2128 923 2161 ποίμνη.
958 2127 1021 2154 Ἐὰν
1039 2127 1069 2154 δὲ
1090 2127 1154 2154 ἄνευ
1173 2131 1226 2154 τῶν
1243 2127 1383 2161 Ῥωμαίων
1406 2131 1459 2155 τῶν
1477 2128 1676 2162 δεσμευσάντων
1697 2129 1799 2155 Φώτιον
1823 2129 1855 2156 οὗ

355 2171 469 2205 θέλητεΒ
487 2170 622 2197 συνελθεῖν
640 2173 677 2203 τῷ
696 2170 805 2204 ἀδελφῷ
823 2180 876 2204 μου
895 2171 938 2197 διὰ
963 2170 992 2196 τὸ
1014 2171 1231 2205 χειροτονηθῆναι
1254 2171 1377 2198 διάκονον
1401 2171 1452 2198 ὐπὸ
1474 2171 1587 2203 Φωτίου,
1611 2172 1684 2198 δεῦτε
1707 2172 1853 2206 γράφωμεν

354 2214 399 2240 καὶ
418 2212 613 2247 ἀποστείλωμεν
631 2213 698 2246 ὁμοῦ
715 2214 881 2248 παράκλησιν
900 2214 938 2243 εἷς
956 2214 1003 2248 τὴν
1011 2213 1119 2248 “Ρώμην
1135 2214 1202 2248 πρὸς
1220 2214 1264 2241 τὸν
1281 2214 1384 2241 πάπαν·
1402 2215 1448 2241 καὶ
1466 2214 1634 2249 οἰκονομήσει
1652 2215 1699 2249 τὴν
1716 2215 1789 2242 λύσιν
1807 2219 1852 2242 τοῦ

354 2257 452 2290 δεσμοῦ
474 2259 527 2283 τῶν
545 2256 597 2282 ὗπὸ
618 2256 722 2283 Φωτίου
739 2256 994 2292 χειροτονηθέντων.’
1015 2272 1048 2276 -
1060 2255 1196 2291 ’Ἐγραψεν
1221 2257 1268 2284 οὖν
1292 2257 1336 2284 διὰ
1357 2260 1433 2284 τοῦτο
1453 2258 1467 2283 ὅ
1490 2258 1612 2292 βασιλεὺς
1634 2258 1770 2293 ἐπιστολὴν
1787 2259 1853 2292 πρὸς

353 2300 397 2326 τὸν
415 2300 529 2331 πάπανΊ,
548 2299 646 2332 ὁμοίως
665 2300 710 2326 καὶ
728 2300 755 2326 οἵ
771 2300 833 2334 περὶ
852 2300 895 2327 τὸν
913 2300 1015 2326 Μάπαν
1032 2299 1076 2327 τὸν
1093 2301 1288 2335 μητροπολίτην
1306 2301 1516 2335 Νεοκαισαρειάς
1534 2301 1666 2335 ἐποίησαν.
1697 2301 1771 2335 ’Ἐχει
1789 2301 1818 2327 δὲ
1835 2301 1852 2335 ἠ

148 2355 174 2374 40
355 2346 401 2370 τοῦ
418 2343 610 2377 μητροπολίτου
629 2342 751 2377 ἐπιστολὴ
770 2343 862 2372 οὕτως.
900 2343 1030 2377 Seqwitur
1046 2344 1160 2378 epistola
1177 2352 1205 2372 n.
1217 2348 1242 2371 2.

301 2423 326 2450 2.
354 2423 378 2455 ⁸)
396 2432 444 2450 om.
458 2423 496 2449 M.
559 2422 584 2455 b)
602 2423 663 2448 add.
675 2424 704 2448 in
721 2431 803 2456 marq.
816 2423 854 2449 M.
917 2422 940 2455 ο)
959 2422 1129 2455 ἐπισύραυσα,
1149 2432 1274 2456 superscr.
1289 2422 1340 2449 ὕπο
1358 2423 1393 2456 V,·
1410 2422 1578 2458 ἐπισύρουσα,
1596 2432 1722 2457 super-scr.
1735 2422 1786 2448 ὑπο
1803 2423 1851 2449 Ott.

199 2466 224 2500 d)
243 2465 383 2500 χ-ροστυγὲς
404 2467 440 2492 M.
527 2465 550 2498 Θ)
572 2465 740 2498 εἷκονομικῆς
759 2466 788 2497 V;
806 2465 939 2499 εἷκονικῆς
958 2467 1002 2497 Μ,·
1019 2465 1205 2499 οἷκουμενικῆς
1227 2467 1275 2499 Oti,
1292 2467 1356 2496 Van
1379 2467 1513 2499 εἰκονικῆς
1532 2475 1598 2493 corr.
1611 2471 1638 2492 ut
1655 2467 1705 2492 vid.
1719 2475 1749 2493 ex
1766 2465 1851 2492 εἴκου-

199 2511 308 2542 μενικῆς
326 2509 399 2540 Bm),-
417 2509 450 2543 cf.
463 2510 539 2542 infra
552 2518 581 2542 p.
594 2510 643 2535 379
661 2508 678 2536 Ζ.
692 2511 733 2535 32.
803 2508 824 2541 f)
843 2508 980 2535 συνέλθετε
998 2510 1035 2536 M.
1107 2510 1131 2542 8)
1150 2509 1239 2535 θέλετε
1257 2510 1294 2543 M,
1312 2510 1359 2537 Oa.

305 2603 330 2636 1)
351 2602 393 2635 Cf.
405 2602 615 2637 praefationem,
638 2610 719 2636 quam
744 2602 819 2630 codd.
831 2603 976 2637 praebent,
1004 2603 1052 2629 sub
1078 2603 1132 2636 fine
1158 2603 1336 2630 antecedentis
1362 2603 1487 2637 epistolae
1511 2606 1552 2636 (p.
1565 2606 1613 2630 374
1634 2604 1698 2636 n.*)
1721 2602 1848 2629 additam.

148 2653 173 2673 4⁸
201 2646 228 2680 2)
247 2646 486 2679 Arehiepiscopum
509 2645 725 2680 Syracusanum,
748 2646 779 2673 de
802 2655 855 2680 quo
880 2646 914 2678 ef.
938 2645 1133 2680 Heryenoefitlaer
1151 2646 1168 2674 l.
1181 2647 1197 2673 Ζ.
1216 2646 1241 2678 Ι,
1254 2650 1367 2680 358sqq.
1479 2647 1506 2680 3)
1525 2646 1691 2679 ffln'seopum
1709 2646 1850 2679 Apameae,

201 2691 236 2723 cf.
248 2689 446 2723 Heryenrdther
464 2688 479 2715 l.
493 2688 508 2715 l,
525 2697 554 2722 p.
569 2691 623 2716 359.
744 2690 771 2722 4)
794 2689 959 2723 Episcopum
981 2689 1081 2722 Mileti,
1106 2689 1198 2716 deinde
1214 2688 1313 2716 Sardes
1337 2690 1513 2721 tramlatum,
1539 2690 1574 2722 cf.
1594 2688 1785 2722 Herqenra'ther
1803 2688 1819 2714 2.
1833 2688 1849 2715 l.

199 2732 226 2765 5)
250 2731 428 2758 Patriarchae
452 2731 748 2766 Constantinopolitani
773 2735 914 2765 847-858,
931 2735 1074 2759 867-878.
1209 2732 1236 2766 6)
1256 2732 1388 2766 Stephano
1405 2733 1427 2759 1.
1446 2731 1620 2766 patriarchae
1643 2735 1693 2758 886
1714 2733 1850 2759 ex.—893.

199 2775 226 2808 7)
248 2774 288 2807 Of.
304 2774 368 2808 Rey.
382 2774 457 2808 apud
475 2774 588 2808 Doelyer
606 2775 622 2802 l.
636 2775 652 2802 l.
665 2783 692 2802 n.
705 2778 761 2802 513.
773 2787 776 2790 *
