2189 3042
171 415 232 435 Rom.
248 418 266 434 s,
274 416 286 434 ll

237 465 292 484 llwl.

160 567 293 590 Roman.

188 668 238 690 (inl.
247 671 266 689 4.
276 671 294 688 fi.

163 719 210 740 1011.
221 722 253 743 15,
264 724 266 729 ¹
277 722 294 739 41.

166 771 212 792 ioh.
224 773 254 795 16,
267 774 287 791 Η

184 980 230 1002 11111.
239 984 290 1005 5,'.313

139 1599 215 1619 natm.
229 1601 259 1624 10,
268 1601 300 1619 40.

139 1860 167 1878 cs.
178 1857 220 1878 Ex.
231 1860 263 1878 34.
272 1860 303 1878 25.

176 1901 206 1922 Cf.
218 1903 236 1921 3.
248 1900 301 1920 Rf’k’.

204 1929 288 1949 17—13-

110 1962 139 1982 cf.
152 1963 171 1982 3.
180 1961 235 1985 Reg.
245 1962 276 1983 19.
284 1962 302 1980 δ’.

137 2013 165 2033 cf.
171 2011 248 2032 Matth.
256 2015 276 2036 4,
282 2016 292 2031 ἐ

141 2115 219 2136 Matth.
231 2118 262 2139 172
271 2118 302 2135 20.

306 116 367 144 356
818 106 1002 133 STEPHANI
1014 105 1048 132 V.
1070 104 1186 130 PAPAE
1204 104 1403 130 EPlSTOLAE
1423 105 1445 130 1.

308 201 415 229 autom
440 196 480 226 de
497 195 595 226 Patre
619 195 833 234 sempiternus
854 192 955 223 Filius
979 195 1011 223 et
1033 191 1107 222 ideo
1132 190 1257 231 genitus
1282 190 1413 227 dicitur;
1437 189 1593 231 Spiritus¹
1609 200 1686 221 vero
1710 192 1837 221 sanctus
1852 190 1958 222 Patris

308 252 340 280 et
366 247 437 278 Filii
471 249 519 277 est
549 245 678 286 spiritus
707 245 774 276 sine
805 244 870 275 ullo
898 243 1078 282 intervallo,
1109 242 1163 273 ubi
1190 242 1278 273 nulla
1300 245 1447 283 tempora
1471 251 1619 283 quaeque
1649 241 1771 272 habent
1798 242 1884 282 prius
1906 242 1959 273 vel

309 299 468 341 posterius
492 301 564 327 sunt
588 296 769 336 cogitanda,
795 298 827 326 et
850 295 924 327 ideo
948 305 1006 326 1100
1029 294 1189 336 ingenitus
1212 303 1271 325 nec
1294 294 1430 335 genitus,
1461 292 1518 323 sed
1546 292 1724 334 procedens
1747 293 1871 333 dicitur,
1900 298 1959 323 ne·

311 351 373 381 duo
399 352 506 391 patres
530 358 588 378 nec
613 347 675 378 duo
700 347 756 378 filii
780 346 959 378 credantur.
1006 345 1100 381 Quod
1122 344 1196 376 Filii
1226 345 1266 375 sit
1293 344 1431 385 spiritus,
1461 344 1625 385 apostolus
1656 347 1688 374 et
1717 343 1960 385 evangelistam

310 405 459 432 testatur:
485 399 529 431 ‘Si
553 400 623 441 quis
648 399 794 440 spiritum
820 397 938 429 Christi
967 408 1030 427 non
1060 396 1169 436 habet,
1199 395 1249 427 hic
1278 406 1341 426 non
1374 398 1423 426 est
1452 396 1543 432 eius’;
1572 398 1604 427 et
1632 395 1752 426 Paulus
1784 395 1960 436 apostolus,

308 453 392 494 quod
410 452 516 484 Patris
531 451 669 492 Filiique
695 451 735 481 sit
758 450 898 491 spiritus,
926 452 1076 480 testatur:
1101 448 1178 479 ‘Vos
1202 450 1309 478 autem
1333 458 1397 478 non
1421 447 1496 479 estis
1518 447 1549 478 in
1574 457 1679 487 carne,
1703 447 1760 478 sed
1783 447 1814 477 in
1837 447 1960 488 spiritu,

309 506 335 535 si
368 508 475 534 tamen
499 503 627 543 spiritus
656 502 717 533 Dei
747 501 872 532 habitat
902 502 933 531 in
960 500 1070 531 vobis.’
1117 499 1159 531 Et
1189 501 1305 530 iterum
1334 502 1369 530 ut
1398 498 1503 530 Patris
1534 499 1573 529 sit
1602 499 1739 540 spiritus,
1765 498 1959 530 lucidissime

311 556 477 597 distinguit
501 554 625 585 dicens:
650 553 784 589 ‘Quodsi
807 553 935 594 spiritus
959 553 1036 592 eius,
1062 552 1114 593 qui
1138 551 1303 583 suscitavit
1324 551 1431 582 Iesum
1456 561 1475 582 a
1496 551 1640 590 mortuis,
1664 550 1790 581 habitat
1811 551 1842 580 in
1863 549 1963 591 vobis,

309 606 482 638 vivificabit
506 609 538 637 et
561 606 710 637 mort-alia
734 615 868 646 corpora
892 606 1016 635 vestra.’
1064 603 1109 634 Ut
1131 614 1207 635 vero
1231 603 1304 634 Filii
1328 603 1368 633 sit
1391 603 1528 644 spiritus⁴¹
1552 603 1638 633 idem
1661 602 1782 633 Paulus
1809 605 1959 633 testatur:

311 659 482 695 ‘Quoniam
507 663 615 689 autem
641 657 716 688 estis
739 657 796 687 filii
819 656 892 696 Dei,
915 657 1002 687 misit
1021 655 1110 686 Deus
1134 655 1279 696 spiritum
1296 654 1369 685 Filii
1393 655 1441 685 sui
1464 655 1495 685 in
1519 653 1616 685 corda
1638 658 1746 685 nostra
1770 653 1962 685 clamantem

312 711 395 742 abba
421 712 535 751 pater?
580 708 625 739 Ut
649 719 667 739 a
691 708 788 739 Patre
814 708 978 749 procedat,
1003 708 1069 748 ipsa
1092 708 1210 737 veritas
1235 706 1325 737 dicit:
1350 705 1506 747 ‘Spu-itus,
1535 706 1590 747 qui
1616 716 1635 737 a
1658 706 1756 737 Patre
1779 705 1964 747 procedite?

311 763 355 794 Ut
379 773 394 792 a
414 761 496 792 Filio
521 760 685 802 procedat,
711 760 825 791 eadem
842 760 959 791 veritas
983 762 1133 789 testatur:
1158 758 1226 789 ‘Ille
1250 768 1302 789 me
1328 757 1524 797 clarificabit,
1548 758 1622 798 quia
1647 757 1686 789 de
1709 767 1783 788 meo
1807 757 1965 798 accipiet?

310 814 404 846 Absit
429 814 523 851 enim,
547 815 582 843 ut
599 811 734 853 Spiritus
757 814 886 842 sanctus
910 811 1059 842 credatur
1079 809 1120 842 de
1136 810 1234 841 Patre
1255 810 1284 839 in
1302 809 1419 840 Filium
1436 812 1468 840 et
1485 809 1523 840 de
1540 809 1622 840 Filio
1644 808 1684 839 ad
1702 808 1962 840 sanctificandam

312 868 492 897 creaturam
518 864 608 905 quasi
633 863 823 904 quibusdam
848 862 1000 904 gradibus
1024 861 1211 903 procedere,
1236 860 1293 892 sed
1317 860 1589 902 quemadmodum
1610 860 1650 891 de
1671 861 1780 900 Patre,
1803 861 1848 891 ita
1872 863 1904 891 et
1924 859 1964 891 de

310 917 393 949 Filio
418 917 511 947 simul
536 915 700 957 procedat.
738 915 816 950 Quis
841 915 925 945 enim
949 913 1081 954 negabit
1102 923 1171 944 esse
1189 912 1341 953 Spiritum
1365 915 1507 943 sanctum
1525 913 1634 952 vitam,
1659 916 1691 943 et
1707 913 1757 943 cui
1773 912 1838 943 vita
1853 911 1962 951 Pater,

315 970 381 1000 vita
405 969 444 1000 sit
467 968 589 999 Filius?
620 966 720 998 ‘Sicut
743 967 842 998 Pater
864 967 962 997 vitam
986 965 1086 996 habet
1108 966 1138 996 in
1162 967 1267 995 semet
1289 965 1370 1005 ipso,
1393 964 1437 995 sie
1462 964 1550 995 dedit
1574 966 1606 995 et
1625 963 1706 995 Filio
1723 964 1821 995 vitam
1843 964 1962 995 habere

309 1021 341 1052 in
365 1024 468 1052 semet
490 1020 580 1061 ipso.’

420 1072 512 1102 Haeo
537 1071 594 1102 tibi
620 1071 659 1101 de
683 1070 790 1100 multis
815 1080 918 1110 pauca
943 1068 1061 1099 dixisse
1092 1067 1261 1107 sufficiant,
1286 1077 1368 1108 quae
1399 1070 1431 1097 te
1462 1066 1583 1108 absque
1613 1067 1823 1109 ambiguitate
1852 1068 1962 1108 lingua

312 1124 455 1155 confiteri
480 1126 512 1153 et
536 1122 631 1153 corde
656 1123 784 1162 oportet
808 1119 951 1161 credere,
975 1120 1032 1151 sed
1056 1131 1117 1151 non
1142 1120 1225 1150 ultra
1248 1120 1332 1150 vires
1357 1119 1552 1151 examinare.
1591 1119 1674 1155 Quia
1697 1120 1772 1150 solis
1796 1119 1964 1161 corporeid

311 1175 401 1206 radio
436 1175 600 1205 oculorum
630 1172 810 1204 retunditur
839 1172 980 1212 intuitus
1011 1174 1131 1213 quanto
1164 1172 1267 1213 magis
1299 1170 1470 1202 ineffabilis
1503 1170 1633 1201 deitatis
1662 1170 1806 1202 claritate
1835 1174 1964 1202 terrena

312 1238 402 1258 mens
435 1225 624 1258 retunditur.
670 1224 764 1255 Hane
795 1223 893 1254 fidem
924 1233 942 1254 a
972 1223 1111 1254 Domino
1144 1223 1175 1253 in
1210 1222 1373 1264 apostolos
1408 1226 1440 1254 et
1474 1222 1627 1263 apostolis
1657 1221 1824 1253 fundatam
1856 1225 1965 1254 sancta

313 1278 471 1309 catholica
496 1281 528 1308 et
556 1276 733 1317 apostolica
756 1276 904 1306 Romana
934 1278 1023 1306 tenet
1053 1275 1199 1313 ecclesia,
1229 1285 1324 1316 quam
1356 1277 1390 1304 tu
1419 1276 1454 1304 ut
1482 1273 1615 1304 firmiter
1643 1276 1765 1315 teneas,
1795 1284 1963 1305 monemus

313 1340 485 1361 exoramus
510 1333 542 1360 et
564 1328 800 1359 testificamuse.
833 1327 881 1368 <In
900 1337 962 1367 qua
979 1329 1011 1358 et
1021 1326 1229 1367 Wichingum
1247 1326 1463 1357 venerandum
1488 1325 1695 1366 episcopum³
1713 1327 1745 1356 et
1761 1326 1960 1356 carissimum

314 1382 507 1413 confratrem
538 1379 763 1411 000105111511004
788 1383 929 1409 doctrina
959 1378 1119 1409 eruditum
1149 1382 1353 1416 repperimus
1384 1380 1417 1408 ei}
1439 1376 1512 1407 ideo
1537 1387 1610 1408 eum
1638 1381 1717 1408 vobis
1744 1382 1779 1408 ad
1810 1382 1961 1416 regendam

314 1438 368 1463 sibi
392 1437 568 1463 commissam
585 1446 602 1462 a
617 1436 688 1462 Deo
713 1435 860 1462 ecclesiam
883 1435 1050 1466 remisimus,
1074 1430 1148 1470 quia
1171 1429 1393 1460 fidelissimum
1417 1428 1508 1460 eumf
1529 1428 1587 1459 tibi
1610 1431 1643 1459 et
1664 1439 1722 1469 pro
1746 1432 1778 1460 te
1802 1429 1878 1460 satis
1902 1429 1964 1460 sol-

313 1485 455 1516 licitumg
477 1485 507 1514 in
533 1483 679 1514 omnibus
703 1482 900 1523 agnovimus.
936 1485 1022 1518 Quem
1041 1485 1129 1512 veluti
1153 1481 1352 1522 spiritualem
1369 1483 1494 1521 patrem
1511 1483 1544 1511 et
1559 1485 1704 1518 proprium
1719 1486 1862 1519 pastorem
1878 1485 1964 1519 digno

314 1541 420 1567 honore
445 1542 473 1566 ct
497 1535 606 1565 debita
628 1538 788 1565 reverentia
811 1533 935 1572 Siacera
958 1538 1052 1563 mente
1075 1537 1219 1570 recipite,
1251 1535 1359 1563 tenete
1384 1535 1416 1563 et
1438 1532 1677 1573 amplectimini,
1702 1537 1769 1570 quia
1791 1533 1823 1563 in
1847 1543 1885 1564 eo
1910 1543 1964 1563 ex-

314 1588 450 1618 hibitum
480 1586 636 1617 honorem
665 1585 790 1616 Christo
820 1584 983 1615 conferitis
1012 1584 1081 1624 ipso
1110 1583 1251 1614 dicente:
1283 1583 1357 1619 ‘Qui
1381 1593 1437 1613 vos
1467 1583 1590 1624 recipit,
1620 1594 1671 1614 me
1702 1584 1825 1624 recipit,
1856 1587 1889 1615 et
1911 1584 1965 1624 qui

314 1650 364 1670 me
389 1639 513 1679 recipit,
537 1638 651 1678 recipit
675 1647 758 1675 eum,
784 1636 837 1676 qui
860 1646 912 1666 me
943 1635 1051 1666 misit?
1096 1640 1158 1673 ipse
1185 1635 1294 1675 itaque
1319 1636 1464 1665 omnium⁵
1487 1639 1738 1665 ecclesiasticorum
1763 1634 1964 1673 negotiorumh

314 1695 420 1721 habeat
444 1703 538 1720 curam
571 1691 602 1719 et
626 1688 689 1719 Dei
717 1689 866 1719 timorem
898 1696 976 1727 prae
1006 1686 1118 1717 oculisi
1142 1685 1263 1717 habens
1286 1690 1431 1723 dispenset
1460 1690 1588 1722 eadem,
1614 1686 1688 1726 quia
1712 1689 1744 1717 et
1766 1696 1823 1727 pro
1853 1686 1902 1716 his
1932 1689 1965 1717 et

314 1755 365 1780 pro
390 1742 558 1772 111111110111115ὃ
581 1744 707 1771 comissi
731 1739 790 1770 Sibi
814 1743 911 1777 populi
934 1738 1003 1779 ipse
1027 1742 1187 1769 redditurus
1211 1741 1265 1767 erit
1289 1737 1431 1768 districto
1454 1736 1551 1768 iudici
1573 1737 1736 1778 rationem.)

422 1792 471 1823 De
495 1792 612 1823 ieiunio
638 1792 746 1832 itaque
771 1790 852 1821 scias
877 1801 895 1820 a
918 1790 1002 1831 lege,
1032 1789 1199 1831 prophetis
1223 1792 1255 1820 et
1279 1789 1319 1819 ab
1343 1790 1412 1830 ipso
1438 1788 1576 1820 Domino
1600 1790 1632 1819 in
1656 1789 1824 1830 evangelio
1848 1800 1965 1830 appro-

318 1845 439 1876 batum.
486 1844 614 1884 Moyses
637 1852 788 1883 namque,
812 1845 847 1872 ut
869 1842 973 1882 legem
999 1842 1170 1882 acciperet,
1196 1840 1409 1882 quadraginta
1434 1840 1546 1870 diebus
1577 1843 1608 1871 et
1637 1840 1782 1871 noctibus
1805 1841 1966 1872 ieiunavit.

316 1896 440 1935 Helias7
466 1896 518 1936 qui
544 1895 667 1925 caelum
692 1894 811 1925 orando
837 1893 958 1933 clausit„
987 1896 1022 1923 ut
1044 1903 1106 1922 non
1129 1892 1257 1933 plueret
1280 1902 1379 1922 annos
1403 1895 1467 1922 tres
1492 1894 1524 1922 et
1546 1901 1673 1922 menses
1696 1902 1763 1933 sex,
1788 1895 1820 1923 et
1842 1903 1966 1923 rursum

319 1947 438 1978 orando
463 1947 590 1987 aperuit
622 1949 653 1976 et
682 1945 805 1976 caelum
833 1945 920 1976 dedit
943 1945 1084 1985 pluviam
1109 1947 1141 1973 et
1163 1946 1247 1974 terra
1273 1943 1362 1974 dedit
1391 1943 1528 1974 fructum
1557 1943 1681 1984 suumk,
1710 1942 1770 1974 XL
1799 1943 1911 1974 diebus
1935 1947 1968 1975 et

316 1998 462 2030 noctibus
493 1998 653 2029 ieiunavit.
701 1997 823 2027 Auctor
854 1999 886 2027 et
915 1997 982 2037 ipse
1013 1996 1094 2035 legis
1117 1995 1208 2025 Iesus
1231 1994 1376 2026 Christus
1406 1994 1551 2025 dominus
1578 1997 1686 2026 noster
1708 1994 1768 2025 XL
1793 1994 1904 2026 diebus
1935 1997 1967 2026 et

318 2051 464 2081 noctibus
494 2050 654 2080 ieiunavit.
702 2049 735 2079 Si
766 2048 851 2089 quis1
880 2058 956 2079 vero
987 2047 1139 2077 ieiunium
1170 2047 1335 2087 reprobat,
1367 2045 1520 2087 reprobet
1552 2049 1584 2076 et
1611 2047 1789 2077 orationem
1821 2050 1852 2077 et
1881 2046 1967 2078 blas-

318 2103 451 2143 phemet
483 2111 552 2132 esse
583 2101 703 2131 malum
734 2100 907 2130 daemones
941 2099 999 2129 eici
1034 2099 1158 2129 dicente
1188 2098 1343 2129 Domino:
1376 2097 1458 2129 ‘Hoc
1486 2108 1587 2138 genus
1617 2108 1680 2128 non
1709 2098 1820 2128 eicitur
1849 2099 1908 2129 nisi
1935 2098 1967 2129 in

319 2154 463 2185 oratione
489 2156 520 2183 et
542 2153 682 2183 ieiunio.T
717 2151 933 2191 Praeceptum
951 2151 1068 2191 quippe
1094 2152 1142 2180 est
1165 2150 1317 2189 ieiunare7
1342 2149 1398 2180 sed
1423 2149 1538 2190 quibus
1562 2149 1675 2180 diebus
1699 2150 1740 2180 sit
1761 2149 1967 2181 ieiunandum

422 2281 445 2313 θ’)
465 2290 512 2307 nec
533 2281 560 2313 O,
579 2281 613 2314 cf.
628 2289 707 2313 supra
722 2290 752 2312 p.
768 2282 815 2305 353
834 2281 851 2304 l.
867 2283 890 2305 5.
980 2279 1003 2311 b)
1023 2280 1213 2312 ineuangelista
1234 2280 1260 2305 ζ’.
1349 2278 1371 2311 ⁰)
1397 2280 1440 2304 ille
1466 2288 1505 2304 me
1530 2280 1682 2304 clarificavit
1700 2279 1762 2305 add.
1777 2279 1813 2308 0:
1838 2279 1882 2304 sed
1906 2279 1968 2304 haec

318 2326 402 2356 verba,
421 2333 485 2357 quae
504 2325 587 2356 paulo
612 2324 685 2356 infra
709 2329 774 2348 recte
794 2324 880 2354 posita
904 2328 970 2354 sum,
995 2323 1034 2347 hic
1058 2331 1146 2347 errore
1169 2323 1266 2346 scribae
1292 2322 1424 2353 irrepsisse
1447 2321 1611 2354 manifestum
1635 2326 1677 2347 est.
1774 2321 1798 2353 d)
1817 2330 1920 2354 corpore
1940 2321 1967 2347 0.

319 2368 341 2400 ⁹)
360 2369 518 2393 obtestamur
541 2367 709 2391 verisimiliter
729 2366 862 2398 Ieyemlmn
881 2371 923 2391 est.
1019 2364 1038 2397 1)
1057 2374 1114 2390 eum
1136 2366 1162 2390 O.
1270 2365 1295 2397 S)
1313 2366 1448 2395 solicitum,
1473 2366 1508 2390 sic
1526 2365 1628 2396 saepius
1649 2364 1675 2390 Ο.
1781 2363 1807 2394 h)
1826 2365 1968 2389 officiorum

319 2412 381 2437 add.
407 2411 433 2442 (J,
464 2411 532 2443 quod
560 2411 660 2442 ylo-ssa&
692 2411 745 2434 loco
776 2409 921 2434 habenclmn
948 2417 1027 2441 neque
1057 2409 1083 2433 i'n
1111 2413 1203 2433 [extum
1231 2409 1350 2440 epistolae
1377 2408 1549 2440 recipiendum
1576 2408 1682 2433 videtur.
1787 2406 1806 2439 i)
1834 2408 1911 2432 ocolis
1941 2407 1968 2433 0.

318 2453 345 2485 k)
365 2463 421 2479 sum
444 2454 469 2478 C.
540 2452 558 2484 l)
578 2454 654 2484 Siqus
675 2452 701 2476 C.

424 2548 449 2579 1)
472 2548 536 2572 (lum
562 2547 612 2578 his,
639 2554 706 2579 quac
731 2548 878 2578 sequuntur
903 2545 938 2576 cf.
956 2553 1041 2577 snpra
1063 2554 1091 2577 p.
1114 2548 1167 2570 353
1191 2545 1207 2570 I.
1227 2549 1305 2577 4sqq.
1411 2544 1437 2577 2)
1460 2544 1515 2570 Hic
1538 2551 1639 2570 errasse
1663 2543 1820 2570 dictatorem
1845 2544 1969 2577 epistolae

320 2591 492 2624 manifestum
517 2592 561 2620 est,
587 2598 646 2616 cum
672 2589 735 2614 haec
759 2588 838 2614 verb«.
862 2587 917 2614 sint
942 2588 1032 2614 Pauli.
1145 2589 1170 2619 3)
1197 2587 1354 2619 Nlo-ensem,
1380 2587 1426 2620 qui
1451 2596 1475 2613 α,
1495 2590 1545 2613 893
1569 2586 1747 2612 cancellarius
1766 2586 1878 2618 Arnulfi
1901 2586 1969 2619 reyis

320 2634 411 2666 fuctus
442 2636 492 2665 est,
521 2636 555 2667 cf.
575 2631 892 2658 1107171107·-ΜίᾶῘιίὺασΙων
917 2630 1059 2664 ‘Reyesten
1088 2630 1135 2656 der
1161 2630 1355 2664 Karolinyer’2
1382 2638 1409 2656 oz.
1433 2634 1504 2656 1891.
1635 2630 1662 2663 4)
1692 2629 1732 2663 C'f.
1753 2637 1839 2662 supra
1865 2637 1894 2662 p.
1916 2631 1968 2655 223

321 2676 336 2701 Ζ.
360 2680 388 2702 Γ.)
398 2684 453 2709 sqq.
478 2684 505 2701 ww.
528 2680 580 2702 2435.
710 2675 737 2707 ζ»)
762 2674 836 2700 Haec
862 2678 1009 2707 ίονιῃγτιπσπῑ
1039 2682 1097 2699 cum
1130 2682 1191 2700 clm.
1210 2677 1292 2706 apost.
1310 2682 1337 2699 oz.
1354 2676 1400 2706 39,
1428 2673 1465 2700 cd.
1486 2673 1581 2707 Miync
1605 2672 1681 2699 Patr.
1700 2672 1746 2699 lat.
1765 2671 1894 2704 LXVII,
1914 2674 1969 2698 146.

321 2720 346 2751 6)
369 2720 409 2751 Cf.
423 2727 481 2745 caaz.
496 2720 579 2752 apost.
593 2726 621 2745 π.
635 2721 676 2748 40,
695 2719 710 2744 l.
725 2717 740 2743 Ζ.

1992 664 2015 682 10

1993 923 2014 942 15

1991 1180 2016 1199 20

1991 1441 2015 1460 25

1992 1698 2017 1717 30

1994 1954 2018 1974 35

1994 2289 2020 2308 40

1995 2554 2020 2573 45

2176 2490 2177 2495 Α
2171 2281 2189 2466 abiem&
2171 1821 2189 2275 nae-‘maasi-„aeQAE-Q„
2186 1805 2189 1812 r
