<?xml version="1.0" encoding="UTF-8"?>
<!DOCTYPE html PUBLIC "-//W3C//DTD XHTML 1.0 Transitional//EN"
    "http://www.w3.org/TR/xhtml1/DTD/xhtml1-transitional.dtd">
<html xmlns="http://www.w3.org/1999/xhtml" xml:lang="en" lang="en">
 <head>
  <title>
</title>
<meta http-equiv="Content-Type" content="text/html;charset=utf-8" />
  <meta name='ocr-system' content='tesseract 3.04.00' />
  <meta name='ocr-capabilities' content='ocr_page ocr_carea ocr_par ocr_line ocrx_word'/>
</head>
<body>
  <div class='ocr_page' id='page_1' title='image "./monumentagerman07geseuoft_0174.png"; bbox 0 0 2189 3042; ppageno 0'>
   <div class='ocr_carea' id='block_1_1' title="bbox 374 191 1589 229">
    <p class='ocr_par' dir='ltr' id='par_1_1' title="bbox 374 191 1589 229">
     <span class='ocr_line' id='line_1_1' title="bbox 374 191 1589 229; baseline -0.009 0"><span class='ocrx_word' id='word_1_1' title='bbox 374 201 432 229; x_wconf 75' lang='lat'>144</span> <span class='ocrx_word' id='word_1_2' title='bbox 800 192 978 220; x_wconf 83' lang='lat' dir='ltr'>IOHANNIS</span> <span class='ocrx_word' id='word_1_3' title='bbox 997 191 1070 218; x_wconf 83' lang='lat' dir='ltr'>VIII.</span> <span class='ocrx_word' id='word_1_4' title='bbox 1091 191 1211 217; x_wconf 85' lang='lat' dir='ltr'>PAPAE</span> <span class='ocrx_word' id='word_1_5' title='bbox 1233 191 1431 218; x_wconf 86' lang='lat' dir='ltr'>EPISTOLAE</span> <span class='ocrx_word' id='word_1_6' title='bbox 1454 192 1511 219; x_wconf 82' lang='lat'>179.</span> <span class='ocrx_word' id='word_1_7' title='bbox 1531 192 1589 219; x_wconf 84' lang='lat'>180.</span> 
     </span>
    </p>
   </div>
   <div class='ocr_carea' id='block_1_2' title="bbox 372 277 2025 1195">
    <p class='ocr_par' dir='ltr' id='par_1_2' title="bbox 372 277 2025 1195">
     <span class='ocr_line' id='line_1_2' title="bbox 372 277 2018 323; baseline -0.002 -9"><span class='ocrx_word' id='word_1_8' title='bbox 372 293 536 323; x_wconf 71' lang='lat' dir='ltr'>rogamuS,</span> <span class='ocrx_word' id='word_1_9' title='bbox 569 285 603 312; x_wconf 89' lang='lat' dir='ltr'>ut</span> <span class='ocrx_word' id='word_1_10' title='bbox 638 291 694 322; x_wconf 90' lang='lat' dir='ltr'>pro</span> <span class='ocrx_word' id='word_1_11' title='bbox 729 289 838 310; x_wconf 85' lang='lat' dir='ltr'>amore</span> <span class='ocrx_word' id='word_1_12' title='bbox 871 278 933 309; x_wconf 91' lang='lat' dir='ltr'>Dei</span> <span class='ocrx_word' id='word_1_13' title='bbox 967 281 999 309; x_wconf 87' lang='lat' dir='ltr'>et</span> <span class='ocrx_word' id='word_1_14' title='bbox 1030 278 1130 308; x_wconf 84' lang='lat' dir='ltr'>sancti</span> <span class='ocrx_word' id='word_1_15' title='bbox 1161 277 1252 308; x_wconf 90' lang='lat' dir='ltr'>Petri</span> <span class='ocrx_word' id='word_1_16' title='bbox 1280 288 1316 308; x_wconf 85' lang='lat' dir='ltr'>ac</span> <span class='ocrx_word' id='word_1_17' title='bbox 1345 280 1452 318; x_wconf 73' lang='lat' dir='ltr'>nostre</span> <span class='ocrx_word' id='word_1_18' title='bbox 1482 279 1685 319; x_wconf 80' lang='lat' dir='ltr'><strong>paternitatis</strong></span> <span class='ocrx_word' id='word_1_19' title='bbox 1714 278 1886 310; x_wconf 81' lang='lat' dir='ltr'>dilectione</span> <span class='ocrx_word' id='word_1_20' title='bbox 1915 280 2018 320; x_wconf 87' lang='lat' dir='ltr'>ipsum</span> 
     </span>
     <span class='ocr_line' id='line_1_3' title="bbox 374 328 2019 372; baseline -0.002 -8"><span class='ocrx_word' id='word_1_21' title='bbox 374 333 612 364; x_wconf 79' lang='lat' dir='ltr'>Bercellensem</span> <span class='ocrx_word' id='word_1_22' title='bbox 638 332 858 372; x_wconf 86' lang='lat' dir='ltr'>episcopatum</span> <span class='ocrx_word' id='word_1_23' title='bbox 882 330 955 360; x_wconf 92' lang='lat' dir='ltr'>huic</span> <span class='ocrx_word' id='word_1_24' title='bbox 978 329 1197 360; x_wconf 68' lang='lat' dir='ltr'>nobilissimo⁸</span> <span class='ocrx_word' id='word_1_25' title='bbox 1213 329 1291 370; x_wconf 88' lang='lat' dir='ltr'>viro,</span> <span class='ocrx_word' id='word_1_26' title='bbox 1316 328 1476 370; x_wconf 82' lang='lat' dir='ltr'>Gosperto</span> <span class='ocrx_word' id='word_1_27' title='bbox 1500 329 1653 361; x_wconf 86' lang='lat' dir='ltr'>videlicet</span> <span class='ocrx_word' id='word_1_28' title='bbox 1675 330 1850 361; x_wconf 82' lang='lat' dir='ltr'>venerabili</span> <span class='ocrx_word' id='word_1_29' title='bbox 1874 329 2019 370; x_wconf 85' lang='lat' dir='ltr'>diacono,</span> 
     </span>
     <span class='ocr_line' id='line_1_4' title="bbox 372 380 2018 423; baseline -0.002 -9"><span class='ocrx_word' id='word_1_30' title='bbox 372 385 462 415; x_wconf 79' lang='lat' dir='ltr'>vobis</span> <span class='ocrx_word' id='word_1_31' title='bbox 492 384 573 415; x_wconf 86' lang='lat' dir='ltr'>benc</span> <span class='ocrx_word' id='word_1_32' title='bbox 604 383 731 423; x_wconf 86' lang='lat' dir='ltr'>cognito</span> <span class='ocrx_word' id='word_1_33' title='bbox 762 381 986 422; x_wconf 83' lang='lat' dir='ltr'>communique</span> <span class='ocrx_word' id='word_1_34' title='bbox 1014 380 1103 412; x_wconf 91' lang='lat' dir='ltr'>fideli</span> <span class='ocrx_word' id='word_1_35' title='bbox 1132 383 1239 411; x_wconf 87' lang='lat' dir='ltr'>nostro</span> <span class='ocrx_word' id='word_1_36' title='bbox 1270 391 1308 411; x_wconf 83' lang='lat' dir='ltr'>ac</span> <span class='ocrx_word' id='word_1_37' title='bbox 1331 384 1453 421; x_wconf 90' lang='lat' dir='ltr'>vestro,</span> <span class='ocrx_word' id='word_1_38' title='bbox 1482 391 1579 422; x_wconf 87' lang='lat' dir='ltr'>quem</span> <span class='ocrx_word' id='word_1_39' title='bbox 1602 392 1659 422; x_wconf 91' lang='lat' dir='ltr'>pro</span> <span class='ocrx_word' id='word_1_40' title='bbox 1685 381 1909 413; x_wconf 86' lang='lat' dir='ltr'>ecclesiasticis</span> <span class='ocrx_word' id='word_1_41' title='bbox 1932 381 2018 412; x_wconf 85' lang='lat' dir='ltr'>utili-</span> 
     </span>
     <span class='ocr_line' id='line_1_5' title="bbox 372 431 2020 474; baseline -0.002 -7"><span class='ocrx_word' id='word_1_42' title='bbox 372 436 490 467; x_wconf 80' lang='lat' dir='ltr'>tatibus</span> <span class='ocrx_word' id='word_1_43' title='bbox 520 436 550 465; x_wconf 93' lang='lat' dir='ltr'>in</span> <span class='ocrx_word' id='word_1_44' title='bbox 574 435 738 465; x_wconf 88' lang='lat' dir='ltr'>servitium</span> <span class='ocrx_word' id='word_1_45' title='bbox 760 436 901 463; x_wconf 86' lang='lat' dir='ltr'>vestrum</span> <span class='ocrx_word' id='word_1_46' title='bbox 926 432 1116 471; x_wconf 81' lang='lat' dir='ltr'>direximus,</span> <span class='ocrx_word' id='word_1_47' title='bbox 1146 431 1273 473; x_wconf 85' lang='lat' dir='ltr'>placido</span> <span class='ocrx_word' id='word_1_48' title='bbox 1301 432 1340 463; x_wconf 88' lang='lat' dir='ltr'>de</span> <span class='ocrx_word' id='word_1_49' title='bbox 1365 433 1506 473; x_wconf 84' lang='lat' dir='ltr'>presenti</span> <span class='ocrx_word' id='word_1_50' title='bbox 1532 433 1638 464; x_wconf 89' lang='lat' dir='ltr'>animo</span> <span class='ocrx_word' id='word_1_51' title='bbox 1662 432 1809 464; x_wconf 83' lang='lat' dir='ltr'>tribuatis</span> <span class='ocrx_word' id='word_1_52' title='bbox 1820 433 1840 473; x_wconf 76' lang='lat'>¹,</span> <span class='ocrx_word' id='word_1_53' title='bbox 1871 434 2020 474; x_wconf 87' lang='lat' dir='ltr'>quoniam</span> 
     </span>
     <span class='ocr_line' id='line_1_6' title="bbox 372 482 2021 527; baseline -0.002 -10"><span class='ocrx_word' id='word_1_54' title='bbox 372 497 447 517; x_wconf 79' lang='lat' dir='ltr'>vore</span> <span class='ocrx_word' id='word_1_55' title='bbox 472 486 674 527; x_wconf 82' lang='lat' dir='ltr'>agnoscimus</span> <span class='ocrx_word' id='word_1_56' title='bbox 695 485 778 514; x_wconf 88' lang='lat' dir='ltr'>hunc</span> <span class='ocrx_word' id='word_1_57' title='bbox 794 484 824 513; x_wconf 91' lang='lat' dir='ltr'>in</span> <span class='ocrx_word' id='word_1_58' title='bbox 842 482 988 513; x_wconf 88' lang='lat' dir='ltr'>omnibns</span> <span class='ocrx_word' id='word_1_59' title='bbox 1007 486 1070 513; x_wconf 90' lang='lat' dir='ltr'>tam</span> <span class='ocrx_word' id='word_1_60' title='bbox 1088 482 1252 513; x_wconf 87' lang='lat' dir='ltr'>civilibusb</span> <span class='ocrx_word' id='word_1_61' title='bbox 1270 493 1365 524; x_wconf 88' lang='lat' dir='ltr'>quam</span> <span class='ocrx_word' id='word_1_62' title='bbox 1383 484 1481 514; x_wconf 87' lang='lat' dir='ltr'>etiam</span> <span class='ocrx_word' id='word_1_63' title='bbox 1498 484 1723 514; x_wconf 84' lang='lat' dir='ltr'>ecelesiasticis</span> <span class='ocrx_word' id='word_1_64' title='bbox 1740 484 1842 515; x_wconf 86' lang='lat' dir='ltr'>causis</span> <span class='ocrx_word' id='word_1_65' title='bbox 1858 486 2021 514; x_wconf 85' lang='lat' dir='ltr'>strenuum</span> 
     </span>
     <span class='ocr_line' id='line_1_7' title="bbox 373 533 2021 580; baseline -0.002 -11"><span class='ocrx_word' id='word_1_66' title='bbox 373 543 469 580; x_wconf 86' lang='lat' dir='ltr'>atque</span> <span class='ocrx_word' id='word_1_67' title='bbox 504 537 706 568; x_wconf 83' lang='lat' dir='ltr'>utilissimum</span> <span class='ocrx_word' id='word_1_68' title='bbox 738 535 805 566; x_wconf 87' lang='lat' dir='ltr'>fore</span> <span class='ocrx_word' id='word_1_69' title='bbox 837 534 994 574; x_wconf 86' lang='lat' dir='ltr'>nobisque</span> <span class='ocrx_word' id='word_1_70' title='bbox 1027 544 1089 564; x_wconf 90' lang='lat' dir='ltr'>non</span> <span class='ocrx_word' id='word_1_71' title='bbox 1120 533 1325 564; x_wconf 84' lang='lat' dir='ltr'>mediocriter</span> <span class='ocrx_word' id='word_1_72' title='bbox 1348 533 1577 565; x_wconf 87' lang='lat' dir='ltr'>fidelissimum.</span> <span class='ocrx_word' id='word_1_73' title='bbox 1624 534 1829 576; x_wconf 82' lang='lat' dir='ltr'>Quapropter</span> <span class='ocrx_word' id='word_1_74' title='bbox 1852 534 1893 566; x_wconf 89' lang='lat' dir='ltr'>ad</span> <span class='ocrx_word' id='word_1_75' title='bbox 1916 536 2021 575; x_wconf 70' lang='lat' dir='ltr'>vestre</span> 
     </span>
     <span class='ocr_line' id='line_1_8' title="bbox 372 586 2021 631; baseline -0.001 -11"><span class='ocrx_word' id='word_1_76' title='bbox 372 590 529 631; x_wconf 53' lang='lat' dir='ltr'>presentis</span> <span class='ocrx_word' id='word_1_77' title='bbox 558 592 589 620; x_wconf 84' lang='lat' dir='ltr'>et</span> <span class='ocrx_word' id='word_1_78' title='bbox 617 589 722 628; x_wconf 70' lang='lat' dir='ltr'>future</span> <span class='ocrx_word' id='word_1_79' title='bbox 751 587 851 628; x_wconf 66' lang='lat' dir='ltr'>glorie</span> <span class='ocrx_word' id='word_1_80' title='bbox 882 589 1089 627; x_wconf 72' lang='lat' dir='ltr'>augmentum</span> <span class='ocrx_word' id='word_1_81' title='bbox 1118 587 1179 617; x_wconf 90' lang='lat' dir='ltr'>hoc</span> <span class='ocrx_word' id='word_1_82' title='bbox 1201 597 1258 617; x_wconf 83' lang='lat' dir='ltr'>vos</span> <span class='ocrx_word' id='word_1_83' title='bbox 1280 586 1373 617; x_wconf 90' lang='lat' dir='ltr'>nobis</span> <span class='ocrx_word' id='word_1_84' title='bbox 1398 587 1575 618; x_wconf 83' lang='lat' dir='ltr'>concedere</span> <span class='ocrx_word' id='word_1_85' title='bbox 1599 588 1753 629; x_wconf 88' lang='lat' dir='ltr'>petimus,</span> <span class='ocrx_word' id='word_1_86' title='bbox 1781 588 1863 619; x_wconf 88' lang='lat' dir='ltr'>hanc</span> <span class='ocrx_word' id='word_1_87' title='bbox 1885 589 2021 629; x_wconf 85' lang='lat' dir='ltr'>primam</span> 
     </span>
     <span class='ocr_line' id='line_1_9' title="bbox 372 638 2022 682; baseline -0.001 -10"><span class='ocrx_word' id='word_1_88' title='bbox 372 642 470 672; x_wconf 83' lang='lat' dir='ltr'>nostri</span> <span class='ocrx_word' id='word_1_89' title='bbox 494 640 646 682; x_wconf 86' lang='lat' dir='ltr'>pontificii</span> <span class='ocrx_word' id='word_1_90' title='bbox 671 641 786 670; x_wconf 89' lang='lat' dir='ltr'>iustam</span> <span class='ocrx_word' id='word_1_91' title='bbox 810 639 998 679; x_wconf 82' lang='lat' dir='ltr'>petitionem</span> <span class='ocrx_word' id='word_1_92' title='bbox 1022 641 1146 669; x_wconf 65' lang='lat' dir='ltr'>vestrae</span> <span class='ocrx_word' id='word_1_93' title='bbox 1169 638 1288 679; x_wconf 87' lang='lat' dir='ltr'>regalis</span> <span class='ocrx_word' id='word_1_94' title='bbox 1312 638 1461 669; x_wconf 85' lang='lat' dir='ltr'>alacriter</span> <span class='ocrx_word' id='word_1_95' title='bbox 1483 639 1628 680; x_wconf 85' lang='lat' dir='ltr'>perficiat</span> <span class='ocrx_word' id='word_1_96' title='bbox 1643 639 1842 680; x_wconf 85' lang='lat' dir='ltr'>magnitudo,</span> <span class='ocrx_word' id='word_1_97' title='bbox 1866 642 1902 670; x_wconf 91' lang='lat' dir='ltr'>ut</span> <span class='ocrx_word' id='word_1_98' title='bbox 1917 642 1950 671; x_wconf 91' lang='lat' dir='ltr'>et</span> <span class='ocrx_word' id='word_1_99' title='bbox 1964 650 2022 670; x_wconf 88' lang='lat' dir='ltr'>nos</span> 
     </span>
     <span class='ocr_line' id='line_1_10' title="bbox 372 689 2021 731; baseline -0.002 -7"><span class='ocrx_word' id='word_1_100' title='bbox 372 696 511 724; x_wconf 76' lang='lat' dir='ltr'>vestram</span> <span class='ocrx_word' id='word_1_101' title='bbox 535 691 665 722; x_wconf 77' lang='lat' dir='ltr'>libentid</span> <span class='ocrx_word' id='word_1_102' title='bbox 690 691 848 731; x_wconf 89' lang='lat' dir='ltr'>possimus</span> <span class='ocrx_word' id='word_1_103' title='bbox 872 690 996 720; x_wconf 75' lang='lat' dir='ltr'>anim0⁰</span> <span class='ocrx_word' id='word_1_104' title='bbox 1020 690 1175 730; x_wconf 88' lang='lat' dir='ltr'>perficere</span> <span class='ocrx_word' id='word_1_105' title='bbox 1200 689 1409 729; x_wconf 82' lang='lat' dir='ltr'>voluntatem,</span> <span class='ocrx_word' id='word_1_106' title='bbox 1434 690 1601 721; x_wconf 87' lang='lat' dir='ltr'>karissime</span> <span class='ocrx_word' id='word_1_107' title='bbox 1625 690 1680 731; x_wconf 82' lang='lat' dir='ltr'>fili,</span> <span class='ocrx_word' id='word_1_108' title='bbox 1704 691 1854 731; x_wconf 90' lang='lat' dir='ltr'>quoniam</span> <span class='ocrx_word' id='word_1_109' title='bbox 1878 691 1922 721; x_wconf 85' lang='lat' dir='ltr'>sic</span> <span class='ocrx_word' id='word_1_110' title='bbox 1945 701 2021 731; x_wconf 69' lang='lat' dir='ltr'>vere</span> 
     </span>
     <span class='ocr_line' id='line_1_11' title="bbox 374 735 2022 782; baseline -0.001 -7"><span class='ocrx_word' id='word_1_111' title='bbox 374 743 569 775; x_wconf 76' lang='lat' dir='ltr'>dilectionisf</span> <span class='ocrx_word' id='word_1_112' title='bbox 592 743 803 774; x_wconf 80' lang='lat' dir='ltr'>unanimitate</span> <span class='ocrx_word' id='word_1_113' title='bbox 833 735 951 782; x_wconf 84' lang='lat' dir='ltr'>pioque</span> <span class='ocrx_word' id='word_1_114' title='bbox 979 741 1097 772; x_wconf 83' lang='lat' dir='ltr'>amoris</span> <span class='ocrx_word' id='word_1_115' title='bbox 1126 740 1245 771; x_wconf 85' lang='lat' dir='ltr'>affectu</span> <span class='ocrx_word' id='word_1_116' title='bbox 1272 740 1453 772; x_wconf 88' lang='lat' dir='ltr'>videbimur</span> <span class='ocrx_word' id='word_1_117' title='bbox 1476 751 1605 772; x_wconf 86' lang='lat' dir='ltr'>manere</span> <span class='ocrx_word' id='word_1_118' title='bbox 1635 742 1807 782; x_wconf 87' lang='lat' dir='ltr'>coniuncti,</span> <span class='ocrx_word' id='word_1_119' title='bbox 1837 743 1863 773; x_wconf 89' lang='lat' dir='ltr'>si</span> <span class='ocrx_word' id='word_1_120' title='bbox 1891 752 1949 773; x_wconf 90' lang='lat' dir='ltr'>nos</span> <span class='ocrx_word' id='word_1_121' title='bbox 1973 752 2022 782; x_wconf 85' lang='lat' dir='ltr'>ea,</span> 
     </span>
     <span class='ocr_line' id='line_1_12' title="bbox 374 792 2022 837; baseline -0.002 -10"><span class='ocrx_word' id='word_1_122' title='bbox 374 802 456 837; x_wconf 74' lang='lat' dir='ltr'>queg</span> <span class='ocrx_word' id='word_1_123' title='bbox 473 796 596 836; x_wconf 88' lang='lat' dir='ltr'>cupitis,</span> <span class='ocrx_word' id='word_1_124' title='bbox 621 794 797 835; x_wconf 85' lang='lat' dir='ltr'>apostolica</span> <span class='ocrx_word' id='word_1_125' title='bbox 815 793 984 824; x_wconf 86' lang='lat' dir='ltr'>dumtaxat</span> <span class='ocrx_word' id='word_1_126' title='bbox 1007 792 1236 833; x_wconf 82' lang='lat' dir='ltr'>perfecerimus</span> <span class='ocrx_word' id='word_1_127' title='bbox 1260 793 1450 823; x_wconf 86' lang='lat' dir='ltr'>auctoritate</span> <span class='ocrx_word' id='word_1_128' title='bbox 1477 795 1509 823; x_wconf 88' lang='lat' dir='ltr'>et</span> <span class='ocrx_word' id='word_1_129' title='bbox 1531 803 1587 823; x_wconf 81' lang='lat' dir='ltr'>vos</span> <span class='ocrx_word' id='word_1_130' title='bbox 1609 793 1686 824; x_wconf 88' lang='lat' dir='ltr'>item</span> <span class='ocrx_word' id='word_1_131' title='bbox 1702 796 1808 824; x_wconf 82' lang='lat' dir='ltr'>vestro</span> <span class='ocrx_word' id='word_1_132' title='bbox 1829 794 1931 835; x_wconf 88' lang='lat' dir='ltr'>regali</span> <span class='ocrx_word' id='word_1_133' title='bbox 1954 793 2022 825; x_wconf 90' lang='lat' dir='ltr'>iure</span> 
     </span>
     <span class='ocr_line' id='line_1_13' title="bbox 372 843 2023 886; baseline -0.001 -8"><span class='ocrx_word' id='word_1_134' title='bbox 372 848 472 878; x_wconf 82' lang='lat' dir='ltr'>nostri</span> <span class='ocrx_word' id='word_1_135' title='bbox 497 846 647 878; x_wconf 88' lang='lat' dir='ltr'>desiderii</span> <span class='ocrx_word' id='word_1_136' title='bbox 670 855 783 886; x_wconf 83' lang='lat' dir='ltr'>preces</span> <span class='ocrx_word' id='word_1_137' title='bbox 807 843 918 875; x_wconf 86' lang='lat' dir='ltr'>audire</span> <span class='ocrx_word' id='word_1_138' title='bbox 943 854 1015 874; x_wconf 89' lang='lat' dir='ltr'>cum</span> <span class='ocrx_word' id='word_1_139' title='bbox 1038 844 1236 875; x_wconf 87' lang='lat' dir='ltr'>iocunditate</span> <span class='ocrx_word' id='word_1_140' title='bbox 1259 843 1371 885; x_wconf 90' lang='lat' dir='ltr'>procul</span> <span class='ocrx_word' id='word_1_141' title='bbox 1395 843 1490 875; x_wconf 90' lang='lat' dir='ltr'>dubio</span> <span class='ocrx_word' id='word_1_142' title='bbox 1515 844 1710 875; x_wconf 87' lang='lat' dir='ltr'>studueritis.</span> <span class='ocrx_word' id='word_1_143' title='bbox 1756 844 1868 876; x_wconf 86' lang='lat' dir='ltr'>Talem</span> <span class='ocrx_word' id='word_1_144' title='bbox 1884 856 2023 886; x_wconf 86' lang='lat' dir='ltr'>namque</span> 
     </span>
     <span class='ocr_line' id='line_1_14' title="bbox 374 895 2024 940; baseline -0.001 -10"><span class='ocrx_word' id='word_1_145' title='bbox 374 899 595 940; x_wconf 86' lang='lat' dir='ltr'>progenitores</span> <span class='ocrx_word' id='word_1_146' title='bbox 621 901 751 937; x_wconf 85' lang='lat' dir='ltr'>vestros,</span> <span class='ocrx_word' id='word_1_147' title='bbox 776 896 999 927; x_wconf 78' lang='lat' dir='ltr'>invictissimos</span> <span class='ocrx_word' id='word_1_148' title='bbox 1020 896 1231 936; x_wconf 86' lang='lat' dir='ltr'>imperatores</span> <span class='ocrx_word' id='word_1_149' title='bbox 1247 899 1409 937; x_wconf 86' lang='lat' dir='ltr'>augustos,</span> <span class='ocrx_word' id='word_1_150' title='bbox 1434 896 1517 927; x_wconf 89' lang='lat' dir='ltr'>circa</span> <span class='ocrx_word' id='word_1_151' title='bbox 1535 895 1722 928; x_wconf 86' lang='lat' dir='ltr'>decessores</span> <span class='ocrx_word' id='word_1_152' title='bbox 1738 900 1873 937; x_wconf 87' lang='lat' dir='ltr'>nostros,</span> <span class='ocrx_word' id='word_1_153' title='bbox 1898 900 2024 928; x_wconf 84' lang='lat' dir='ltr'>sanctos</span> 
     </span>
     <span class='ocr_line' id='line_1_15' title="bbox 373 946 2023 990; baseline -0.002 -8"><span class='ocrx_word' id='word_1_154' title='bbox 373 951 525 982; x_wconf 78' lang='lat' dir='ltr'>videlicet</span> <span class='ocrx_word' id='word_1_155' title='bbox 540 950 685 990; x_wconf 69' lang='lat' dir='ltr'>Romane</span> <span class='ocrx_word' id='word_1_156' title='bbox 710 948 795 979; x_wconf 88' lang='lat' dir='ltr'>sedis</span> <span class='ocrx_word' id='word_1_157' title='bbox 819 948 987 988; x_wconf 78' lang='lat' dir='ltr'>antistites,</span> <span class='ocrx_word' id='word_1_158' title='bbox 1011 947 1161 978; x_wconf 82' lang='lat' dir='ltr'>habuisse</span> <span class='ocrx_word' id='word_1_159' title='bbox 1183 946 1388 978; x_wconf 85' lang='lat' dir='ltr'>dilectionem</span> <span class='ocrx_word' id='word_1_160' title='bbox 1412 947 1594 988; x_wconf 82' lang='lat' dir='ltr'>recolimus,</span> <span class='ocrx_word' id='word_1_161' title='bbox 1618 950 1662 988; x_wconf 79' lang='lat' dir='ltr'>ut,</span> <span class='ocrx_word' id='word_1_162' title='bbox 1688 948 1839 989; x_wconf 89' lang='lat' dir='ltr'>quicquid</span> <span class='ocrx_word' id='word_1_163' title='bbox 1862 948 1902 979; x_wconf 90' lang='lat' dir='ltr'>ab</span> <span class='ocrx_word' id='word_1_164' title='bbox 1927 948 2023 979; x_wconf 85' lang='lat' dir='ltr'>alter-</span> 
     </span>
     <span class='ocr_line' id='line_1_16' title="bbox 374 998 2023 1043; baseline -0.002 -9"><span class='ocrx_word' id='word_1_165' title='bbox 374 1006 446 1034; x_wconf 89' lang='lat' dir='ltr'>utra</span> <span class='ocrx_word' id='word_1_166' title='bbox 468 1005 559 1043; x_wconf 86' lang='lat' dir='ltr'>parte</span> <span class='ocrx_word' id='word_1_167' title='bbox 583 1001 764 1042; x_wconf 79' lang='lat' dir='ltr'>petebatur,</span> <span class='ocrx_word' id='word_1_168' title='bbox 789 1000 875 1030; x_wconf 88' lang='lat' dir='ltr'>omni</span> <span class='ocrx_word' id='word_1_169' title='bbox 897 999 1076 1040; x_wconf 86' lang='lat' dir='ltr'>postposita</span> <span class='ocrx_word' id='word_1_170' title='bbox 1100 999 1267 1029; x_wconf 87' lang='lat' dir='ltr'>occasione</span> <span class='ocrx_word' id='word_1_171' title='bbox 1290 1009 1365 1029; x_wconf 80' lang='lat' dir='ltr'>mox</span> <span class='ocrx_word' id='word_1_172' title='bbox 1391 998 1565 1030; x_wconf 84' lang='lat' dir='ltr'>efficaciter</span> <span class='ocrx_word' id='word_1_173' title='bbox 1588 999 1830 1040; x_wconf 71' lang='lat' dir='ltr'>amplectaturh.</span> <span class='ocrx_word' id='word_1_174' title='bbox 1873 999 1924 1031; x_wconf 89' lang='lat' dir='ltr'>Ita</span> <span class='ocrx_word' id='word_1_175' title='bbox 1947 1010 2023 1031; x_wconf 84' lang='lat' dir='ltr'>vero</span> 
     </span>
     <span class='ocr_line' id='line_1_17' title="bbox 376 1049 2025 1094; baseline -0.002 -8"><span class='ocrx_word' id='word_1_176' title='bbox 376 1058 408 1086; x_wconf 91' lang='lat' dir='ltr'>et</span> <span class='ocrx_word' id='word_1_177' title='bbox 432 1058 539 1085; x_wconf 85' lang='lat' dir='ltr'>nostra</span> <span class='ocrx_word' id='word_1_178' title='bbox 563 1064 644 1084; x_wconf 90' lang='lat' dir='ltr'>nunc</span> <span class='ocrx_word' id='word_1_179' title='bbox 667 1052 858 1094; x_wconf 85' lang='lat' dir='ltr'>pontificalis</span> <span class='ocrx_word' id='word_1_180' title='bbox 882 1062 901 1082; x_wconf 84' lang='lat' dir='ltr'>a</span> <span class='ocrx_word' id='word_1_181' title='bbox 924 1051 995 1082; x_wconf 91' lang='lat' dir='ltr'>Deo</span> <span class='ocrx_word' id='word_1_182' title='bbox 1020 1049 1220 1081; x_wconf 73' lang='lat' dir='ltr'>conservatai</span> <span class='ocrx_word' id='word_1_183' title='bbox 1237 1050 1389 1081; x_wconf 87' lang='lat' dir='ltr'>maiestas</span> <span class='ocrx_word' id='word_1_184' title='bbox 1406 1052 1438 1081; x_wconf 89' lang='lat' dir='ltr'>et</span> <span class='ocrx_word' id='word_1_185' title='bbox 1454 1054 1560 1082; x_wconf 85' lang='lat' dir='ltr'>vestra</span> <span class='ocrx_word' id='word_1_186' title='bbox 1581 1051 1671 1092; x_wconf 84' lang='lat' dir='ltr'>regia</span> <span class='ocrx_word' id='word_1_187' title='bbox 1692 1051 1879 1092; x_wconf 82' lang='lat' dir='ltr'>magnitudo</span> <span class='ocrx_word' id='word_1_188' title='bbox 1897 1051 2025 1083; x_wconf 86' lang='lat' dir='ltr'>sibimet</span> 
     </span>
     <span class='ocr_line' id='line_1_18' title="bbox 377 1103 949 1146; baseline -0.007 -9"><span class='ocrx_word' id='word_1_189' title='bbox 377 1106 498 1137; x_wconf 85' lang='lat' dir='ltr'>debent</span> <span class='ocrx_word' id='word_1_190' title='bbox 520 1105 645 1146; x_wconf 64' lang='lat' dir='ltr'>placide</span> <span class='ocrx_word' id='word_1_191' title='bbox 670 1105 778 1135; x_wconf 87' lang='lat' dir='ltr'>favere</span> <span class='ocrx_word' id='word_1_192' title='bbox 802 1103 949 1134; x_wconf 84' lang='lat' dir='ltr'>vicissim.</span> 
     </span>
     <span class='ocr_line' id='line_1_19' title="bbox 480 1170 773 1195; baseline -0.007 0"><span class='ocrx_word' id='word_1_193' title='bbox 480 1172 574 1195; x_wconf 77' lang='lat' dir='ltr'><strong>DATA</strong></span> <span class='ocrx_word' id='word_1_194' title='bbox 593 1171 639 1194; x_wconf 86' lang='lat' dir='ltr'>UT</span> <span class='ocrx_word' id='word_1_195' title='bbox 658 1170 773 1194; x_wconf 64' lang='lat' dir='ltr'>surim.</span> 
     </span>
    </p>
   </div>
   <div class='ocr_carea' id='block_1_3' title="bbox 377 1305 2026 1570">
    <p class='ocr_par' dir='ltr' id='par_1_3' title="bbox 1167 1305 1236 1335">
     <span class='ocr_line' id='line_1_20' title="bbox 1167 1305 1236 1335; baseline 0.014 -1"><span class='ocrx_word' id='word_1_196' title='bbox 1167 1305 1236 1335; x_wconf 78' lang='lat'>180.</span> 
     </span>
    </p>

    <p class='ocr_par' dir='ltr' id='par_1_4' title="bbox 377 1362 2026 1508">
     <span class='ocr_line' id='line_1_21' title="bbox 486 1362 2026 1403; baseline -0.002 -6"><span class='ocrx_word' id='word_1_197' title='bbox 486 1366 644 1397; x_wconf 72' lang='lat' dir='ltr'>Iohannes</span> <span class='ocrx_word' id='word_1_198' title='bbox 667 1365 760 1396; x_wconf 91' lang='lat' dir='ltr'><strong><em>VIII.</em></strong></span> <span class='ocrx_word' id='word_1_199' title='bbox 779 1374 869 1403; x_wconf 70' lang='lat' dir='ltr'>papa</span> <span class='ocrx_word' id='word_1_200' title='bbox 884 1363 1041 1395; x_wconf 77' lang='lat' dir='ltr'>Karolum</span> <span class='ocrx_word' id='word_1_201' title='bbox 1066 1364 1165 1403; x_wconf 87' lang='lat' dir='ltr'><strong><em>(III.)</em></strong></span> <span class='ocrx_word' id='word_1_202' title='bbox 1188 1374 1286 1403; x_wconf 75' lang='lat' dir='ltr'>reyem</span> <span class='ocrx_word' id='word_1_203' title='bbox 1310 1363 1422 1394; x_wconf 76' lang='lat' dir='ltr'>iterum</span> <span class='ocrx_word' id='word_1_204' title='bbox 1446 1363 1598 1400; x_wconf 69' lang='lat' dir='ltr'>admonet,</span> <span class='ocrx_word' id='word_1_205' title='bbox 1622 1366 1658 1394; x_wconf 74' lang='lat' dir='ltr'>ut</span> <span class='ocrx_word' id='word_1_206' title='bbox 1680 1363 1724 1394; x_wconf 81' lang='lat' dir='ltr'>ad</span> <span class='ocrx_word' id='word_1_207' title='bbox 1745 1362 1888 1395; x_wconf 77' lang='lat' dir='ltr'>ecclesiae</span> <span class='ocrx_word' id='word_1_208' title='bbox 1911 1366 2026 1394; x_wconf 76' lang='lat' dir='ltr'>terrae-</span> 
     </span>
     <span class='ocr_line' id='line_1_22' title="bbox 377 1414 2026 1458; baseline -0.002 -9"><span class='ocrx_word' id='word_1_209' title='bbox 377 1428 435 1458; x_wconf 75' lang='lat' dir='ltr'>que</span> <span class='ocrx_word' id='word_1_210' title='bbox 464 1428 540 1448; x_wconf 72' lang='lat' dir='ltr'>setae</span> <span class='ocrx_word' id='word_1_211' title='bbox 568 1417 775 1455; x_wconf 75' lang='lat' dir='ltr'>defensionem</span> <span class='ocrx_word' id='word_1_212' title='bbox 799 1415 924 1446; x_wconf 74' lang='lat' dir='ltr'>tandem</span> <span class='ocrx_word' id='word_1_213' title='bbox 954 1416 1058 1446; x_wconf 72' lang='lat' dir='ltr'>veniat</span> <span class='ocrx_word' id='word_1_214' title='bbox 1080 1425 1153 1446; x_wconf 77' lang='lat' dir='ltr'>neve</span> <span class='ocrx_word' id='word_1_215' title='bbox 1177 1414 1263 1455; x_wconf 81' lang='lat' dir='ltr'>forte</span> <span class='ocrx_word' id='word_1_216' title='bbox 1284 1414 1516 1446; x_wconf 71' lang='lat' dir='ltr'>Karolommmi</span> <span class='ocrx_word' id='word_1_217' title='bbox 1544 1415 1637 1454; x_wconf 73' lang='lat' dir='ltr'>reyz&#39;s,</span> <span class='ocrx_word' id='word_1_218' title='bbox 1671 1415 1722 1446; x_wconf 76' lang='lat' dir='ltr'>cui</span> <span class='ocrx_word' id='word_1_219' title='bbox 1750 1414 1787 1445; x_wconf 80' lang='lat' dir='ltr'>de</span> <span class='ocrx_word' id='word_1_220' title='bbox 1812 1414 1872 1445; x_wconf 79' lang='lat' dir='ltr'>hac</span> <span class='ocrx_word' id='word_1_221' title='bbox 1900 1425 1934 1446; x_wconf 76' lang='lat' dir='ltr'>re</span> <span class='ocrx_word' id='word_1_222' title='bbox 1960 1415 2026 1455; x_wconf 78' lang='lat' dir='ltr'>ipse</span> 
     </span>
     <span class='ocr_line' id='line_1_23' title="bbox 379 1466 1939 1508; baseline -0.003 -7"><span class='ocrx_word' id='word_1_223' title='bbox 379 1470 494 1501; x_wconf 71' lang='lat' dir='ltr'>direxit</span> <span class='ocrx_word' id='word_1_224' title='bbox 517 1468 676 1508; x_wconf 72' lang='lat' dir='ltr'>epistolam</span> <span class='ocrx_word' id='word_1_225' title='bbox 700 1468 745 1507; x_wconf 70' lang='lat' dir='ltr'>(oz.</span> <span class='ocrx_word' id='word_1_226' title='bbox 764 1467 849 1507; x_wconf 82' lang='lat'><em>193),</em></span> <span class='ocrx_word' id='word_1_227' title='bbox 872 1466 978 1506; x_wconf 77' lang='lat' dir='ltr'>aliquo</span> <span class='ocrx_word' id='word_1_228' title='bbox 1001 1467 1218 1506; x_wconf 66' lang='lat' dir='ltr'>impedimento</span> <span class='ocrx_word' id='word_1_229' title='bbox 1236 1466 1474 1505; x_wconf 68' lang='lat' dir='ltr'>praepediatur.</span> <span class='ocrx_word' id='word_1_230' title='bbox 1685 1467 1748 1497; x_wconf 81' lang='lat'>879</span> <span class='ocrx_word' id='word_1_231' title='bbox 1773 1466 1861 1506; x_wconf 76' lang='lat' dir='ltr'>(Iun.</span> <span class='ocrx_word' id='word_1_232' title='bbox 1881 1466 1939 1507; x_wconf 79' lang='lat' dir='ltr'>in.)</span> 
     </span>
    </p>

    <p class='ocr_par' dir='ltr' id='par_1_5' title="bbox 491 1536 816 1570">
     <span class='ocr_line' id='line_1_24' title="bbox 491 1536 816 1570; baseline -0.006 -7"><span class='ocrx_word' id='word_1_233' title='bbox 491 1536 565 1563; x_wconf 77' lang='lat' dir='ltr'>Cod.:</span> <span class='ocrx_word' id='word_1_234' title='bbox 594 1537 621 1562; x_wconf 84' lang='lat' dir='ltr'><em>R</em></span> <span class='ocrx_word' id='word_1_235' title='bbox 639 1538 659 1570; x_wconf 71' lang='lat' dir='ltr'>f.</span> <span class='ocrx_word' id='word_1_236' title='bbox 677 1539 706 1561; x_wconf 82' lang='lat'>70</span> <span class='ocrx_word' id='word_1_237' title='bbox 723 1544 750 1562; x_wconf 70' lang='lat' dir='ltr'>n.</span> <span class='ocrx_word' id='word_1_238' title='bbox 765 1539 816 1562; x_wconf 83' lang='grc'><em>181.</em></span> 
     </span>
    </p>
   </div>
   <div class='ocr_carea' id='block_1_4' title="bbox 382 1584 2026 1663">
    <p class='ocr_par' dir='ltr' id='par_1_6' title="bbox 382 1584 2026 1663">
     <span class='ocr_line' id='line_1_25' title="bbox 482 1584 2026 1620; baseline -0.002 -7"><span class='ocrx_word' id='word_1_239' title='bbox 482 1587 568 1614; x_wconf 76' lang='lat' dir='ltr'>Edd.:</span> <span class='ocrx_word' id='word_1_240' title='bbox 596 1587 692 1613; x_wconf 73' lang='lat' dir='ltr'>Editio</span> <span class='ocrx_word' id='word_1_241' title='bbox 706 1587 831 1613; x_wconf 75' lang='lat' dir='ltr'>Romana</span> <span class='ocrx_word' id='word_1_242' title='bbox 844 1587 930 1620; x_wconf 81' lang='lat'><em>(1591)</em></span> <span class='ocrx_word' id='word_1_243' title='bbox 945 1586 1003 1618; x_wconf 76' lang='lat' dir='ltr'>III,</span> <span class='ocrx_word' id='word_1_244' title='bbox 1019 1589 1066 1612; x_wconf 70' lang='lat'>413</span> <span class='ocrx_word' id='word_1_245' title='bbox 1083 1589 1176 1611; x_wconf 73' lang='lat' dir='ltr'>n.172.</span> <span class='ocrx_word' id='word_1_246' title='bbox 1209 1585 1306 1611; x_wconf 63' lang='lat' dir='ltr'>DIaozsi</span> <span class='ocrx_word' id='word_1_247' title='bbox 1327 1585 1406 1611; x_wconf 79' lang='lat' dir='ltr'>Cone.</span> <span class='ocrx_word' id='word_1_248' title='bbox 1418 1585 1474 1611; x_wconf 79' lang='lat' dir='ltr'>coll.</span> <span class='ocrx_word' id='word_1_249' title='bbox 1491 1585 1588 1617; x_wconf 69' lang='lat' dir='ltr'><strong><em>XVII,</em></strong></span> <span class='ocrx_word' id='word_1_250' title='bbox 1602 1589 1648 1610; x_wconf 83' lang='lat'>117</span> <span class='ocrx_word' id='word_1_251' title='bbox 1658 1593 1685 1611; x_wconf 77' lang='lat' dir='ltr'>n.</span> <span class='ocrx_word' id='word_1_252' title='bbox 1696 1588 1752 1610; x_wconf 78' lang='lat'>172.</span> <span class='ocrx_word' id='word_1_253' title='bbox 1782 1584 1879 1619; x_wconf 66' lang='lat' dir='ltr'>Imque</span> <span class='ocrx_word' id='word_1_254' title='bbox 1893 1584 1971 1611; x_wconf 76' lang='lat' dir='ltr'>Patr.</span> <span class='ocrx_word' id='word_1_255' title='bbox 1982 1584 2026 1610; x_wconf 75' lang='lat' dir='ltr'>lat.</span> 
     </span>
     <span class='ocr_line' id='line_1_26' title="bbox 382 1629 1129 1663; baseline -0.005 -5"><span class='ocrx_word' id='word_1_256' title='bbox 382 1631 517 1663; x_wconf 72' lang='lat' dir='ltr'>CXXVI,</span> <span class='ocrx_word' id='word_1_257' title='bbox 538 1634 588 1657; x_wconf 87' lang='lat'>831</span> <span class='ocrx_word' id='word_1_258' title='bbox 608 1639 633 1656; x_wconf 65' lang='grc' dir='ltr'>η.</span> <span class='ocrx_word' id='word_1_259' title='bbox 647 1634 699 1656; x_wconf 76' lang='grc'><em>215.</em></span> <span class='ocrx_word' id='word_1_260' title='bbox 719 1645 751 1648; x_wconf 92' lang='grc'>-</span> <span class='ocrx_word' id='word_1_261' title='bbox 770 1629 842 1661; x_wconf 77' lang='lat' dir='ltr'>Jaffe&#39;</span> <span class='ocrx_word' id='word_1_262' title='bbox 861 1630 927 1663; x_wconf 72' lang='lat' dir='ltr'>Rey.</span> <span class='ocrx_word' id='word_1_263' title='bbox 942 1632 1009 1656; x_wconf 71' lang='lat'>3244</span> <span class='ocrx_word' id='word_1_264' title='bbox 1028 1629 1129 1662; x_wconf 74' lang='lat'>(2464).</span> 
     </span>
    </p>
   </div>
   <div class='ocr_carea' id='block_1_5' title="bbox 709 1714 1700 1741">
    <p class='ocr_par' dir='ltr' id='par_1_7' title="bbox 709 1714 1700 1741">
     <span class='ocr_line' id='line_1_27' title="bbox 709 1714 1700 1741; baseline -0.002 -1"><span class='ocrx_word' id='word_1_265' title='bbox 709 1717 857 1741; x_wconf 86' lang='lat' dir='ltr'>DILECTO</span> <span class='ocrx_word' id='word_1_266' title='bbox 876 1716 919 1741; x_wconf 91' lang='lat' dir='ltr'>AC</span> <span class='ocrx_word' id='word_1_267' title='bbox 944 1717 1130 1740; x_wconf 68' lang='lat' dir='ltr'>SPIRITALla</span> <span class='ocrx_word' id='word_1_268' title='bbox 1148 1715 1240 1740; x_wconf 87' lang='lat' dir='ltr'><strong><em>FILIO</em></strong></span> <span class='ocrx_word' id='word_1_269' title='bbox 1262 1715 1396 1740; x_wconf 79' lang='lat' dir='ltr'><strong>CAROLO</strong></span> <span class='ocrx_word' id='word_1_270' title='bbox 1420 1714 1588 1739; x_wconf 83' lang='lat' dir='ltr'>GLORIOSO</span> <span class='ocrx_word' id='word_1_271' title='bbox 1611 1715 1700 1739; x_wconf 84' lang='lat' dir='ltr'>REGI.</span> 
     </span>
    </p>
   </div>
   <div class='ocr_carea' id='block_1_6' title="bbox 380 1770 2028 2378">
    <p class='ocr_par' dir='ltr' id='par_1_8' title="bbox 380 1770 2028 2378">
     <span class='ocr_line' id='line_1_28' title="bbox 487 1770 2026 1812; baseline -0.002 -9"><span class='ocrx_word' id='word_1_272' title='bbox 487 1773 650 1812; x_wconf 76' lang='lat' dir='ltr'>Miramur,</span> <span class='ocrx_word' id='word_1_273' title='bbox 680 1772 754 1812; x_wconf 88' lang='lat' dir='ltr'>quia</span> <span class='ocrx_word' id='word_1_274' title='bbox 782 1781 839 1801; x_wconf 85' lang='lat' dir='ltr'>vos</span> <span class='ocrx_word' id='word_1_275' title='bbox 871 1771 977 1812; x_wconf 85' lang='lat' dir='ltr'>sepius</span> <span class='ocrx_word' id='word_1_276' title='bbox 1006 1770 1243 1810; x_wconf 76' lang='lat' dir='ltr'>exh01·tantes2‚</span> <span class='ocrx_word' id='word_1_277' title='bbox 1273 1773 1308 1800; x_wconf 87' lang='lat' dir='ltr'>ut</span> <span class='ocrx_word' id='word_1_278' title='bbox 1337 1770 1378 1801; x_wconf 82' lang='lat' dir='ltr'>ad</span> <span class='ocrx_word' id='word_1_279' title='bbox 1409 1770 1638 1800; x_wconf 81' lang='lat' dir='ltr'>exaltationem</span> <span class='ocrx_word' id='word_1_280' title='bbox 1669 1772 1777 1810; x_wconf 75' lang='lat' dir='ltr'>sancte</span> <span class='ocrx_word' id='word_1_281' title='bbox 1801 1770 1863 1801; x_wconf 87' lang='lat' dir='ltr'>Dei</span> <span class='ocrx_word' id='word_1_282' title='bbox 1892 1770 2026 1810; x_wconf 69' lang='lat' dir='ltr'>ecclesie</span> 
     </span>
     <span class='ocr_line' id='line_1_29' title="bbox 380 1821 2027 1865; baseline -0.002 -10"><span class='ocrx_word' id='word_1_283' title='bbox 380 1828 583 1865; x_wconf 83' lang='lat' dir='ltr'>vestrumque</span> <span class='ocrx_word' id='word_1_284' title='bbox 599 1824 753 1854; x_wconf 84' lang='lat' dir='ltr'>honorem</span> <span class='ocrx_word' id='word_1_285' title='bbox 779 1826 811 1853; x_wconf 88' lang='lat' dir='ltr'>et</span> <span class='ocrx_word' id='word_1_286' title='bbox 836 1823 931 1853; x_wconf 89' lang='lat' dir='ltr'>totius</span> <span class='ocrx_word' id='word_1_287' title='bbox 952 1825 1036 1862; x_wconf 68' lang='lat' dir='ltr'>terre</span> <span class='ocrx_word' id='word_1_288' title='bbox 1059 1824 1166 1862; x_wconf 72' lang='lat' dir='ltr'>nostre</span> <span class='ocrx_word' id='word_1_289' title='bbox 1189 1821 1410 1852; x_wconf 83' lang='lat' dir='ltr'>defensionem</span> <span class='ocrx_word' id='word_1_290' title='bbox 1427 1821 1581 1861; x_wconf 75' lang='lat' dir='ltr'>veniresb,</span> <span class='ocrx_word' id='word_1_291' title='bbox 1606 1821 1789 1852; x_wconf 84' lang='lat' dir='ltr'>vocavimus</span> <span class='ocrx_word' id='word_1_292' title='bbox 1807 1825 1839 1852; x_wconf 91' lang='lat' dir='ltr'>et</span> <span class='ocrx_word' id='word_1_293' title='bbox 1854 1821 2027 1852; x_wconf 86' lang='lat' dir='ltr'>hactenusc</span> 
     </span>
     <span class='ocr_line' id='line_1_30' title="bbox 381 1872 2027 1915; baseline -0.003 -8"><span class='ocrx_word' id='word_1_294' title='bbox 381 1876 555 1907; x_wconf 85' lang='lat' dir='ltr'>distulistis.</span> <span class='ocrx_word' id='word_1_295' title='bbox 595 1875 735 1906; x_wconf 86' lang='lat' dir='ltr'>Credere</span> <span class='ocrx_word' id='word_1_296' title='bbox 759 1884 897 1915; x_wconf 88' lang='lat' dir='ltr'>namque</span> <span class='ocrx_word' id='word_1_297' title='bbox 920 1874 1012 1904; x_wconf 90' lang='lat' dir='ltr'>nobis</span> <span class='ocrx_word' id='word_1_298' title='bbox 1035 1874 1179 1914; x_wconf 89' lang='lat' dir='ltr'>potestis,</span> <span class='ocrx_word' id='word_1_299' title='bbox 1205 1873 1290 1914; x_wconf 88' lang='lat' dir='ltr'>quod</span> <span class='ocrx_word' id='word_1_300' title='bbox 1313 1873 1411 1904; x_wconf 88' lang='lat' dir='ltr'>nimia</span> <span class='ocrx_word' id='word_1_301' title='bbox 1433 1873 1575 1914; x_wconf 87' lang='lat' dir='ltr'>undique</span> <span class='ocrx_word' id='word_1_302' title='bbox 1599 1872 1684 1903; x_wconf 83' lang='lat' dir='ltr'>tamd</span> <span class='ocrx_word' id='word_1_303' title='bbox 1708 1883 1906 1913; x_wconf 85' lang='lat' dir='ltr'>paganorum</span> <span class='ocrx_word' id='word_1_304' title='bbox 1931 1883 2027 1914; x_wconf 87' lang='lat' dir='ltr'>quam</span> 
     </span>
     <span class='ocr_line' id='line_1_31' title="bbox 380 1924 2026 1966; baseline -0.003 -7"><span class='ocrx_word' id='word_1_305' title='bbox 380 1929 537 1960; x_wconf 84' lang='lat' dir='ltr'>malorum</span> <span class='ocrx_word' id='word_1_306' title='bbox 561 1927 813 1958; x_wconf 83' lang='lat' dir='ltr'>Christianorum</span> <span class='ocrx_word' id='word_1_307' title='bbox 846 1926 1068 1966; x_wconf 89' lang='lat' dir='ltr'>persecutione</span> <span class='ocrx_word' id='word_1_308' title='bbox 1099 1926 1236 1966; x_wconf 79' lang='lat' dir='ltr'>gravati,</span> <span class='ocrx_word' id='word_1_309' title='bbox 1267 1925 1407 1966; x_wconf 87' lang='lat' dir='ltr'>undique</span> <span class='ocrx_word' id='word_1_310' title='bbox 1432 1925 1575 1955; x_wconf 83' lang='lat' dir='ltr'>concussi</span> <span class='ocrx_word' id='word_1_311' title='bbox 1600 1924 1690 1965; x_wconf 86' lang='lat' dir='ltr'>talia,</span> <span class='ocrx_word' id='word_1_312' title='bbox 1716 1934 1776 1966; x_wconf 73' lang='lat' dir='ltr'>que</span> <span class='ocrx_word' id='word_1_313' title='bbox 1800 1925 1864 1954; x_wconf 90' lang='lat' dir='ltr'>iam</span> <span class='ocrx_word' id='word_1_314' title='bbox 1889 1935 1907 1955; x_wconf 87' lang='lat' dir='ltr'>a</span> <span class='ocrx_word' id='word_1_315' title='bbox 1930 1925 2026 1965; x_wconf 85' lang='lat' dir='ltr'>longo</span> 
     </span>
     <span class='ocr_line' id='line_1_32' title="bbox 380 1976 2028 2020; baseline -0.003 -9"><span class='ocrx_word' id='word_1_316' title='bbox 380 1984 524 2020; x_wconf 86' lang='lat' dir='ltr'>tempore</span> <span class='ocrx_word' id='word_1_317' title='bbox 541 1979 689 2020; x_wconf 83' lang='lat' dir='ltr'>patimur,</span> <span class='ocrx_word' id='word_1_318' title='bbox 714 1977 847 2007; x_wconf 87' lang='lat' dir='ltr'>sufferre</span> <span class='ocrx_word' id='word_1_319' title='bbox 864 1978 1040 2018; x_wconf 83' lang='lat' dir='ltr'>nequimus.</span> <span class='ocrx_word' id='word_1_320' title='bbox 1071 1976 1113 2007; x_wconf 87' lang='lat' dir='ltr'>Et</span> <span class='ocrx_word' id='word_1_321' title='bbox 1130 1976 1202 2007; x_wconf 86' lang='lat' dir='ltr'>ideo</span> <span class='ocrx_word' id='word_1_322' title='bbox 1219 1977 1333 2007; x_wconf 88' lang='lat' dir='ltr'>iterum</span> <span class='ocrx_word' id='word_1_323' title='bbox 1351 1986 1581 2015; x_wconf 79' lang='lat' dir='ltr'>ammonemus,</span> <span class='ocrx_word' id='word_1_324' title='bbox 1606 1978 1641 2006; x_wconf 90' lang='lat' dir='ltr'>ut</span> <span class='ocrx_word' id='word_1_325' title='bbox 1660 1979 1727 2006; x_wconf 85' lang='lat' dir='ltr'>toto</span> <span class='ocrx_word' id='word_1_326' title='bbox 1745 1978 1923 2015; x_wconf 85' lang='lat' dir='ltr'>conamine,</span> <span class='ocrx_word' id='word_1_327' title='bbox 1947 1976 2028 2006; x_wconf 86' lang='lat' dir='ltr'>sicut</span> 
     </span>
     <span class='ocr_line' id='line_1_33' title="bbox 381 2027 2027 2069; baseline -0.003 -7"><span class='ocrx_word' id='word_1_328' title='bbox 381 2031 471 2062; x_wconf 85' lang='lat' dir='ltr'>vobis</span> <span class='ocrx_word' id='word_1_329' title='bbox 503 2030 737 2069; x_wconf 75' lang='lat' dir='ltr'>mandavimus,</span> <span class='ocrx_word' id='word_1_330' title='bbox 769 2029 879 2069; x_wconf 90' lang='lat' dir='ltr'>procul</span> <span class='ocrx_word' id='word_1_331' title='bbox 909 2028 1006 2059; x_wconf 91' lang='lat' dir='ltr'>dubio</span> <span class='ocrx_word' id='word_1_332' title='bbox 1037 2028 1230 2058; x_wconf 86' lang='lat' dir='ltr'>adtendatis.</span> <span class='ocrx_word' id='word_1_333' title='bbox 1275 2028 1358 2058; x_wconf 90' lang='lat' dir='ltr'>Nam</span> <span class='ocrx_word' id='word_1_334' title='bbox 1389 2038 1446 2068; x_wconf 89' lang='lat' dir='ltr'>pro</span> <span class='ocrx_word' id='word_1_335' title='bbox 1479 2031 1565 2059; x_wconf 87' lang='lat' dir='ltr'>certo</span> <span class='ocrx_word' id='word_1_336' title='bbox 1597 2028 1676 2058; x_wconf 84' lang='lat' dir='ltr'>scire</span> <span class='ocrx_word' id='word_1_337' title='bbox 1706 2027 1845 2067; x_wconf 84' lang='lat' dir='ltr'>debetis,</span> <span class='ocrx_word' id='word_1_338' title='bbox 1877 2027 2027 2067; x_wconf 82' lang='lat' dir='ltr'>quoniam</span> 
     </span>
     <span class='ocr_line' id='line_1_34' title="bbox 380 2079 2027 2124; baseline -0.003 -11"><span class='ocrx_word' id='word_1_339' title='bbox 380 2094 437 2124; x_wconf 87' lang='lat' dir='ltr'>pro</span> <span class='ocrx_word' id='word_1_340' title='bbox 462 2083 595 2113; x_wconf 61' lang='lat' dir='ltr'>nulliuse</span> <span class='ocrx_word' id='word_1_341' title='bbox 616 2081 752 2111; x_wconf 88' lang='lat' dir='ltr'>hominis</span> <span class='ocrx_word' id='word_1_342' title='bbox 775 2080 862 2111; x_wconf 88' lang='lat' dir='ltr'>lucro</span> <span class='ocrx_word' id='word_1_343' title='bbox 887 2079 937 2110; x_wconf 91' lang='lat' dir='ltr'>vel</span> <span class='ocrx_word' id='word_1_344' title='bbox 960 2079 1178 2110; x_wconf 84' lang='lat' dir='ltr'>blandimento</span> <span class='ocrx_word' id='word_1_345' title='bbox 1203 2080 1268 2110; x_wconf 85' lang='lat' dir='ltr'>sive</span> <span class='ocrx_word' id='word_1_346' title='bbox 1291 2079 1428 2110; x_wconf 75' lang='lat' dir='ltr'>terrores</span> <span class='ocrx_word' id='word_1_347' title='bbox 1451 2090 1469 2110; x_wconf 85' lang='lat' dir='ltr'>a</span> <span class='ocrx_word' id='word_1_348' title='bbox 1486 2082 1592 2110; x_wconf 89' lang='lat' dir='ltr'>vestro</span> <span class='ocrx_word' id='word_1_349' title='bbox 1614 2089 1671 2109; x_wconf 88' lang='lat' dir='ltr'>nos</span> <span class='ocrx_word' id='word_1_350' title='bbox 1694 2079 1852 2109; x_wconf 90' lang='lat' dir='ltr'>consortio</span> <span class='ocrx_word' id='word_1_351' title='bbox 1875 2081 1907 2109; x_wconf 86' lang='lat' dir='ltr'>et</span> <span class='ocrx_word' id='word_1_352' title='bbox 1923 2081 2027 2118; x_wconf 69' lang='lat' dir='ltr'>vestre</span> 
     </span>
     <span class='ocr_line' id='line_1_35' title="bbox 381 2130 2028 2174; baseline -0.003 -9"><span class='ocrx_word' id='word_1_353' title='bbox 381 2134 520 2174; x_wconf 64' lang='lat' dir='ltr'>amicitie</span> <span class='ocrx_word' id='word_1_354' title='bbox 551 2133 660 2164; x_wconf 89' lang='lat' dir='ltr'>federe</span> <span class='ocrx_word' id='word_1_355' title='bbox 690 2131 940 2173; x_wconf 73' lang='lat' dir='ltr'>separabimusss.</span> <span class='ocrx_word' id='word_1_356' title='bbox 986 2131 1109 2162; x_wconf 85' lang='lat' dir='ltr'>Idcirco</span> <span class='ocrx_word' id='word_1_357' title='bbox 1141 2134 1263 2161; x_wconf 85' lang='lat' dir='ltr'>tantum</span> <span class='ocrx_word' id='word_1_358' title='bbox 1292 2131 1426 2161; x_wconf 82' lang='lat' dir='ltr'>viriliter</span> <span class='ocrx_word' id='word_1_359' title='bbox 1454 2141 1550 2171; x_wconf 83' lang='lat' dir='ltr'>agere</span> <span class='ocrx_word' id='word_1_360' title='bbox 1583 2140 1635 2169; x_wconf 87' lang='lat' dir='ltr'>ea,</span> <span class='ocrx_word' id='word_1_361' title='bbox 1665 2141 1726 2171; x_wconf 70' lang='lat' dir='ltr'>que</span> <span class='ocrx_word' id='word_1_362' title='bbox 1755 2130 1845 2160; x_wconf 89' lang='lat' dir='ltr'>nobis</span> <span class='ocrx_word' id='word_1_363' title='bbox 1873 2140 1910 2160; x_wconf 88' lang='lat' dir='ltr'>ac</span> <span class='ocrx_word' id='word_1_364' title='bbox 1940 2130 2028 2161; x_wconf 91' lang='lat' dir='ltr'>vobis</span> 
     </span>
     <span class='ocr_line' id='line_1_36' title="bbox 381 2181 2028 2226; baseline -0.002 -11"><span class='ocrx_word' id='word_1_365' title='bbox 381 2185 524 2226; x_wconf 87' lang='lat' dir='ltr'>proficua</span> <span class='ocrx_word' id='word_1_366' title='bbox 540 2187 621 2220; x_wconf 78' lang='lat' dir='ltr'>sunt.</span> <span class='ocrx_word' id='word_1_367' title='bbox 638 2183 819 2214; x_wconf 87' lang='lat' dir='ltr'>nullatenus</span> <span class='ocrx_word' id='word_1_368' title='bbox 837 2183 998 2213; x_wconf 87' lang='lat' dir='ltr'>dubitetis.</span> <span class='ocrx_word' id='word_1_369' title='bbox 1039 2182 1103 2213; x_wconf 84' lang='lat' dir='ltr'>Sed</span> <span class='ocrx_word' id='word_1_370' title='bbox 1120 2182 1325 2223; x_wconf 86' lang='lat' dir='ltr'>prestolando</span> <span class='ocrx_word' id='word_1_371' title='bbox 1342 2182 1504 2213; x_wconf 86' lang='lat' dir='ltr'>vestrumh</span> <span class='ocrx_word' id='word_1_372' title='bbox 1521 2182 1693 2213; x_wconf 79' lang='lat' dir='ltr'>adventum</span> <span class='ocrx_word' id='word_1_373' title='bbox 1711 2181 1829 2223; x_wconf 90' lang='lat' dir='ltr'>diuque</span> <span class='ocrx_word' id='word_1_374' title='bbox 1848 2181 2028 2212; x_wconf 85' lang='lat' dir='ltr'>tardantem</span> 
     </span>
     <span class='ocr_line' id='line_1_37' title="bbox 381 2233 2026 2278; baseline -0.002 -11"><span class='ocrx_word' id='word_1_375' title='bbox 381 2236 577 2278; x_wconf 76' lang='lat' dir='ltr'>putavimuS,</span> <span class='ocrx_word' id='word_1_376' title='bbox 601 2245 640 2265; x_wconf 90' lang='lat' dir='ltr'>ne</span> <span class='ocrx_word' id='word_1_377' title='bbox 665 2235 747 2265; x_wconf 85' lang='lat' dir='ltr'>forte</span> <span class='ocrx_word' id='word_1_378' title='bbox 772 2234 981 2265; x_wconf 82' lang='lat' dir='ltr'>Kariomanni</span> <span class='ocrx_word' id='word_1_379' title='bbox 1010 2234 1141 2275; x_wconf 85' lang='lat' dir='ltr'>gloriosi</span> <span class='ocrx_word' id='word_1_380' title='bbox 1169 2235 1267 2275; x_wconf 76' lang='lat' dir='ltr'>regie,</span> <span class='ocrx_word' id='word_1_381' title='bbox 1292 2234 1436 2274; x_wconf 84' lang='lat' dir='ltr'>germani</span> <span class='ocrx_word' id='word_1_382' title='bbox 1460 2234 1571 2273; x_wconf 86' lang='lat' dir='ltr'>vestri,</span> <span class='ocrx_word' id='word_1_383' title='bbox 1600 2233 1760 2274; x_wconf 67' lang='lat' dir='ltr'>prepediti</span> <span class='ocrx_word' id='word_1_384' title='bbox 1789 2234 1896 2274; x_wconf 87' lang='lat' dir='ltr'>aliquo</span> <span class='ocrx_word' id='word_1_385' title='bbox 1924 2233 2026 2274; x_wconf 89' lang='lat' dir='ltr'>impe-</span> 
     </span>
     <span class='ocr_line' id='line_1_38' title="bbox 382 2284 2028 2326; baseline -0.002 -7"><span class='ocrx_word' id='word_1_386' title='bbox 382 2288 523 2319; x_wconf 88' lang='lat' dir='ltr'>dimento</span> <span class='ocrx_word' id='word_1_387' title='bbox 554 2288 617 2317; x_wconf 90' lang='lat' dir='ltr'>iam</span> <span class='ocrx_word' id='word_1_388' title='bbox 649 2286 757 2317; x_wconf 87' lang='lat' dir='ltr'>venire</span> <span class='ocrx_word' id='word_1_389' title='bbox 787 2286 986 2326; x_wconf 89' lang='lat' dir='ltr'>nequissetis.</span> <span class='ocrx_word' id='word_1_390' title='bbox 1032 2285 1126 2317; x_wconf 87' lang='lat' dir='ltr'>Unde</span> <span class='ocrx_word' id='word_1_391' title='bbox 1153 2285 1199 2315; x_wconf 92' lang='lat' dir='ltr'>illi</span> <span class='ocrx_word' id='word_1_392' title='bbox 1226 2289 1367 2316; x_wconf 86' lang='lat' dir='ltr'>nostram</span> <span class='ocrx_word' id='word_1_393' title='bbox 1397 2285 1606 2326; x_wconf 85' lang='lat' dir='ltr'>apostolicam</span> <span class='ocrx_word' id='word_1_394' title='bbox 1632 2285 1807 2315; x_wconf 80' lang='lat' dir='ltr'>direximus</span> <span class='ocrx_word' id='word_1_395' title='bbox 1837 2284 2028 2325; x_wconf 80' lang='lat' dir='ltr'>epistolam³</span> 
     </span>
     <span class='ocr_line' id='line_1_39' title="bbox 381 2336 2028 2378; baseline -0.002 -8"><span class='ocrx_word' id='word_1_396' title='bbox 381 2341 617 2378; x_wconf 80' lang='lat' dir='ltr'>ammonentes,</span> <span class='ocrx_word' id='word_1_397' title='bbox 642 2338 731 2378; x_wconf 87' lang='lat' dir='ltr'>quia,</span> <span class='ocrx_word' id='word_1_398' title='bbox 763 2337 789 2367; x_wconf 89' lang='lat' dir='ltr'>si</span> <span class='ocrx_word' id='word_1_399' title='bbox 818 2337 878 2367; x_wconf 87' lang='lat' dir='ltr'>hoe</span> <span class='ocrx_word' id='word_1_400' title='bbox 902 2347 1035 2378; x_wconf 82' lang='lat' dir='ltr'>regumn</span> <span class='ocrx_word' id='word_1_401' title='bbox 1067 2337 1204 2377; x_wconf 85' lang='lat' dir='ltr'>amplius</span> <span class='ocrx_word' id='word_1_402' title='bbox 1235 2337 1341 2367; x_wconf 83' lang='lat' dir='ltr'>taliter</span> <span class='ocrx_word' id='word_1_403' title='bbox 1370 2339 1560 2377; x_wconf 88' lang='lat' dir='ltr'>occupatum</span> <span class='ocrx_word' id='word_1_404' title='bbox 1591 2346 1628 2366; x_wconf 86' lang='lat' dir='ltr'>ac</span> <span class='ocrx_word' id='word_1_405' title='bbox 1658 2336 1872 2367; x_wconf 80' lang='lat' dir='ltr'>inordina-tum</span> <span class='ocrx_word' id='word_1_406' title='bbox 1901 2339 1934 2367; x_wconf 90' lang='lat' dir='ltr'>et</span> <span class='ocrx_word' id='word_1_407' title='bbox 1961 2337 2028 2367; x_wconf 89' lang='lat' dir='ltr'>sine</span> 
     </span>
    </p>
   </div>
   <div class='ocr_carea' id='block_1_7' title="bbox 485 2402 1903 2414">
    <p class='ocr_par' dir='ltr' id='par_1_9' title="bbox 485 2402 1903 2414">
     <span class='ocr_line' id='line_1_40' title="bbox 485 2402 1903 2414; baseline 0 0"><span class='ocrx_word' id='word_1_408' title='bbox 485 2402 1903 2414; x_wconf 95' lang='lat' dir='ltr'> </span> 
     </span>
    </p>
   </div>
   <div class='ocr_carea' id='block_1_8' title="bbox 382 2447 2029 2627">
    <p class='ocr_par' dir='ltr' id='par_1_10' title="bbox 382 2447 2028 2527">
     <span class='ocr_line' id='line_1_41' title="bbox 486 2447 2028 2483; baseline -0.002 -8"><span class='ocrx_word' id='word_1_409' title='bbox 486 2450 510 2483; x_wconf 64' lang='grc' dir='ltr'>ελ)</span> <span class='ocrx_word' id='word_1_410' title='bbox 530 2450 687 2475; x_wconf 85' lang='lat' dir='ltr'>novilissimo</span> <span class='ocrx_word' id='word_1_411' title='bbox 707 2449 737 2473; x_wconf 78' lang='lat' dir='ltr'>R.</span> <span class='ocrx_word' id='word_1_412' title='bbox 831 2448 856 2480; x_wconf 85' lang='lat' dir='ltr'>b)</span> <span class='ocrx_word' id='word_1_413' title='bbox 875 2449 994 2474; x_wconf 84' lang='lat' dir='ltr'>cibilibus</span> <span class='ocrx_word' id='word_1_414' title='bbox 1015 2449 1044 2474; x_wconf 77' lang='lat' dir='ltr'>R.</span> <span class='ocrx_word' id='word_1_415' title='bbox 1139 2449 1160 2480; x_wconf 83' lang='lat' dir='ltr'>c)</span> <span class='ocrx_word' id='word_1_416' title='bbox 1180 2454 1289 2474; x_wconf 78' lang='lat' dir='ltr'>vestram</span> <span class='ocrx_word' id='word_1_417' title='bbox 1308 2449 1340 2474; x_wconf 76' lang='lat' dir='ltr'>R.</span> <span class='ocrx_word' id='word_1_418' title='bbox 1437 2447 1461 2479; x_wconf 84' lang='lat' dir='ltr'>d)</span> <span class='ocrx_word' id='word_1_419' title='bbox 1480 2449 1570 2474; x_wconf 87' lang='lat' dir='ltr'>livcnti</span> <span class='ocrx_word' id='word_1_420' title='bbox 1588 2448 1620 2474; x_wconf 79' lang='lat' dir='ltr'>R.</span> <span class='ocrx_word' id='word_1_421' title='bbox 1720 2449 1741 2480; x_wconf 62' lang='grc' dir='ltr'>θ)</span> <span class='ocrx_word' id='word_1_422' title='bbox 1761 2457 1827 2474; x_wconf 83' lang='lat' dir='ltr'>corr.</span> <span class='ocrx_word' id='word_1_423' title='bbox 1841 2457 1871 2473; x_wconf 69' lang='lat' dir='ltr'>ea:</span> <span class='ocrx_word' id='word_1_424' title='bbox 1893 2448 1979 2473; x_wconf 79' lang='lat' dir='ltr'>anima</span> <span class='ocrx_word' id='word_1_425' title='bbox 1996 2447 2028 2472; x_wconf 85' lang='lat' dir='ltr'>R.</span> 
     </span>
     <span class='ocr_line' id='line_1_42' title="bbox 382 2490 1683 2527; baseline -0.002 -8"><span class='ocrx_word' id='word_1_426' title='bbox 382 2494 401 2527; x_wconf 67' lang='grc' dir='ltr'>ί)</span> <span class='ocrx_word' id='word_1_427' title='bbox 421 2494 563 2519; x_wconf 82' lang='lat' dir='ltr'>delictionis</span> <span class='ocrx_word' id='word_1_428' title='bbox 582 2493 613 2517; x_wconf 78' lang='lat' dir='ltr'>R.</span> <span class='ocrx_word' id='word_1_429' title='bbox 701 2492 725 2523; x_wconf 74' lang='grc' dir='ltr'>Ε)</span> <span class='ocrx_word' id='word_1_430' title='bbox 744 2501 798 2524; x_wconf 81' lang='lat' dir='ltr'>eaq;</span> <span class='ocrx_word' id='word_1_431' title='bbox 817 2492 848 2516; x_wconf 82' lang='lat' dir='ltr'>R.</span> <span class='ocrx_word' id='word_1_432' title='bbox 937 2490 962 2524; x_wconf 85' lang='lat' dir='ltr'>h)</span> <span class='ocrx_word' id='word_1_433' title='bbox 982 2493 1150 2524; x_wconf 76' lang='lat' dir='ltr'>amplectetur</span> <span class='ocrx_word' id='word_1_434' title='bbox 1168 2492 1199 2516; x_wconf 78' lang='lat' dir='ltr'>R.</span> <span class='ocrx_word' id='word_1_435' title='bbox 1288 2491 1305 2522; x_wconf 90' lang='lat' dir='ltr'>i)</span> <span class='ocrx_word' id='word_1_436' title='bbox 1326 2501 1392 2517; x_wconf 83' lang='lat' dir='ltr'>corr.</span> <span class='ocrx_word' id='word_1_437' title='bbox 1406 2500 1436 2516; x_wconf 73' lang='lat' dir='ltr'>ert·</span> <span class='ocrx_word' id='word_1_438' title='bbox 1455 2495 1632 2517; x_wconf 81' lang='lat' dir='ltr'>conservatam</span> <span class='ocrx_word' id='word_1_439' title='bbox 1651 2491 1683 2516; x_wconf 80' lang='lat' dir='ltr'>R.</span> 
     </span>
    </p>

    <p class='ocr_par' dir='ltr' id='par_1_11' title="bbox 382 2548 2029 2627">
     <span class='ocr_line' id='line_1_43' title="bbox 487 2548 2029 2584; baseline -0.003 -6"><span class='ocrx_word' id='word_1_440' title='bbox 487 2552 544 2578; x_wconf 83' lang='lat'>180.</span> <span class='ocrx_word' id='word_1_441' title='bbox 572 2552 595 2584; x_wconf 77' lang='lat'>³)</span> <span class='ocrx_word' id='word_1_442' title='bbox 614 2559 719 2577; x_wconf 74' lang='lat' dir='ltr'>SPITALI</span> <span class='ocrx_word' id='word_1_443' title='bbox 737 2552 769 2576; x_wconf 80' lang='lat' dir='ltr'>R.</span> <span class='ocrx_word' id='word_1_444' title='bbox 839 2551 863 2582; x_wconf 82' lang='lat' dir='ltr'>b)</span> <span class='ocrx_word' id='word_1_445' title='bbox 882 2552 968 2576; x_wconf 84' lang='lat' dir='ltr'>venire</span> <span class='ocrx_word' id='word_1_446' title='bbox 988 2552 1019 2577; x_wconf 81' lang='lat' dir='ltr'>R.</span> <span class='ocrx_word' id='word_1_447' title='bbox 1091 2552 1112 2582; x_wconf 82' lang='lat' dir='ltr'>e)</span> <span class='ocrx_word' id='word_1_448' title='bbox 1131 2556 1237 2576; x_wconf 78' lang='lat' dir='ltr'>actenus</span> <span class='ocrx_word' id='word_1_449' title='bbox 1260 2552 1288 2577; x_wconf 82' lang='lat' dir='ltr'>li&#39;.</span> <span class='ocrx_word' id='word_1_450' title='bbox 1359 2550 1384 2584; x_wconf 83' lang='lat' dir='ltr'>d)</span> <span class='ocrx_word' id='word_1_451' title='bbox 1404 2552 1465 2576; x_wconf 78' lang='lat' dir='ltr'>add.</span> <span class='ocrx_word' id='word_1_452' title='bbox 1484 2560 1565 2583; x_wconf 76' lang='lat' dir='ltr'>supra</span> <span class='ocrx_word' id='word_1_453' title='bbox 1584 2552 1679 2576; x_wconf 72' lang='lat' dir='ltr'>lineam</span> <span class='ocrx_word' id='word_1_454' title='bbox 1697 2551 1731 2576; x_wconf 80' lang='lat' dir='ltr'>al.</span> <span class='ocrx_word' id='word_1_455' title='bbox 1745 2560 1814 2576; x_wconf 78' lang='lat' dir='ltr'>man.</span> <span class='ocrx_word' id='word_1_456' title='bbox 1834 2550 1865 2574; x_wconf 81' lang='lat' dir='ltr'>R.</span> <span class='ocrx_word' id='word_1_457' title='bbox 1942 2548 1964 2582; x_wconf 74' lang='grc' dir='ltr'>θ)</span> <span class='ocrx_word' id='word_1_458' title='bbox 1984 2557 2029 2574; x_wconf 86' lang='lat' dir='ltr'>-us</span> 
     </span>
     <span class='ocr_line' id='line_1_44' title="bbox 382 2594 1542 2627; baseline -0.003 -5"><span class='ocrx_word' id='word_1_459' title='bbox 382 2599 409 2623; x_wconf 75' lang='lat' dir='ltr'>iu</span> <span class='ocrx_word' id='word_1_460' title='bbox 428 2606 480 2622; x_wconf 75' lang='lat' dir='ltr'>ras.</span> <span class='ocrx_word' id='word_1_461' title='bbox 500 2596 530 2620; x_wconf 83' lang='lat' dir='ltr'>R.</span> <span class='ocrx_word' id='word_1_462' title='bbox 620 2594 638 2627; x_wconf 81' lang='lat' dir='ltr'>f)</span> <span class='ocrx_word' id='word_1_463' title='bbox 657 2603 727 2619; x_wconf 87' lang='lat' dir='ltr'>-rore</span> <span class='ocrx_word' id='word_1_464' title='bbox 746 2595 772 2618; x_wconf 77' lang='lat' dir='ltr'>in</span> <span class='ocrx_word' id='word_1_465' title='bbox 791 2603 842 2618; x_wconf 71' lang='lat' dir='ltr'>ras.</span> <span class='ocrx_word' id='word_1_466' title='bbox 864 2594 895 2619; x_wconf 83' lang='lat' dir='ltr'>R.</span> <span class='ocrx_word' id='word_1_467' title='bbox 983 2594 1008 2626; x_wconf 70' lang='grc' dir='ltr'>Β)</span> <span class='ocrx_word' id='word_1_468' title='bbox 1028 2595 1044 2619; x_wconf 92' lang='lat' dir='ltr'>b</span> <span class='ocrx_word' id='word_1_469' title='bbox 1063 2603 1129 2619; x_wconf 77' lang='lat' dir='ltr'>corr.</span> <span class='ocrx_word' id='word_1_470' title='bbox 1143 2603 1174 2619; x_wconf 70' lang='lat' dir='ltr'>em</span> <span class='ocrx_word' id='word_1_471' title='bbox 1193 2604 1209 2619; x_wconf 86' lang='lat' dir='ltr'>u</span> <span class='ocrx_word' id='word_1_472' title='bbox 1228 2595 1260 2620; x_wconf 67' lang='lat' dir='ltr'>Ia&#39;.</span> <span class='ocrx_word' id='word_1_473' title='bbox 1350 2594 1374 2626; x_wconf 60' lang='grc' dir='ltr'>ἢ)</span> <span class='ocrx_word' id='word_1_474' title='bbox 1394 2595 1420 2619; x_wconf 71' lang='lat' dir='ltr'>in</span> <span class='ocrx_word' id='word_1_475' title='bbox 1439 2602 1491 2619; x_wconf 73' lang='lat' dir='ltr'>ras.</span> <span class='ocrx_word' id='word_1_476' title='bbox 1511 2594 1542 2618; x_wconf 87' lang='lat' dir='ltr'>R.</span> 
     </span>
    </p>
   </div>
   <div class='ocr_carea' id='block_1_9' title="bbox 383 2676 2030 2840">
    <p class='ocr_par' dir='ltr' id='par_1_12' title="bbox 383 2676 2030 2840">
     <span class='ocr_line' id='line_1_45' title="bbox 488 2676 2029 2712; baseline -0.001 -9"><span class='ocrx_word' id='word_1_477' title='bbox 488 2680 512 2712; x_wconf 86' lang='lat'>1)</span> <span class='ocrx_word' id='word_1_478' title='bbox 532 2679 608 2711; x_wconf 78' lang='lat' dir='ltr'>Papa</span> <span class='ocrx_word' id='word_1_479' title='bbox 626 2686 693 2711; x_wconf 71' lang='lat' dir='ltr'>erqo,</span> <span class='ocrx_word' id='word_1_480' title='bbox 712 2686 786 2710; x_wconf 76' lang='lat' dir='ltr'>quem</span> <span class='ocrx_word' id='word_1_481' title='bbox 804 2686 860 2710; x_wconf 76' lang='lat' dir='ltr'>spes</span> <span class='ocrx_word' id='word_1_482' title='bbox 873 2678 972 2704; x_wconf 62' lang='lat' dir='ltr'>auaeiltt&#39;</span> <span class='ocrx_word' id='word_1_483' title='bbox 993 2686 1025 2703; x_wconf 65' lang='lat' dir='ltr'>em</span> <span class='ocrx_word' id='word_1_484' title='bbox 1044 2678 1202 2704; x_wconf 71' lang='lat' dir='ltr'>occidentali</span> <span class='ocrx_word' id='word_1_485' title='bbox 1220 2687 1299 2712; x_wconf 67' lang='lat' dir='ltr'>reyno</span> <span class='ocrx_word' id='word_1_486' title='bbox 1317 2679 1367 2704; x_wconf 73' lang='lat' dir='ltr'>sibi</span> <span class='ocrx_word' id='word_1_487' title='bbox 1383 2678 1490 2710; x_wconf 68' lang='lat' dir='ltr'>ferendi</span> <span class='ocrx_word' id='word_1_488' title='bbox 1506 2678 1616 2711; x_wconf 56' lang='lat' dir='ltr'>penitus</span> <span class='ocrx_word' id='word_1_489' title='bbox 1634 2677 1775 2709; x_wconf 72' lang='lat' dir='ltr'>fefellerat,</span> <span class='ocrx_word' id='word_1_490' title='bbox 1795 2676 2029 2702; x_wconf 60' lang='lat' dir='ltr'>Karolomaimmn</span> 
     </span>
     <span class='ocr_line' id='line_1_46' title="bbox 385 2719 2029 2754; baseline -0.002 -7"><span class='ocrx_word' id='word_1_491' title='bbox 385 2722 486 2748; x_wconf 77' lang='lat' dir='ltr'>demum</span> <span class='ocrx_word' id='word_1_492' title='bbox 504 2724 534 2747; x_wconf 73' lang='lat' dir='ltr'>ut</span> <span class='ocrx_word' id='word_1_493' title='bbox 551 2728 637 2754; x_wconf 75' lang='lat' dir='ltr'>reyem</span> <span class='ocrx_word' id='word_1_494' title='bbox 656 2721 753 2746; x_wconf 73' lang='lat' dir='ltr'>Italiac</span> <span class='ocrx_word' id='word_1_495' title='bbox 772 2720 837 2751; x_wconf 63' lang='lat' dir='ltr'>arnt,</span> <span class='ocrx_word' id='word_1_496' title='bbox 858 2720 893 2752; x_wconf 83' lang='lat' dir='ltr'>cf.</span> <span class='ocrx_word' id='word_1_497' title='bbox 908 2721 1045 2746; x_wconf 61' lang='lat' dir='ltr'>Dummler</span> <span class='ocrx_word' id='word_1_498' title='bbox 1064 2721 1114 2746; x_wconf 90' lang='lat'>111</span> <span class='ocrx_word' id='word_1_499' title='bbox 1119 2723 1137 2753; x_wconf 78' lang='lat'>²,</span> <span class='ocrx_word' id='word_1_500' title='bbox 1156 2725 1209 2747; x_wconf 77' lang='lat'>103.</span> <span class='ocrx_word' id='word_1_501' title='bbox 1298 2722 1324 2753; x_wconf 82' lang='lat'>2)</span> <span class='ocrx_word' id='word_1_502' title='bbox 1348 2721 1410 2747; x_wconf 80' lang='lat' dir='ltr'>Una</span> <span class='ocrx_word' id='word_1_503' title='bbox 1429 2724 1534 2747; x_wconf 76' lang='lat' dir='ltr'>tcmtum</span> <span class='ocrx_word' id='word_1_504' title='bbox 1548 2721 1626 2754; x_wconf 73' lang='lat' dir='ltr'>prior</span> <span class='ocrx_word' id='word_1_505' title='bbox 1643 2720 1753 2753; x_wconf 74' lang='lat' dir='ltr'>epistola</span> <span class='ocrx_word' id='word_1_506' title='bbox 1766 2719 1898 2745; x_wconf 76' lang='lat' dir='ltr'>Iohannis</span> <span class='ocrx_word' id='word_1_507' title='bbox 1915 2719 2029 2745; x_wconf 79' lang='lat' dir='ltr'>eiusdem</span> 
     </span>
     <span class='ocr_line' id='line_1_47' title="bbox 383 2762 2030 2798; baseline -0.002 -8"><span class='ocrx_word' id='word_1_508' title='bbox 383 2764 534 2798; x_wconf 74' lang='lat' dir='ltr'>arywnenti</span> <span class='ocrx_word' id='word_1_509' title='bbox 554 2764 658 2789; x_wconf 72' lang='lat' dir='ltr'>Karolo</span> <span class='ocrx_word' id='word_1_510' title='bbox 677 2763 775 2789; x_wconf 74' lang='lat' dir='ltr'>directa</span> <span class='ocrx_word' id='word_1_511' title='bbox 798 2765 894 2796; x_wconf 74' lang='lat' dir='ltr'>exstat,</span> <span class='ocrx_word' id='word_1_512' title='bbox 918 2772 944 2789; x_wconf 73' lang='lat' dir='ltr'>n.</span> <span class='ocrx_word' id='word_1_513' title='bbox 960 2768 1014 2790; x_wconf 65' lang='lat'>165.</span> <span class='ocrx_word' id='word_1_514' title='bbox 1102 2764 1129 2797; x_wconf 84' lang='lat'>3)</span> <span class='ocrx_word' id='word_1_515' title='bbox 1149 2764 1297 2796; x_wconf 66' lang='lat' dir='ltr'>Epistulam</span> <span class='ocrx_word' id='word_1_516' title='bbox 1316 2772 1343 2790; x_wconf 71' lang='lat' dir='ltr'>n.</span> <span class='ocrx_word' id='word_1_517' title='bbox 1357 2768 1404 2790; x_wconf 84' lang='lat'>193</span> <span class='ocrx_word' id='word_1_518' title='bbox 1422 2764 1465 2790; x_wconf 74' lang='lat' dir='ltr'>hie</span> <span class='ocrx_word' id='word_1_519' title='bbox 1486 2763 1636 2797; x_wconf 74' lang='lat' dir='ltr'>siynificari</span> <span class='ocrx_word' id='word_1_520' title='bbox 1657 2765 1725 2789; x_wconf 74' lang='lat' dir='ltr'>reete</span> <span class='ocrx_word' id='word_1_521' title='bbox 1747 2762 1875 2788; x_wconf 72' lang='lat' dir='ltr'>iudicavit</span> <span class='ocrx_word' id='word_1_522' title='bbox 1892 2762 2030 2788; x_wconf 69' lang='lat' dir='ltr'>Diimmler</span> 
     </span>
     <span class='ocr_line' id='line_1_48' title="bbox 383 2808 673 2840; baseline -0.003 -7"><span class='ocrx_word' id='word_1_523' title='bbox 383 2808 456 2840; x_wconf 83' lang='lat'>1112,</span> <span class='ocrx_word' id='word_1_524' title='bbox 477 2810 525 2833; x_wconf 85' lang='lat'>103</span> <span class='ocrx_word' id='word_1_525' title='bbox 543 2809 636 2832; x_wconf 74' lang='lat' dir='ltr'>annot.</span> <span class='ocrx_word' id='word_1_526' title='bbox 651 2809 673 2832; x_wconf 80' lang='lat'>3.</span> 
     </span>
    </p>
   </div>
   <div class='ocr_carea' id='block_1_10' title="bbox 2043 752 2067 771">
    <p class='ocr_par' dir='ltr' id='par_1_13' title="bbox 2043 752 2067 771">
     <span class='ocr_line' id='line_1_49' title="bbox 2043 752 2067 771; baseline 0 0"><span class='ocrx_word' id='word_1_527' title='bbox 2043 752 2067 771; x_wconf 84' lang='lat'>10</span> 
     </span>
    </p>
   </div>
   <div class='ocr_carea' id='block_1_11' title="bbox 2043 1008 2067 1028">
    <p class='ocr_par' dir='ltr' id='par_1_14' title="bbox 2043 1008 2067 1028">
     <span class='ocr_line' id='line_1_50' title="bbox 2043 1008 2067 1028; baseline -0.042 0"><span class='ocrx_word' id='word_1_528' title='bbox 2043 1008 2067 1028; x_wconf 86' lang='lat'>15</span> 
     </span>
    </p>
   </div>
   <div class='ocr_carea' id='block_1_12' title="bbox 2044 1419 2069 1438">
    <p class='ocr_par' dir='ltr' id='par_1_15' title="bbox 2044 1419 2069 1438">
     <span class='ocr_line' id='line_1_51' title="bbox 2044 1419 2069 1438; baseline 0 0"><span class='ocrx_word' id='word_1_529' title='bbox 2044 1419 2069 1438; x_wconf 80' lang='lat'>20</span> 
     </span>
    </p>
   </div>
   <div class='ocr_carea' id='block_1_13' title="bbox 2044 1721 2070 1740">
    <p class='ocr_par' dir='ltr' id='par_1_16' title="bbox 2044 1721 2070 1740">
     <span class='ocr_line' id='line_1_52' title="bbox 2044 1721 2070 1740; baseline 0 0"><span class='ocrx_word' id='word_1_530' title='bbox 2044 1721 2070 1740; x_wconf 82' lang='lat'>25</span> 
     </span>
    </p>
   </div>
   <div class='ocr_carea' id='block_1_14' title="bbox 2047 1986 2072 2005">
    <p class='ocr_par' dir='ltr' id='par_1_17' title="bbox 2047 1986 2072 2005">
     <span class='ocr_line' id='line_1_53' title="bbox 2047 1986 2072 2005; baseline -0.04 0"><span class='ocrx_word' id='word_1_531' title='bbox 2047 1986 2072 2005; x_wconf 86' lang='lat'>30</span> 
     </span>
    </p>
   </div>
   <div class='ocr_carea' id='block_1_15' title="bbox 2046 2241 2072 2261">
    <p class='ocr_par' dir='ltr' id='par_1_18' title="bbox 2046 2241 2072 2261">
     <span class='ocr_line' id='line_1_54' title="bbox 2046 2241 2072 2261; baseline -0.038 0"><span class='ocrx_word' id='word_1_532' title='bbox 2046 2241 2072 2261; x_wconf 79' lang='lat'>35</span> 
     </span>
    </p>
   </div>
   <div class='ocr_carea' id='block_1_16' title="bbox 2047 2556 2074 2576">
    <p class='ocr_par' dir='ltr' id='par_1_19' title="bbox 2047 2556 2074 2576">
     <span class='ocr_line' id='line_1_55' title="bbox 2047 2556 2074 2576; baseline -0.037 0"><span class='ocrx_word' id='word_1_533' title='bbox 2047 2556 2074 2576; x_wconf 77' lang='lat'>40</span> 
     </span>
    </p>
   </div>
   <div class='ocr_carea' id='block_1_17' title="bbox 2047 2812 2075 2831">
    <p class='ocr_par' dir='ltr' id='par_1_20' title="bbox 2047 2812 2075 2831">
     <span class='ocr_line' id='line_1_56' title="bbox 2047 2812 2075 2831; baseline 0 0"><span class='ocrx_word' id='word_1_534' title='bbox 2047 2812 2075 2831; x_wconf 72' lang='lat'>45</span> 
     </span>
    </p>
   </div>
  </div>
 </body>
</html>
