2189 3042
335 158 373 187 34
781 149 958 176 IOHANNIS
980 148 1053 175 VIII.
1073 147 1190 174 PAPAE
1214 146 1413 174 EPISTOLAE
1435 147 1476 173 34.
1496 147 1537 173 35.

181 253 318 276 ssimi-2.
334 241 553 282 captivitatem
582 237 745 279 perpende
783 239 816 267 et
838 235 935 266 ‘insta
959 237 1130 276 oportune,
1161 232 1348 275 inportune‘
1376 234 1572 274 fratremque
1602 234 1665 264 iam
1696 233 1816 264 dictum
1844 234 1982 271 monitis,

332 293 428 323 immo
446 291 551 322 verbis
575 288 796 330 increpatoriis
821 287 1003 325 exhortare,
1027 289 1062 317 ut
1084 288 1209 316 nostros
1232 286 1302 326 pios
1326 288 1459 316 conatus
1482 287 1635 326 sequatur
1658 287 1691 316 et
1713 295 1770 326 pro
1795 284 1982 316 Christianis

330 343 421 373 nobis
445 341 640 373 certantibus
664 350 757 380 opem
782 338 917 378 tribuat,
948 338 1145 368 voluntatem
1175 336 1330 368 extendat
1359 329 1499 377 et'opus
1528 339 1561 367 te
1588 336 1727 367 instante
1752 336 1919 377 exhibeat,
1950 340 1983 368 et

327 395 516 426 misercatur
532 392 629 423 Deus.
664 390 747 426 Quid
766 390 857 421 nobis
870 390 995 431 proficit
1008 389 1222 420 Christianum
1239 388 1440 428 vocabulum,
1457 388 1483 418 si
1504 398 1602 428 opere
1620 387 1800 418 Christiano
1817 390 1981 418 caremus?

131 454 314 479 cr.2.1¹0tr.·.›,21.
333 445 415 482 Quid
439 444 570 485 prodest
593 442 684 474 nobis
708 442 895 482 cognovisse
912 441 995 471 viam
1018 441 1148 480 iustitie,
1170 439 1296 481 quando
1314 442 1387 480 post
1410 439 1626 480 cognitionem
1649 441 1823 470 retrorsum
1839 439 1983 470 conversi
2013 450 2024 467 ε»

332 508 402 528 cum
426 496 560 527 inimicis
578 494 749 525 Christiani
766 493 902 524 nominis
922 495 987 523 tam
1003 491 1104 523 libere
1122 491 1233 532 federa
1250 491 1455 532 copulamus?
1493 490 1591 532 Ergo,
1614 490 1696 521 sicut
1712 490 1859 530 diximus,
1883 490 1982 521 bene-

332 549 410 579 ficiis
434 551 540 587 sancte
565 546 709 586 Romane
736 545 871 584 ecclesie
896 547 951 574 tua
974 543 1124 574 sanctitas
1148 553 1210 573 non
1234 543 1360 583 ingrata
1383 542 1549 573 nobiscum
1573 541 1712 582 laboret,
1736 542 1901 573 nobiscum
1925 553 1982 583 pro

331 600 432 631 salute
457 599 566 640 populi
588 597 650 628 Dei
675 598 704 627 in
729 596 791 627 illis
812 595 954 637 partibus
978 595 1180 635 cooperatrix
1206 595 1341 625 exista&
1364 597 1397 624 et
1418 597 1526 624 nostro
1551 594 1717 624 certamini
1740 593 1851 625 favens
1874 596 1982 634 sancte

331 652 475 690 Romane
494 650 627 690 ecclesie
645 660 679 680 se
696 648 845 679 devotam
869 647 996 678 nomine
1022 649 1053 677 et
1078 656 1176 687 opere
1193 656 1321 687 semper
1338 645 1500 678 exhibeat.
1540 645 1623 681 Quia
1646 645 1672 676 si
1695 648 1740 685 tu,
1764 645 1844 676 sicut
1860 645 1982 686 potesb‚

332 703 509 744 peregeris,
539 712 596 732 nee
625 700 731 731 fratris
761 700 805 730 tui
834 709 893 729 nec
917 698 1049 729 alicuius
1079 697 1217 728 hominis
1240 696 1360 728 factum
1388 700 1529 728 nostrum
1554 707 1633 738 opus
1660 697 1813 738 piumque
1837 696 1982 727 laborem
2004 705 2026 724 ιο

332 755 458 786 Christo
486 754 614 784 iuvante
643 752 729 793 apud
752 754 909 783 vestrates
938 760 978 781 ex
1002 752 1069 780 toto
1095 749 1250 790 dissipare
1274 748 1408 788 valebit,
1438 749 1513 790 quin
1540 749 1646 789 potius
1670 749 1902 779 incrementum
1925 759 1984 789 per

332 806 438 837 Iesum
462 805 622 837 Christum
647 804 809 834 dominum
834 806 975 833 nostrum
999 801 1186 842 augebitur⁰
1211 804 1259 832 etc
1283 800 1375 831 labor
1398 800 1556 841 proficuus
1579 799 1779 841 apparebitd.

436 872 529 896 DATA
552 871 723 895 KALENDIS
746 869 939 899 FEBRUARII,
962 868 1160 892 INDICTIONE
1178 868 1209 891 X.

1130 1057 1180 1086 35.

442 1123 600 1153 Iohannes
623 1121 717 1152 VIII.
738 1130 825 1160 papa
848 1121 1042 1159 Anspertum
1065 1119 1334 1158 archiepiscopum
1357 1117 1624 1149 Mediolanensem
1646 1119 1761 1155 monet,
1788 1127 1827 1148 ne
1849 1116 1885 1148 in
1903 1126 1982 1156 pro-

334 1175 466 1206 motione
494 1173 650 1204 antistitis
677 1171 723 1203 vel
745 1171 868 1202 abbatis
894 1171 1061 1210 quicquam
1084 1172 1194 1201 eontra
1223 1180 1330 1201 sacros
1353 1179 1500 1207 canones,
1527 1179 1600 1200 neve
1628 1169 1696 1200 sinc
1719 1167 1851 1209 (Karoli
1877 1167 1981 1206 Calvi)
2002 1182 2025 1200 15

335 1225 535 1265 imperatoris
564 1234 714 1255 consensa
743 1226 830 1263 (ajat,
857 1223 950 1253 cuins
973 1222 1131 1261 permissu
1158 1221 1254 1252 abbas
1276 1221 1407 1261 qnidam
1436 1231 1457 1251 a
1485 1221 1564 1260 reyii
1585 1220 1722 1252 coenobii
1751 1221 1789 1260 (s.
1807 1219 1981 1260 Ambrosii)

329 1277 555 1317 praepositura
578 1276 696 1306 iniuste
714 1274 830 1313 pulsas
852 1274 1064 1305 restituendas
1086 1274 1137 1304 sit.
1496 1305 1500 1309 ,
1668 1273 1731 1302 877
1753 1271 1827 1302 Feb.
1844 1272 1896 1302 27.

450 1340 525 1366 Coa„-
554 1339 581 1365 R
599 1341 619 1372 f.
632 1342 666 1365 18
683 1347 710 1365 n.
723 1342 760 1365 35.

440 1391 525 1418 Edit:
554 1390 646 1416 Editio
659 1390 784 1416 Romana
806 1391 891 1424 (1591)
910 1390 964 1422 III,
984 1393 1032 1416 317
1048 1398 1075 1416 n.
1088 1392 1129 1415 34.
1166 1389 1262 1414 Mansi
1284 1388 1362 1415 Cone.
1376 1389 1431 1415 coll.
1448 1388 1547 1421 XVII,
1566 1392 1599 1415 32
1616 1396 1643 1414 n.
1658 1392 1698 1414 34.
1735 1387 1830 1421 Miync
1848 1386 1924 1413 Patr.
1938 1387 1984 1414 lat.

339 1435 473 1467 CXXVI,
494 1438 536 1461 715
554 1442 580 1460 n.
593 1437 630 1460 61.
651 1449 681 1452 —
701 1433 777 1465 Jaffe'
796 1433 860 1467 Rey.
875 1436 944 1459 3030
962 1434 1061 1466 (2309).
2001 1437 2025 1456 20

556 1520 740 1554 (IOIIANNES
764 1519 978 1553 EPISCOPUffi*
998 1520 1174 1544 ANSPERTO
1194 1520 1464 1544 ARCHIEPISCOI‘O
1487 1518 1770 1543 MEDIOLANEN511.

444 1576 629 1608 Laudamus
659 1576 899 1606 sanctimoniam
930 1578 1031 1615 tuam,
1062 1575 1161 1606 frater
1191 1574 1370 1614 karissime,
1400 1574 1519 1614 iustitie
1547 1573 1616 1605 zelo
1644 1573 1836 1614 ferventem,
1867 1573 1924 1604 sed
1954 1574 1985 1603 in

337 1628 589 1670 promotionibus
613 1628 679 1658 sive
703 1627 862 1661 antistitis.
886 1627 952 1658 sive
976 1626 1102 1658 abbatis
1126 1627 1169 1657 nil
1193 1626 1336 1667 profecto
1360 1626 1446 1657 aliud
1470 1625 1646 1667 gerendum
1666 1629 1853 1666 possumus³
1869 1625 1985 1656 exhor-

337 1681 411 1721 tari,
440 1680 498 1710 nisi
527 1679 612 1720 quod
641 1679 722 1709 sacri
752 1689 890 1709 canones
919 1679 1076 1715 sanciunt,
1106 1678 1204 1719 quosb
1232 1678 1324 1708 nulli2
1348 1682 1524 1708 sacerdotum
1546 1681 1680 1708 licitum
1704 1682 1757 1708 est
1779 1682 1909 1716 ignorare
1933 1682 1986 1708 vel

337 1736 487 1770 quicquam
515 1736 619 1767 facere,
652 1735 727 1768 quod
754 1737 866 1768 patrum
890 1735 979 1768 possit
1002 1735 1106 1769 regulis
1131 1734 1258 1761 obviari.
1309 1729 1431 1761 Verum
1464 1729 1538 1770 quia
1570 1730 1602 1759 in
1631 1732 1766 1770 utroque
1801 1728 1858 1759 filii
1886 1729 1986 1759 nostri
2006 1742 2029 1759 25

338 1793 466 1824 semper
490 1782 637 1824 augusti3
653 1781 835 1812 interfuisse
853 1781 1039 1821 perhibetur
1062 1792 1219 1821 assensus,
1244 1782 1312 1812 eius
1335 1791 1431 1822 super
1453 1780 1514 1811 hoc
1535 1791 1605 1812 esse
1624 1780 1753 1811 videtur
1769 1779 1988 1821 expectandus

337 1834 504 1866 adventus.
549 1834 601 1865 Ad
631 1834 719 1864 cuius
748 1844 817 1864 cum
847 1837 901 1863 tua
931 1834 1081 1864 sanctitas
1108 1833 1279 1864 accesserit
1306 1833 1476 1873 pietatem,
1507 1832 1666 1863 credimus
1696 1832 1740 1862 nil
1767 1831 1902 1872 ecclesie
1925 1832 1988 1862 Dei

338 1889 446 1927 preter
476 1888 626 1926 paternas
660 1885 788 1925 regulas
822 1884 991 1915 illaturam.
1049 1884 1229 1916 Moderatio
1260 1885 1379 1925 quippe
1413 1884 1497 1914 sedis
1527 1883 1702 1924 apostolice
1738 1886 1771 1914 et
1802 1883 1989 1914 universalis

339 1937 473 1977 ecclesie
494 1936 658 1977 dispositio
684 1936 715 1966 in
738 1936 799 1967 lioc
822 1936 1000 1977 periculoso
1018 1939 1164 1976 tempore
1189 1946 1271 1976 pene
1295 1938 1408 1966 cuncta
1424 1935 1657 1976 dispensatorie
1679 1934 1878 1965 moderanda
1901 1945 1987 1965 com-

338 1989 439 2029 pellit.
487 1988 638 2023 Quamvis
663 1991 770 2018 autem
794 1988 933 2028 presenti
957 1988 998 2018 sit
1021 1987 1106 2018 exuli
1130 1986 1372 2019 consulendum.
1402 1987 1446 2016 nil
1474 1990 1582 2017 tamen
1607 1989 1655 2017 est
1681 1997 1743 2016 non
1767 1989 1898 2017 extante
1922 1985 1987 2016 ulla
2007 1997 2032 2015 ao

338 2040 533 2070 necessitate
557 2042 667 2070 contra
688 2049 826 2070 canones
844 2042 968 2080 patrum
986 2038 1156 2079 agendum.
1192 2038 1302 2069 Abbas
1319 2041 1437 2077 autem,
1455 2038 1509 2078 qui
1529 2037 1614 2068 nullo
1632 2036 1840 2077 comprobato
1858 2038 1988 2067 crimine

341 2102 360 2121 a
384 2091 465 2132 regii
490 2094 538 2122 est
561 2090 686 2131 cenobii
710 2091 911 2131 prepositura
935 2090 1117 2131 depulsus&
1146 2089 1289 2120 ciusdem
1314 2089 1446 2130 piissimi
1471 2089 1621 2130 principis
1644 2088 1815 2129 permissu,
1842 2087 1990 2129 precibus

341 2143 457 2173 nostris
491 2145 544 2182 tue
568 2142 696 2173 sociatis
724 2142 888 2181 industrie,
920 2141 1118 2172 revocandus
1148 2145 1204 2172 est.
1250 2141 1323 2171 Non
1353 2144 1460 2171 autem
1492 2140 1593 2171 solum
1625 2139 1833 2180 homicidam,
1867 2139 1924 2170 sed
1957 2143 1989 2170 et

340 2195 459 2225 socium
485 2194 643 2234 homicide
668 2194 708 2224 ab
726 2194 810 2224 omni
834 2194 1034 2234 prepositura
1059 2192 1241 2234 pellendum
1266 2192 1474 2223 decernimus.
1517 2192 1587 2232 Hec
1605 2192 1774 2232 perpaucis
1798 2190 1987 2222 fraternitati

339 2254 391 2286 tue
423 2246 618 2286 scripsimus,
652 2255 691 2275 ne
722 2244 782 2275 sibi
814 2245 941 2275 omnino
972 2244 1146 2275 rescribere
1176 2243 1394 2284 supersedisse
1422 2243 1612 2274 videremur.
1659 2243 1822 2283 Ceterum,
1854 2245 1888 2273 ut
1916 2253 1987 2273 cum
2007 2256 2030 2274 35

340 2301 448 2328 sancto
473 2298 582 2328 Leone
607 2298 714 2337 papa⁵
738 2296 890 2335 dicamus,
914 2310 973 2332 nos,
998 2300 1046 2333 qui
1063 2300 1240 2326 sacerdotum
1257 2299 1370 2326 Domini
1393 2301 1505 2325 matura
1528 2299 1655 2325 volumus
1680 2308 1739 2325 esse
1763 2298 1875 2329 iudicia,
1900 2298 1986 2325 nichil

444 2407 469 2440 >k)
489 2407 553 2433 add.
570 2416 643 2434 man.
662 2408 814 2434 correctoris
834 2408 868 2434 R.

443 2468 466 2501 a)
486 2469 598 2493 exhistat
618 2469 649 2493 R.
739 2468 763 2500 b)
783 2472 865 2501 potest
883 2468 915 2492 R.
1003 2468 1026 2499 0)
1046 2468 1072 2492 in
1090 2476 1143 2493 ras.
1163 2468 1193 2492 R.
1283 2467 1307 2498 d)
1326 2469 1342 2492 b
1361 2477 1428 2493 corr.
1442 2476 1472 2492 ecc
1491 2477 1508 2492 u
1527 2468 1562 2492 al.
1576 2476 1644 2492 man.
1664 2468 1695 2492 B.

443 2519 484 2545 35.
513 2519 537 2551 ³)
557 2521 685 2552 possimus
704 2520 735 2544 R.
823 2518 847 2552 b)
867 2529 933 2545 corr.
947 2528 976 2544 ecc
994 2520 1061 2551 quod
1080 2519 1111 2544 Ii‘.

445 2597 470 2627 1)
488 2598 615 2622 869-82.
703 2596 729 2628 2)
750 2595 889 2621 coelestini
909 2595 931 2621 1.
950 2595 1022 2628 epist.
1043 2595 1080 2620 acl
1097 2603 1152 2628 epp.
1167 2595 1285 2628 Apuliae
1304 2598 1326 2621 et
1347 2595 1500 2627 Calabriae,
1525 2595 1654 2628 Dionysii
1674 2594 1736 2621 Coll.
1756 2594 1824 2621 decr.
1845 2593 1986 2620 Coelestim'
2006 2605 2031 2624 40

340 2647 360 2665 c.
371 2642 406 2664 20
424 2638 474 2671 (etl.
486 2639 579 2671 Miyazc
592 2638 721 2670 LXVII,
737 2639 803 2671 277),
821 2638 895 2669 Jaffe
909 2638 975 2671 Rey.
987 2641 1033 2664 371
1046 2639 1127 2671 (154).
1202 2638 1227 2669 3)
1251 2638 1340 2664 Caroli
1356 2638 1437 2663 Calvi.
1512 2638 1539 2669 4)
1558 2638 1599 2664 De
1616 2637 1777 2664 celeberrimo
1789 2636 1988 2663 Mediolanensi

339 2681 414 2715 νομέα
431 2681 554 2706 coenobio
572 2690 591 2706 s.
605 2681 739 2707 Ambrosii
757 2681 803 2714 aqi
820 2681 932 2712 ridetur,
953 2680 1008 2706 licet
1026 2681 1143 2706 abbatem
1165 2681 1222 2706 cius
1240 2681 1372 2713 (Peto-mn)
1392 2683 1456 2706 tnnc
1473 2680 1611 2713 ‹Iepnlswn
1630 2688 1682 2706 esse
1699 2681 1832 2713 vin-squam
1850 2679 1986 2706 tradatur.

341 2725 367 2756 5)
394 2724 429 2749 In¹
451 2724 525 2757 epist.
550 2723 587 2749 ad
611 2723 777 2750 Florianum
801 2731 839 2756 ep.
862 2723 1207 2756 Constanti„wolstanum‚
1236 2723 1313 2750 Decr.
1332 2723 1376 2749 Ps.
1396 2723 1494 2749 Isidor.
1519 2723 1570 2757 (ed.
1592 2723 1742 2749 Hinscbins
1766 2731 1793 2756 p.
1812 2724 1882 2756 581),
1911 2721 1988 2753 Jafffi

342 2767 403 2800 Ray.
417 2770 471 2793 420
490 2767 569 2800 (198).
