2189 3042
135 733 160 751 10

134 988 156 1007 15

133 1246 158 1266 20

133 1508 156 1527 25

133 1767 158 1786 ³0

135 2025 158 2043 35

134 2282 160 2300 40

137 2539 162 2558 4⁵

495 170 672 197 IOHANNIS
687 170 759 197 Vlll.
781 170 898 197 PAPAE
918 171 1115 198 ErISTOLAss
1135 171 1263 197 PiszIM
1283 170 1494 197 COLLECTAE
1513 171 1536 196 7.
1781 174 1836 203 321

190 258 400 299 peierandum
425 257 574 289 terribilis
591 257 652 288 Dci
677 268 791 289 nomen
816 259 970 299 impellat,
996 269 1108 299 pacem
1134 258 1224 299 regni
1241 258 1388 289 diuturno
1414 258 1519 289 fratris
1543 258 1647 288 studio
1665 258 1840 289 radicatam

190 320 394 350 corrumpere
423 311 540 351 gestiat
570 313 602 340 et
630 309 765 341 lactatus
798 320 817 340 a
848 309 1070 350 peccatoribus
1100 311 1163 341 suis
1194 310 1362 340 dumtaxat
1391 309 1599 350 complicibus
1629 309 1840 350 adquiescens

187 361 288 402 pedes
317 371 390 392 suos
420 360 460 391 ad
489 361 608 391 malum
639 371 766 391 currere
797 361 904 398 faciat,
937 361 1140 392 madentibus
1172 361 1276 391 adhuc
1309 361 1429 402 campis
1453 361 1666 396 Fontanicisn
1698 371 1776 402 quos
1807 362 1837 391 in

187 413 352 443 iuventute
385 423 443 443 sua
474 412 613 443 humano
646 413 800 453 sanguine
834 413 986 449 tinxerat,
1021 413 1051 443 in
1086 415 1249 444 senectute
1283 412 1448 454 decrepita
1479 413 1635 443 minarum
1669 416 1701 443 et
1734 412 1842 443 caedis

190 465 313 505 spirans
337 463 377 494 ad
402 463 598 494 fundendum
627 463 870 494 christianorum
903 464 1075 495 inultorum
1100 465 1287 505 sanguinem
1313 474 1369 505 pro
1398 475 1455 494 sua
1486 464 1635 505 singulari
1666 464 1841 495 ambitione

187 515 350 546 discurrat.
387 514 429 545 Et
452 515 504 556 qni
529 525 637 545 amore
663 514 768 545 fratris
784 526 802 545 a
819 515 895 545 sede
919 515 1096 556 apostolica
1122 515 1326 546 obedientiae
1351 526 1426 546 suae
1451 517 1564 546 merito
1580 515 1841 546 benedictionem

187 576 318 608 sperare
350 576 506 607 suumque
536 566 596 606 piis
627 566 776 607 operibus
809 576 990 607 propagar‹=
1021 566 1186 605 debuerat,
1217 566 1348 597 alterius
1378 577 1513 607 regnum
1542 567 1753 607 pervicaciter
1783 566 1841 597 sibi

186 619 250 649 suis
273 618 369 649 armis
394 618 564 658 subiugare
590 617 761 656 desiderat,
787 618 909 649 scilicet
933 621 967 648 ut
991 628 1069 659 quos
1094 619 1189 648 armis
1211 619 1353 659 acquirit,
1379 618 1498 648 ditione
1516 618 1680 658 possideat
1705 621 1737 649 et
1761 618 1842 649 colla

186 673 331 702 vetustae
356 669 513 701 libertatis
540 670 680 711 ingenua
703 679 786 700 nova
812 669 965 700 servitute
991 672 1181 709 prosternat.
1228 669 1306 705 Quis
1329 669 1399 708 hoc,
1425 669 1622 700 dilectissimi
1651 658 1751 709 n‘obis,
1782 670 1841 700 nisi

187 722 335 764 antiquus
359 721 490 752 humani
513 721 641 762 generis
666 720 866 752 adversarius
891 721 973 751 inter
997 720 1077 751 tales
1101 731 1137 751 ac
1163 723 1268 751 tantos
1293 720 1417 759 fratres,
1437 732 1516 762 quos
1540 732 1597 751 nos
1622 722 1689 761 pari
1714 722 1842 762 spiritus

187 785 297 805 amore
322 773 575 814 complectimur,
600 783 657 813 per
680 783 754 803 suos
771 772 927 804 satellites
945 776 1105 813 operatur,
1131 772 1185 813 qui
1210 771 1285 802 dum
1310 770 1465 803 bonorum
1488 773 1690 813 provectibus
1709 773 1841 812 invidet,

185 825 217 855 in
241 835 319 866 agro
343 827 473 856 sanctae
496 824 558 855 Dei
583 823 738 855 ecclesiae
764 834 892 864 semper
916 824 1035 854 zizania
1060 824 1218 854 seminare
1246 822 1431 853 contendit?
1466 824 1544 859 Quis
1574 823 1647 862 hoc,
1677 825 1840 861 carissimi,

186 876 245 906 nisi
263 875 409 907 diabolus
434 877 594 916 operatur⁷
620 875 673 915 qui
689 874 802 905 Kar-oli
818 873 988 905 virtutibus
1013 874 1053 905 ab
1079 874 1216 904 ineuntis
1234 874 1349 905 aetatis
1366 875 1529 915 principiis
1546 875 1691 905 invidens
1709 876 1841 916 eiusque

186 927 371 969 religiosum
402 927 602 968 propositum
631 926 756 966 longius
788 925 960 967 propagari
990 936 1176 966 pavescens,
1211 925 1335 956 levibus
1366 927 1468 966 primo
1504 926 1615 956 iaculis
1647 937 1840 968 quamquam

185 979 407 1021 frequentibus
431 978 600 1018 lacessivit,
626 977 742 1008 deinde
767 977 1014 1008 adversitatibus
1038 977 1146 1008 multis
1163 977 1253 1018 quasi
1277 977 1454 1008 durissimis
1478 977 1633 1008 arietibus
1657 978 1841 1017 stimulavit,

184 1031 297 1062 fideles
321 1031 389 1061 eius
413 1030 672 1071 frequentissime
696 1028 856 1060 rebellare
881 1029 989 1066 suasit,
1014 1029 1043 1059 in
1062 1029 1227 1069 procinctu
1244 1032 1354 1059 contra
1370 1028 1587 1059 Nortmannos
1611 1039 1667 1069 pro
1685 1029 1840 1060 ecclesiae

183 1082 246 1113 Dei
268 1081 458 1113 liberatione
483 1081 639 1122 pugnanti
664 1083 696 1111 ct
719 1080 863 1111 inimicos
888 1080 988 1111 crucis
1013 1080 1131 1111 Christi
1154 1090 1255 1121 usque
1288 1080 1328 1111 ad
1359 1081 1504 1111 ultimam
1536 1079 1733 1112 deditionem
1765 1092 1838 1111 con-

184 1133 340 1174 stringere
361 1132 544 1174 satagenti2
562 1132 694 1163 senioris
711 1132 808 1163 vestri
831 1132 1013 1173 utrimque-'²
1029 1132 1167 1162 animum
1187 1131 1226 1162 ad
1246 1132 1442 1163 invasionem
1466 1131 1569 1163 relicti
1592 1132 1718 1173 imperii
1742 1132 1840 1163 susci-

184 1185 278 1225 tavit,
312 1185 399 1225 ipsos
436 1184 622 1223 familiares,
660 1185 764 1225 ipsum
801 1186 964 1224 postremo
1001 1183 1124 1214 filium³
1154 1183 1193 1214 ad
1225 1184 1291 1214 eius
1322 1184 1553 1215 extinctionem
1583 1183 1742 1214 hostiliter
1772 1195 1845 1225 pro-

185 1236 319 1275 vocavit⁷
345 1240 377 1267 et
399 1247 438 1268 ne
456 1235 648 1277 quandoque
673 1235 712 1266 ad
734 1235 913 1276 imperium,
937 1235 1023 1277 quod
1048 1235 1077 1266 ei
1101 1238 1225 1266 constat
1246 1246 1307 1266 non
1333 1236 1472 1266 humano
1497 1235 1646 1266 collatum
1673 1234 1841 1273 beneficio,

185 1288 260 1319 licet
283 1297 341 1329 per
367 1291 496 1319 nostrae
520 1287 750 1319 mediocritatis
782 1287 1001 1327 ministerium,
1031 1287 1088 1318 sed
1113 1286 1219 1318 divino
1250 1287 1433 1328 pertingere
1464 1287 1630 1328 potuisset,
1662 1290 1729 1318 tota
1758 1287 1842 1318 frau-

186 1339 348 1371 dulentiae
373 1349 448 1370 suae
466 1339 582 1370 virtute
607 1339 779 1380 prohibuit,
803 1342 871 1370 tota
892 1339 1012 1370 consilii
1036 1339 1085 1369 sui
1107 1340 1246 1370 versutia
1264 1338 1426 1370 debellare
1451 1339 1632 1370 contendit?
1666 1338 1730 1369 Sed
1754 1338 1842 1369 Deus

186 1391 397 1432 omnipotens,
415 1391 502 1422 cuius
520 1390 722 1431 providentia
738 1401 796 1431 per
812 1390 1013 1422 mutabilium
1038 1401 1144 1421 rerum
1167 1390 1328 1431 principes
1352 1390 1460 1421 mundi
1484 1389 1621 1421 latitudo
1644 1389 1842 1431 gubernatur

186 1446 218 1474 et
241 1443 372 1484 regitur,
400 1442 483 1473 hunc
505 1442 642 1484 flagellis
667 1442 785 1473 erudiri
809 1442 918 1482 voluit,
944 1442 1080 1483 deprimi
1105 1442 1241 1483 penitus,
1266 1442 1347 1473 sicut
1371 1441 1461 1472 vobis
1485 1445 1533 1472 est
1557 1441 1730 1483 cognitum,
1761 1451 1840 1471 nun-

185 1505 282 1536 quam
306 1494 450 1535 permisit
474 1497 506 1525 et
529 1494 721 1525 afflictiones
744 1496 874 1524 sanctae
899 1504 975 1525 suae
1001 1493 1158 1524 ecclesiae
1182 1503 1240 1534 per
1264 1504 1338 1524 eum
1362 1493 1555 1534 specialiter,
1588 1493 1669 1523 sicut
1692 1492 1840 1523 divinitus

185 1546 364 1577 revelatum
394 1545 500 1576 fuerat
530 1549 561 1576 et
590 1555 671 1576 nunc
705 1545 862 1576 veraciter
895 1544 1063 1585 credimus,
1097 1544 1227 1575 tandem
1260 1544 1433 1586 aliquando
1466 1544 1612 1575 relevare
1645 1543 1840 1575 contendens

185 1598 268 1628 hunc
284 1608 303 1628 a
321 1597 541 1628 decessoribus
564 1597 690 1636 nostris,
714 1596 911 1627 reverendae
928 1596 1049 1627 scilicet
1066 1596 1241 1627 memoriae
1258 1595 1393 1627 Nicolao
1411 1599 1443 1627 et
1460 1595 1600 1626 Adriano
1619 1595 1841 1636 pontificibus⁴

185 1648 239 1679 diu
263 1648 393 1690 quidem
417 1648 594 1679 desiderari
618 1648 728 1687 voluit,
753 1647 883 1679 tandem
907 1658 1008 1689 usque
1033 1647 1074 1678 ad
1098 1647 1177 1679 haec
1208 1648 1479 1688 periculosissima
1503 1650 1660 1688 tempora,
1685 1647 1799 1688 quibus
1823 1658 1841 1678 a

184 1700 289 1731 Belial
317 1700 390 1731 filiis
419 1710 502 1741 pene
533 1702 601 1731 tota
624 1699 762 1730 vallatur
791 1699 896 1736 Italia,
926 1699 1178 1731 misericorditer
1208 1699 1394 1739 reservavit,
1426 1699 1580 1740 angelicis
1605 1698 1752 1730 ductibus
1776 1699 1842 1729 vias

185 1752 253 1784 eius
282 1762 340 1793 per
369 1752 455 1783 invia
485 1752 557 1783 loca
580 1751 708 1792 direxit,
732 1751 891 1782 frustratis
921 1751 1043 1782 insidiis
1074 1752 1102 1782 ei
1134 1751 1320 1792 compositis
1351 1750 1508 1791 liberavit,
1540 1750 1674 1792 paludes
1703 1749 1841 1781 lubricas

186 1803 378 1846 equitabiles
403 1802 552 1841 reddidit,
571 1803 654 1835 vada
677 1802 910 1844 profundorum
934 1803 1100 1835 fluminum
1124 1803 1233 1834 multis
1257 1802 1392 1833 saeculis
1414 1803 1577 1844 incognita
1603 1801 1842 1833 transmeabilia

185 1855 425 1895 demonstravit,
450 1856 479 1886 ei
505 1855 672 1887 elementis
696 1859 807 1886 contra
831 1857 979 1886 naturam
1002 1854 1191 1886 cedentibus
1208 1853 1430 1885 dissidentium
1455 1853 1552 1885 corda
1575 1854 1756 1894 perterruit,
1781 1864 1842 1884 non

186 1908 289 1939 solum
318 1908 385 1938 sine
411 1907 576 1948 sanguine,
602 1918 712 1938 verum
743 1907 841 1938 etiam
872 1917 941 1938 cum
974 1907 1098 1947 magnis
1126 1906 1301 1937 honoribus
1331 1905 1404 1937 hinc
1436 1905 1509 1936 inde
1540 1905 1753 1946 gaudentibus
1785 1916 1843 1945 po-

186 1960 269 2001 pulis
285 1959 413 1990 Italiam
437 1962 607 1998 penetrare
630 1959 774 2000 permisit
791 1961 823 1990 et
839 1969 897 2000 per
914 1958 1111 1999 apostolicare
1136 1957 1222 1988 sedis
1246 1958 1446 1998 privilegium
1473 1961 1658 1987 cunctorum
1682 1956 1844 1987 favoribus

186 2010 400 2052 approbatum
424 2011 558 2051 sceptris
581 2010 802 2051 imperialibus
826 2010 1020 2050 sublimavit,
1045 2013 1080 2041 ut
1104 2010 1157 2051 qui
1182 2020 1239 2050 per
1262 2013 1309 2040 tot
1332 2020 1432 2040 annos
1456 2009 1678 2040 communibus
1703 2008 1843 2049 peccatis

187 2061 384 2094 merentibus
409 2072 465 2102 pro
489 2053 669 2092 defectibus
694 2064 823 2093 sanctae
847 2061 908 2093 Dei
933 2062 1089 2093 ecclesiae
1107 2061 1240 2092 diversis
1264 2061 1367 2092 modis
1391 2061 1572 2102 affligimur,
1597 2071 1654 2101 per
1671 2062 1738 2091 eius
1756 2060 1842 2091 solli-

189 2113 337 2145 citudinis
366 2116 534 2154 expertam
565 2113 769 2154 prudentiam
794 2113 1005 2153 consolemur,
1034 2123 1092 2154 per
1116 2123 1212 2154 quem
1237 2112 1476 2144 Gallicanarum
1502 2113 1711 2144 ecclesiarum
1743 2114 1844 2142 status

188 2168 221 2196 et
243 2165 341 2196 totius
358 2164 521 2205 religionis
538 2164 628 2205 vigor
651 2165 713 2195 illis
736 2165 768 2195 in
785 2165 930 2205 partibus
946 2164 1159 2206 plausibiliter
1179 2165 1360 2195 refloruisse
1379 2164 1589 2205 cognoscitur.
1624 2164 1716 2195 Haec
1733 2164 1843 2204 itaque

188 2216 289 2248 hostis
311 2216 443 2247 humani
467 2216 594 2256 generis
618 2215 724 2247 futura
748 2226 902 2257 prospera
926 2226 1136 2257 praecavens,
1162 2215 1271 2247 dilecti
1300 2216 1357 2246 filii
1387 2216 1486 2246 nostri
1510 2215 1682 2246 Hludovici
1712 2215 1844 2256 gloriosi

187 2268 273 2310 regis
297 2267 404 2307 vestri,
430 2267 455 2298 si
479 2269 589 2298 tamen
611 2267 694 2298 filius
717 2267 780 2299 dici
803 2271 953 2308 meretur,
979 2269 1031 2309 qui
1056 2268 1253 2309 apostolicae
1278 2267 1362 2298 sedis
1386 2267 1514 2298 monitis
1542 2277 1600 2307 pcr
1623 2270 1844 2297 antecessores

188 2322 313 2350 nostros
330 2328 451 2360 perque
475 2329 532 2349 nos
556 2319 642 2360 ipsos
666 2319 798 2360 prolatis
815 2329 944 2361 semper
967 2319 1282 2351 inobedientissimus
1300 2319 1415 2357 extitit,
1440 2319 1465 2349 si
1483 2319 1640 2360 gloriosus
1658 2318 1719 2349 dici
1737 2317 1843 2357 debet7

190 2372 241 2403 cui
272 2373 383 2402 contra
412 2370 609 2402 christicolas
640 2373 736 2402 bella⁵
758 2376 816 2410 geri
849 2376 956 2410 placuit
986 2377 1077 2403 nullos
1108 2376 1242 2402 habitura
1271 2376 1438 2409 triumphos,
1471 2371 1495 2401 si
1527 2381 1584 2401 rex
1615 2370 1677 2401 dici
1707 2369 1843 2410 potestG,

190 2424 244 2465 qui
268 2425 370 2454 semet
393 2422 499 2463 ipsum
522 2432 636 2462 regere
660 2422 770 2463 noluit,
789 2423 956 2463 quominus
980 2426 1090 2454 contra
1115 2423 1220 2454 fratris
1244 2422 1424 2454 absentiam
1448 2422 1602 2463 inglorius
1627 2421 1843 2462 pugnavisset,

190 2475 313 2506 animos
336 2473 489 2512 incitavit,
513 2476 548 2504 ut
570 2483 675 2514 neque
701 2473 842 2505 divinum
873 2475 1020 2506 timorem
1046 2485 1122 2516 prae
1153 2475 1252 2505 oculis
1276 2474 1427 2514 retinens,
1458 2484 1561 2514 neque
1592 2473 1761 2503 imminens
1785 2471 1844 2501 sibi

191 2525 341 2557 iudiciuin
366 2527 538 2565 provectae
563 2525 735 2556 senectutis
759 2535 946 2566 agnoscens,
977 2536 1082 2567 neque
1113 2526 1275 2566 sanguinis
1300 2525 1488 2556 affinitatem
1521 2525 1725 2565 fraternaque
1751 2526 1842 2564 pacta

295 2636 317 2667 Β)
335 2646 384 2669 pro
403 2637 590 2669 vestrumque?
609 2638 642 2670 cs.
653 2647 680 2669 p.
694 2640 745 2662 324
765 2638 781 2663 l.
797 2641 837 2662 42.

296 2705 320 2736 1)
342 2704 467 2730 Meminit
490 2713 601 2739 puyncw
625 2714 651 2731 a.
666 2710 714 2732 &41
741 2706 901 2732 conmissae.
1012 2708 1038 2739 2)
1059 2708 1091 2732 In
1113 2707 1250 2733 obsidione
1268 2706 1454 2740 Audenam-ensi
1472 2715 1496 2731 ιι.
1510 2708 1565 2736 573,
1590 2706 1625 2737 cf.
1638 2704 1778 2729 himinum·
1795 2703 1812 2728 Ζ.
1826 2703 1842 2729 Ι.

191 2747 227 2774 Π
236 2749 255 2779 ²,
272 2750 327 2774 361.
433 2748 458 2776 3)
479 2747 721 2775 Karolonumnmn.
827 2749 854 2781 4)
877 2748 917 2780 Cl.
932 2749 1018 2775 Pei-ees
1035 2749 1133 2783 ‘eapse
1151 2749 1286 2776 Nikolaus
1304 2749 1327 2776 Ι.
1352 2748 1410 2774 und
1430 2747 1592 2774 Anastasius
1617 2744 1843 2772 bibliothecarius

191 2799 215 2823 p.
232 2793 278 2817 148
296 2799 361 2816 (ιηη.
377 2794 396 2816 l.
486 2792 511 2824 5)
532 2791 637 2818 Lucan.
656 2791 778 2817 lersal.
794 2790 816 2823 J,
829 2794 864 2817 1²2.
952 2793 978 2823 6)
1000 2792 1041 2824 Cf.
1054 2800 1137 2825 supra,
1155 2801 1181 2824 1⁷-
1199 2795 1248 2818 318
1266 2800 1332 2818 ann.
1346 2796 1368 2816 ti.

296 2843 446 2870 Ena-romu
461 2842 520 2874 vll,
534 2843 558 2869 2.
1608 2841 1638 2866 41

1853 368 1881 387 ι’·Γ.
1892 368 1953 387 l'x'ov.
1963 370 2024 392 6.18.

1857 829 1967 850 MAI-ann
1978 832 2047 855 13‚2⁵.

1856 1090 1884 1110 os.
1893 1090 1950 1110 Phil.
1958 1090 1977 1115 3,
1988 1093 2020 1112 ιε.

1857 1699 1885 1717 cr.
1896 1698 2046 1723 ox.gr.Deut.

1908 1726 1984 1749 15,1³.
