<?xml version="1.0" encoding="UTF-8"?>
<!DOCTYPE html PUBLIC "-//W3C//DTD XHTML 1.0 Transitional//EN"
    "http://www.w3.org/TR/xhtml1/DTD/xhtml1-transitional.dtd">
<html xmlns="http://www.w3.org/1999/xhtml" xml:lang="en" lang="en">
 <head>
  <title>
</title>
<meta http-equiv="Content-Type" content="text/html;charset=utf-8" />
  <meta name='ocr-system' content='tesseract 3.04.00' />
  <meta name='ocr-capabilities' content='ocr_page ocr_carea ocr_par ocr_line ocrx_word'/>
</head>
<body>
  <div class='ocr_page' id='page_1' title='image "./monumentagerman07geseuoft_0128.png"; bbox 0 0 2189 3042; ppageno 0'>
   <div class='ocr_carea' id='block_1_1' title="bbox 331 195 1554 236">
    <p class='ocr_par' dir='ltr' id='par_1_1' title="bbox 331 195 1554 236">
     <span class='ocr_line' id='line_1_1' title="bbox 331 195 1554 236; baseline -0.003 -10"><span class='ocrx_word' id='word_1_1' title='bbox 331 206 371 236; x_wconf 69' lang='lat'>93</span> <span class='ocrx_word' id='word_1_2' title='bbox 756 196 932 225; x_wconf 79' lang='lat' dir='ltr'>IOHANNIS</span> <span class='ocrx_word' id='word_1_3' title='bbox 950 196 1024 223; x_wconf 76' lang='lat' dir='ltr'>VIII.</span> <span class='ocrx_word' id='word_1_4' title='bbox 1045 196 1163 223; x_wconf 83' lang='lat' dir='ltr'>PAPAE</span> <span class='ocrx_word' id='word_1_5' title='bbox 1189 195 1388 223; x_wconf 78' lang='lat' dir='ltr'>EPISTOLAE</span> <span class='ocrx_word' id='word_1_6' title='bbox 1407 195 1554 224; x_wconf 78' lang='lat'><strong><em>104-106.</em></strong></span> 
     </span>
    </p>
   </div>
   <div class='ocr_carea' id='block_1_2' title="bbox 330 281 1978 374">
    <p class='ocr_par' dir='ltr' id='par_1_2' title="bbox 330 281 1978 374">
     <span class='ocr_line' id='line_1_2' title="bbox 330 281 1978 328; baseline -0.004 -8"><span class='ocrx_word' id='word_1_7' title='bbox 330 288 538 328; x_wconf 85' lang='lat' dir='ltr'>Privilegium</span> <span class='ocrx_word' id='word_1_8' title='bbox 567 290 663 328; x_wconf 79' lang='lat' dir='ltr'>atque</span> <span class='ocrx_word' id='word_1_9' title='bbox 692 285 864 326; x_wconf 82' lang='lat' dir='ltr'>scripturas</span> <span class='ocrx_word' id='word_1_10' title='bbox 888 283 928 314; x_wconf 90' lang='lat' dir='ltr'>de</span> <span class='ocrx_word' id='word_1_11' title='bbox 957 282 1081 314; x_wconf 85' lang='lat' dir='ltr'>sedium</span> <span class='ocrx_word' id='word_1_12' title='bbox 1104 282 1295 322; x_wconf 81' lang='lat' dir='ltr'>mutatione,</span> <span class='ocrx_word' id='word_1_13' title='bbox 1323 282 1348 313; x_wconf 89' lang='lat' dir='ltr'>si</span> <span class='ocrx_word' id='word_1_14' title='bbox 1373 292 1436 323; x_wconf 85' lang='lat' dir='ltr'>qua</span> <span class='ocrx_word' id='word_1_15' title='bbox 1459 291 1479 313; x_wconf 90' lang='lat' dir='ltr'>a</span> <span class='ocrx_word' id='word_1_16' title='bbox 1501 281 1594 313; x_wconf 89' lang='lat' dir='ltr'>nobis</span> <span class='ocrx_word' id='word_1_17' title='bbox 1617 281 1669 313; x_wconf 88' lang='lat' dir='ltr'>vel</span> <span class='ocrx_word' id='word_1_18' title='bbox 1697 281 1978 323; x_wconf 58' lang='lat' dir='ltr'>predecessoribus</span> 
     </span>
     <span class='ocr_line' id='line_1_3' title="bbox 331 333 1534 374; baseline -0.005 -4"><span class='ocrx_word' id='word_1_19' title='bbox 331 339 444 370; x_wconf 84' lang='lat' dir='ltr'>nostris</span> <span class='ocrx_word' id='word_1_20' title='bbox 469 338 607 369; x_wconf 68' lang='lat' dir='ltr'>haberea</span> <span class='ocrx_word' id='word_1_21' title='bbox 630 336 774 368; x_wconf 82' lang='lat' dir='ltr'>fatemini</span> <span class='ocrx_word' id='word_1_22' title='bbox 786 336 806 374; x_wconf 87' lang='lat'>¹,</span> <span class='ocrx_word' id='word_1_23' title='bbox 831 334 995 366; x_wconf 77' lang='lat' dir='ltr'>vobiscum</span> <span class='ocrx_word' id='word_1_24' title='bbox 1019 335 1085 366; x_wconf 90' lang='lat' dir='ltr'>sine</span> <span class='ocrx_word' id='word_1_25' title='bbox 1110 344 1198 365; x_wconf 87' lang='lat' dir='ltr'>mora</span> <span class='ocrx_word' id='word_1_26' title='bbox 1223 333 1350 365; x_wconf 84' lang='lat' dir='ltr'>deferre</span> <span class='ocrx_word' id='word_1_27' title='bbox 1374 333 1534 365; x_wconf 72' lang='lat' dir='ltr'>studeasb.</span> 
     </span>
    </p>
   </div>
   <div class='ocr_carea' id='block_1_3' title="bbox 433 398 729 424">
    <p class='ocr_par' dir='ltr' id='par_1_3' title="bbox 433 398 729 424">
     <span class='ocr_line' id='line_1_4' title="bbox 433 398 729 424; baseline -0.01 0"><span class='ocrx_word' id='word_1_28' title='bbox 433 400 528 424; x_wconf 72' lang='lat' dir='ltr'><strong>DATA</strong></span> <span class='ocrx_word' id='word_1_29' title='bbox 549 399 592 423; x_wconf 88' lang='lat' dir='ltr'>UT</span> <span class='ocrx_word' id='word_1_30' title='bbox 611 398 694 423; x_wconf 72' lang='lat' dir='ltr'>SUPR</span> <span class='ocrx_word' id='word_1_31' title='bbox 701 398 729 422; x_wconf 83' lang='grc' dir='ltr'><em>Α.</em></span> 
     </span>
    </p>
   </div>
   <div class='ocr_carea' id='block_1_4' title="bbox 1053 435 1229 440">
    <p class='ocr_par' dir='ltr' id='par_1_4' title="bbox 1053 435 1229 440">
     <span class='ocr_line' id='line_1_5' title="bbox 1053 435 1229 440; baseline 0 0"><span class='ocrx_word' id='word_1_32' title='bbox 1053 435 1229 440; x_wconf 95' lang='lat' dir='ltr'> </span> 
     </span>
    </p>
   </div>
   <div class='ocr_carea' id='block_1_5' title="bbox 1125 520 1194 549">
    <p class='ocr_par' dir='ltr' id='par_1_5' title="bbox 1125 520 1194 549">
     <span class='ocr_line' id='line_1_6' title="bbox 1125 520 1194 549; baseline 0 -1"><span class='ocrx_word' id='word_1_33' title='bbox 1125 520 1194 549; x_wconf 83' lang='grc'><em>105.</em></span> 
     </span>
    </p>
   </div>
   <div class='ocr_carea' id='block_1_6' title="bbox 330 575 2023 828">
    <p class='ocr_par' dir='ltr' id='par_1_6' title="bbox 330 575 2023 772">
     <span class='ocr_line' id='line_1_7' title="bbox 439 575 1978 619; baseline -0.004 -6"><span class='ocrx_word' id='word_1_34' title='bbox 439 582 596 614; x_wconf 81' lang='lat' dir='ltr'>Iohannes</span> <span class='ocrx_word' id='word_1_35' title='bbox 620 580 716 611; x_wconf 83' lang='lat' dir='ltr'>VIII.</span> <span class='ocrx_word' id='word_1_36' title='bbox 735 589 825 619; x_wconf 85' lang='lat' dir='ltr'>papa</span> <span class='ocrx_word' id='word_1_37' title='bbox 847 578 1010 618; x_wconf 72' lang='lat' dir='ltr'>Huyoncm</span> <span class='ocrx_word' id='word_1_38' title='bbox 1036 577 1176 609; x_wconf 77' lang='lat' dir='ltr'><em>abbatem</em></span> <span class='ocrx_word' id='word_1_39' title='bbox 1199 578 1238 617; x_wconf 90' lang='lat' dir='ltr'>(s.</span> <span class='ocrx_word' id='word_1_40' title='bbox 1255 577 1409 610; x_wconf 84' lang='lat' dir='ltr'>Germani</span> <span class='ocrx_word' id='word_1_41' title='bbox 1424 577 1722 617; x_wconf 77' lang='lat' dir='ltr'>Autissidoricnsis)</span> <span class='ocrx_word' id='word_1_42' title='bbox 1745 577 1791 618; x_wconf 78' lang='lat' dir='ltr'>[et</span> <span class='ocrx_word' id='word_1_43' title='bbox 1807 575 1978 608; x_wconf 73' lang='lat' dir='ltr'>Iohannem</span> 
     </span>
     <span class='ocr_line' id='line_1_8' title="bbox 332 627 2023 673; baseline -0.005 -7"><span class='ocrx_word' id='word_1_44' title='bbox 332 634 619 673; x_wconf 69' lang='lat' dir='ltr'>Rothomaycmem,</span> <span class='ocrx_word' id='word_1_45' title='bbox 650 630 849 662; x_wconf 76' lang='lat' dir='ltr'>Adciardum</span> <span class='ocrx_word' id='word_1_46' title='bbox 874 629 1098 666; x_wconf 80' lang='lat' dir='ltr'>anoncnsein,</span> <span class='ocrx_word' id='word_1_47' title='bbox 1122 628 1331 660; x_wconf 78' lang='lat' dir='ltr'>Frotliariain</span> <span class='ocrx_word' id='word_1_48' title='bbox 1358 628 1592 660; x_wconf 78' lang='lat' dir='ltr'>Bituricensem</span> <span class='ocrx_word' id='word_1_49' title='bbox 1623 627 1887 669; x_wconf 73' lang='lat' dir='ltr'><em>archiepiscopos]</em></span> <span class='ocrx_word' id='word_1_50' title='bbox 1910 637 1980 658; x_wconf 83' lang='lat' dir='ltr'>cnm</span> <span class='ocrx_word' id='word_1_51' title='bbox 2012 639 2023 658; x_wconf 84' lang='lat'><strong>5</strong></span> 
     </span>
     <span class='ocr_line' id='line_1_9' title="bbox 330 678 1982 723; baseline -0.004 -7"><span class='ocrx_word' id='word_1_52' title='bbox 330 685 488 716; x_wconf 78' lang='lat' dir='ltr'>Ludovieo</span> <span class='ocrx_word' id='word_1_53' title='bbox 510 695 578 723; x_wconf 63' lang='lat' dir='ltr'>regie</span> <span class='ocrx_word' id='word_1_54' title='bbox 601 682 735 723; x_wconf 82' lang='lat' dir='ltr'><em>(Balbo)</em></span> <span class='ocrx_word' id='word_1_55' title='bbox 758 682 818 713; x_wconf 71' lang='lat' dir='ltr'>cito</span> <span class='ocrx_word' id='word_1_56' title='bbox 847 681 891 712; x_wconf 85' lang='lat' dir='ltr'>ad</span> <span class='ocrx_word' id='word_1_57' title='bbox 917 691 948 712; x_wconf 90' lang='lat' dir='ltr'>se</span> <span class='ocrx_word' id='word_1_58' title='bbox 970 690 1143 720; x_wconf 84' lang='lat' dir='ltr'>properare</span> <span class='ocrx_word' id='word_1_59' title='bbox 1165 690 1227 720; x_wconf 84' lang='lat' dir='ltr'>pro</span> <span class='ocrx_word' id='word_1_60' title='bbox 1250 680 1407 719; x_wconf 84' lang='lat' dir='ltr'>operando</span> <span class='ocrx_word' id='word_1_61' title='bbox 1429 680 1634 712; x_wconf 78' lang='lat' dir='ltr'>communiter</span> <span class='ocrx_word' id='word_1_62' title='bbox 1656 679 1692 710; x_wconf 87' lang='lat' dir='ltr'>de</span> <span class='ocrx_word' id='word_1_63' title='bbox 1715 679 1812 710; x_wconf 78' lang='lat' dir='ltr'>totins</span> <span class='ocrx_word' id='word_1_64' title='bbox 1838 678 1982 710; x_wconf 79' lang='lat' dir='ltr'>ecclesiae</span> 
     </span>
     <span class='ocr_line' id='line_1_10' title="bbox 331 730 1892 772; baseline -0.004 -5"><span class='ocrx_word' id='word_1_65' title='bbox 331 736 520 768; x_wconf 68' lang='lat' dir='ltr'><em>exaltatione</em></span> <span class='ocrx_word' id='word_1_66' title='bbox 542 735 634 767; x_wconf 73' lang='lat' dir='ltr'>iubet.</span> <span class='ocrx_word' id='word_1_67' title='bbox 1211 731 1377 772; x_wconf 73' lang='lat' dir='ltr'>(Layduni</span> <span class='ocrx_word' id='word_1_68' title='bbox 1385 731 1416 772; x_wconf 76' lang='lat'>?)</span> <span class='ocrx_word' id='word_1_69' title='bbox 1440 732 1502 762; x_wconf 86' lang='grc'>878</span> <span class='ocrx_word' id='word_1_70' title='bbox 1525 731 1624 771; x_wconf 84' lang='lat' dir='ltr'>(Mai.</span> <span class='ocrx_word' id='word_1_71' title='bbox 1641 730 1817 762; x_wconf 61' lang='lat' dir='ltr'>esa—Iun.</span> <span class='ocrx_word' id='word_1_72' title='bbox 1835 730 1892 771; x_wconf 82' lang='lat' dir='ltr'>in.)</span> 
     </span>
    </p>

    <p class='ocr_par' dir='ltr' id='par_1_7' title="bbox 444 794 769 828">
     <span class='ocr_line' id='line_1_11' title="bbox 444 794 769 828; baseline -0.006 -7"><span class='ocrx_word' id='word_1_73' title='bbox 444 794 518 821; x_wconf 65' lang='lat' dir='ltr'>Coa:</span> <span class='ocrx_word' id='word_1_74' title='bbox 545 795 571 821; x_wconf 82' lang='lat' dir='ltr'><em>R</em></span> <span class='ocrx_word' id='word_1_75' title='bbox 589 797 609 828; x_wconf 76' lang='lat' dir='ltr'>f.</span> <span class='ocrx_word' id='word_1_76' title='bbox 622 798 651 821; x_wconf 88' lang='lat'>51</span> <span class='ocrx_word' id='word_1_77' title='bbox 669 802 696 820; x_wconf 89' lang='lat' dir='ltr'>n.</span> <span class='ocrx_word' id='word_1_78' title='bbox 712 796 769 820; x_wconf 84' lang='lat'><strong><em>103.</em></strong></span> 
     </span>
    </p>
   </div>
   <div class='ocr_carea' id='block_1_7' title="bbox 333 841 2028 921">
    <p class='ocr_par' dir='ltr' id='par_1_8' title="bbox 333 841 2028 921">
     <span class='ocr_line' id='line_1_12' title="bbox 434 841 1982 878; baseline -0.003 -6"><span class='ocrx_word' id='word_1_79' title='bbox 434 846 521 873; x_wconf 63' lang='lat' dir='ltr'>Eda:</span> <span class='ocrx_word' id='word_1_80' title='bbox 548 846 641 872; x_wconf 77' lang='lat' dir='ltr'>Editio</span> <span class='ocrx_word' id='word_1_81' title='bbox 656 845 782 872; x_wconf 78' lang='lat' dir='ltr'>Romana</span> <span class='ocrx_word' id='word_1_82' title='bbox 795 845 884 878; x_wconf 84' lang='lat'><strong><em>(1591)</em></strong></span> <span class='ocrx_word' id='word_1_83' title='bbox 904 843 963 876; x_wconf 87' lang='lat' dir='ltr'>III,</span> <span class='ocrx_word' id='word_1_84' title='bbox 984 846 1031 870; x_wconf 87' lang='lat'>513</span> <span class='ocrx_word' id='word_1_85' title='bbox 1049 851 1077 870; x_wconf 90' lang='lat' dir='ltr'>n.</span> <span class='ocrx_word' id='word_1_86' title='bbox 1087 845 1135 869; x_wconf 85' lang='lat'>305</span> <span class='ocrx_word' id='word_1_87' title='bbox 1154 855 1186 865; x_wconf 94' lang='lat'><strong><em>=</em></strong></span> <span class='ocrx_word' id='word_1_88' title='bbox 1207 843 1335 869; x_wconf 81' lang='lat' dir='ltr'>Sirmond</span> <span class='ocrx_word' id='word_1_89' title='bbox 1356 843 1431 869; x_wconf 84' lang='lat' dir='ltr'>Cone.</span> <span class='ocrx_word' id='word_1_90' title='bbox 1445 845 1501 869; x_wconf 60' lang='lat' dir='ltr'>avit.</span> <span class='ocrx_word' id='word_1_91' title='bbox 1514 842 1620 869; x_wconf 81' lang='lat' dir='ltr'>Galliae</span> <span class='ocrx_word' id='word_1_92' title='bbox 1639 842 1695 875; x_wconf 86' lang='lat' dir='ltr'>III,</span> <span class='ocrx_word' id='word_1_93' title='bbox 1714 845 1761 868; x_wconf 88' lang='grc'>519</span> <span class='ocrx_word' id='word_1_94' title='bbox 1778 849 1805 868; x_wconf 91' lang='lat' dir='ltr'>n.</span> <span class='ocrx_word' id='word_1_95' title='bbox 1818 845 1856 868; x_wconf 84' lang='lat'>76.</span> <span class='ocrx_word' id='word_1_96' title='bbox 1890 841 1982 868; x_wconf 87' lang='lat' dir='ltr'>Mansi</span> 
     </span>
     <span class='ocr_line' id='line_1_13' title="bbox 333 884 2028 921; baseline -0.004 -4"><span class='ocrx_word' id='word_1_97' title='bbox 333 892 410 917; x_wconf 82' lang='lat' dir='ltr'>Cone.</span> <span class='ocrx_word' id='word_1_98' title='bbox 424 890 479 916; x_wconf 85' lang='lat' dir='ltr'>coll.</span> <span class='ocrx_word' id='word_1_99' title='bbox 497 889 595 921; x_wconf 86' lang='lat' dir='ltr'>XVII,</span> <span class='ocrx_word' id='word_1_100' title='bbox 614 892 663 915; x_wconf 76' lang='grc'>223</span> <span class='ocrx_word' id='word_1_101' title='bbox 682 896 708 914; x_wconf 85' lang='lat' dir='ltr'>n.</span> <span class='ocrx_word' id='word_1_102' title='bbox 720 891 774 915; x_wconf 85' lang='lat'><strong><em>305.</em></strong></span> <span class='ocrx_word' id='word_1_103' title='bbox 813 887 907 921; x_wconf 69' lang='lat' dir='ltr'>Miyne</span> <span class='ocrx_word' id='word_1_104' title='bbox 926 886 1001 913; x_wconf 74' lang='lat' dir='ltr'>Patr.</span> <span class='ocrx_word' id='word_1_105' title='bbox 1015 887 1060 912; x_wconf 81' lang='lat' dir='ltr'>lat.</span> <span class='ocrx_word' id='word_1_106' title='bbox 1077 886 1162 912; x_wconf 83' lang='lat' dir='ltr'>CXX</span> <span class='ocrx_word' id='word_1_107' title='bbox 1168 885 1214 919; x_wconf 85' lang='lat' dir='ltr'>VI,</span> <span class='ocrx_word' id='word_1_108' title='bbox 1235 889 1281 912; x_wconf 85' lang='lat'>781</span> <span class='ocrx_word' id='word_1_109' title='bbox 1298 894 1325 912; x_wconf 93' lang='lat' dir='ltr'>n.</span> <span class='ocrx_word' id='word_1_110' title='bbox 1339 889 1395 912; x_wconf 87' lang='lat'><strong><em>130.</em></strong></span> <span class='ocrx_word' id='word_1_111' title='bbox 1410 901 1447 905; x_wconf 94' lang='lat'>-—</span> <span class='ocrx_word' id='word_1_112' title='bbox 1467 886 1544 917; x_wconf 79' lang='lat' dir='ltr'>Jaffe&#39;</span> <span class='ocrx_word' id='word_1_113' title='bbox 1564 885 1630 919; x_wconf 70' lang='lat' dir='ltr'>Rey.</span> <span class='ocrx_word' id='word_1_114' title='bbox 1643 889 1704 912; x_wconf 85' lang='lat'><strong><em>3156</em></strong></span> <span class='ocrx_word' id='word_1_115' title='bbox 1722 884 1820 917; x_wconf 78' lang='lat'>(2379).</span> <span class='ocrx_word' id='word_1_116' title='bbox 2003 891 2028 910; x_wconf 82' lang='grc' dir='ltr'>ιο</span> 
     </span>
    </p>
   </div>
   <div class='ocr_carea' id='block_1_8' title="bbox 360 970 1953 1005">
    <p class='ocr_par' dir='ltr' id='par_1_9' title="bbox 360 970 1953 1005">
     <span class='ocr_line' id='line_1_14' title="bbox 360 970 1953 1005; baseline -0.004 -3"><span class='ocrx_word' id='word_1_117' title='bbox 360 978 494 1002; x_wconf 86' lang='lat' dir='ltr'>IIUGONI</span> <span class='ocrx_word' id='word_1_118' title='bbox 516 976 683 1004; x_wconf 74' lang='lat' dir='ltr'>STRENUO.</span> <span class='ocrx_word' id='word_1_119' title='bbox 704 975 832 1005; x_wconf 88' lang='lat' dir='ltr'>NOBILI,</span> <span class='ocrx_word' id='word_1_120' title='bbox 851 974 978 999; x_wconf 78' lang='lat' dir='ltr'>REGALI</span> <span class='ocrx_word' id='word_1_121' title='bbox 1001 973 1187 998; x_wconf 71' lang='lat' dir='ltr'>PROSAPIAa</span> <span class='ocrx_word' id='word_1_122' title='bbox 1206 972 1310 997; x_wconf 81' lang='lat' dir='ltr'>EDITO</span> <span class='ocrx_word' id='word_1_123' title='bbox 1328 972 1444 1003; x_wconf 79' lang='lat' dir='ltr'><strong>ATQUE</strong></span> <span class='ocrx_word' id='word_1_124' title='bbox 1467 972 1783 996; x_wconf 83' lang='lat' dir='ltr'>EXCELLENTISSIMO</span> <span class='ocrx_word' id='word_1_125' title='bbox 1801 971 1928 996; x_wconf 84' lang='lat' dir='ltr'>ABBATI</span> <span class='ocrx_word' id='word_1_126' title='bbox 1936 970 1953 995; x_wconf 70' lang='lat'>¹².</span> 
     </span>
    </p>
   </div>
   <div class='ocr_carea' id='block_1_9' title="bbox 334 1028 2030 1528">
    <p class='ocr_par' dir='ltr' id='par_1_10' title="bbox 334 1028 2029 1432">
     <span class='ocr_line' id='line_1_15' title="bbox 441 1028 1984 1071; baseline -0.003 -9"><span class='ocrx_word' id='word_1_127' title='bbox 441 1031 568 1068; x_wconf 82' lang='lat' dir='ltr'>Quanto</span> <span class='ocrx_word' id='word_1_128' title='bbox 592 1041 662 1071; x_wconf 81' lang='lat' dir='ltr'>VOS,</span> <span class='ocrx_word' id='word_1_129' title='bbox 692 1030 859 1062; x_wconf 77' lang='lat' dir='ltr'>karissime</span> <span class='ocrx_word' id='word_1_130' title='bbox 887 1030 947 1070; x_wconf 81' lang='lat' dir='ltr'>fili,</span> <span class='ocrx_word' id='word_1_131' title='bbox 979 1040 1089 1061; x_wconf 85' lang='lat' dir='ltr'>amore</span> <span class='ocrx_word' id='word_1_132' title='bbox 1118 1029 1280 1071; x_wconf 85' lang='lat' dir='ltr'>diligimus</span> <span class='ocrx_word' id='word_1_133' title='bbox 1309 1028 1519 1060; x_wconf 82' lang='lat' dir='ltr'>celeberrima</span> <span class='ocrx_word' id='word_1_134' title='bbox 1546 1028 1632 1059; x_wconf 85' lang='lat' dir='ltr'>fama</span> <span class='ocrx_word' id='word_1_135' title='bbox 1655 1029 1750 1059; x_wconf 83' lang='lat' dir='ltr'>vestri</span> <span class='ocrx_word' id='word_1_136' title='bbox 1779 1028 1853 1059; x_wconf 91' lang='lat' dir='ltr'>boni</span> <span class='ocrx_word' id='word_1_137' title='bbox 1878 1028 1984 1069; x_wconf 87' lang='lat' dir='ltr'>operis</span> 
     </span>
     <span class='ocr_line' id='line_1_16' title="bbox 334 1079 1983 1124; baseline -0.004 -9"><span class='ocrx_word' id='word_1_138' title='bbox 334 1085 581 1124; x_wconf 82' lang='lat' dir='ltr'>circumquaque</span> <span class='ocrx_word' id='word_1_139' title='bbox 612 1082 753 1122; x_wconf 77' lang='lat' dir='ltr'>accensi,</span> <span class='ocrx_word' id='word_1_140' title='bbox 785 1082 948 1123; x_wconf 85' lang='lat' dir='ltr'>explicare</span> <span class='ocrx_word' id='word_1_141' title='bbox 980 1081 1086 1113; x_wconf 82' lang='lat' dir='ltr'>verbis</span> <span class='ocrx_word' id='word_1_142' title='bbox 1116 1080 1297 1112; x_wconf 88' lang='lat' dir='ltr'>nullatenus</span> <span class='ocrx_word' id='word_1_143' title='bbox 1327 1090 1504 1121; x_wconf 69' lang='lat' dir='ltr'>possumus</span> <span class='ocrx_word' id='word_1_144' title='bbox 1558 1079 1778 1120; x_wconf 75' lang='lat' dir='ltr'>Quapropter,</span> <span class='ocrx_word' id='word_1_145' title='bbox 1812 1082 1847 1110; x_wconf 87' lang='lat' dir='ltr'>ut</span> <span class='ocrx_word' id='word_1_146' title='bbox 1876 1081 1983 1110; x_wconf 85' lang='lat' dir='ltr'>nostro</span> 
     </span>
     <span class='ocr_line' id='line_1_17' title="bbox 334 1130 1985 1175; baseline -0.004 -8"><span class='ocrx_word' id='word_1_147' title='bbox 334 1135 493 1167; x_wconf 88' lang='lat' dir='ltr'>desiderio</span> <span class='ocrx_word' id='word_1_148' title='bbox 518 1133 677 1175; x_wconf 64' lang='lat' dir='ltr'>presentie</span> <span class='ocrx_word' id='word_1_149' title='bbox 703 1136 806 1174; x_wconf 73' lang='lat' dir='ltr'>vestre</span> <span class='ocrx_word' id='word_1_150' title='bbox 833 1134 997 1174; x_wconf 85' lang='lat' dir='ltr'>capiamus</span> <span class='ocrx_word' id='word_1_151' title='bbox 1021 1132 1187 1173; x_wconf 86' lang='lat' dir='ltr'>effectum,</span> <span class='ocrx_word' id='word_1_152' title='bbox 1213 1134 1338 1163; x_wconf 84' lang='lat' dir='ltr'>mature</span> <span class='ocrx_word' id='word_1_153' title='bbox 1362 1131 1521 1172; x_wconf 81' lang='lat' dir='ltr'>volumus,</span> <span class='ocrx_word' id='word_1_154' title='bbox 1551 1131 1721 1162; x_wconf 83' lang='lat' dir='ltr'>hortemini</span> <span class='ocrx_word' id='word_1_155' title='bbox 1744 1130 1985 1161; x_wconf 89' lang='lat' dir='ltr'>Hludouuicum</span> 
     </span>
     <span class='ocr_line' id='line_1_18' title="bbox 334 1181 2029 1228; baseline -0.004 -10"><span class='ocrx_word' id='word_1_156' title='bbox 334 1197 445 1228; x_wconf 85' lang='lat' dir='ltr'>regem</span> <span class='ocrx_word' id='word_1_157' title='bbox 478 1186 576 1216; x_wconf 88' lang='lat' dir='ltr'>filium</span> <span class='ocrx_word' id='word_1_158' title='bbox 609 1188 751 1215; x_wconf 88' lang='lat' dir='ltr'>nostrum</span> <span class='ocrx_word' id='word_1_159' title='bbox 785 1194 906 1226; x_wconf 88' lang='lat' dir='ltr'>vosque</span> <span class='ocrx_word' id='word_1_160' title='bbox 937 1194 1008 1215; x_wconf 89' lang='lat' dir='ltr'>eum</span> <span class='ocrx_word' id='word_1_161' title='bbox 1045 1193 1084 1215; x_wconf 91' lang='lat' dir='ltr'>eo</span> <span class='ocrx_word' id='word_1_162' title='bbox 1119 1183 1160 1214; x_wconf 86' lang='lat' dir='ltr'>ad</span> <span class='ocrx_word' id='word_1_163' title='bbox 1189 1194 1247 1215; x_wconf 92' lang='lat' dir='ltr'>nos</span> <span class='ocrx_word' id='word_1_164' title='bbox 1281 1183 1405 1214; x_wconf 83' lang='lat' dir='ltr'>concite</span> <span class='ocrx_word' id='word_1_165' title='bbox 1436 1182 1640 1223; x_wconf 77' lang='lat' dir='ltr'>properare3,</span> <span class='ocrx_word' id='word_1_166' title='bbox 1676 1182 1825 1223; x_wconf 85' lang='lat' dir='ltr'>quatinus</span> <span class='ocrx_word' id='word_1_167' title='bbox 1858 1181 1984 1213; x_wconf 79' lang='lat' dir='ltr'>Christo</span> <span class='ocrx_word' id='word_1_168' title='bbox 2005 1191 2029 1210; x_wconf 74' lang='lat'>15</span> 
     </span>
     <span class='ocr_line' id='line_1_19' title="bbox 335 1233 1986 1279; baseline -0.003 -10"><span class='ocrx_word' id='word_1_169' title='bbox 335 1240 530 1279; x_wconf 82' lang='lat' dir='ltr'>cooperante</span> <span class='ocrx_word' id='word_1_170' title='bbox 560 1236 790 1268; x_wconf 83' lang='lat' dir='ltr'>exaltationem</span> <span class='ocrx_word' id='word_1_171' title='bbox 821 1236 919 1266; x_wconf 88' lang='lat' dir='ltr'>totius</span> <span class='ocrx_word' id='word_1_172' title='bbox 950 1235 1198 1267; x_wconf 85' lang='lat' dir='ltr'>Christianitatis</span> <span class='ocrx_word' id='word_1_173' title='bbox 1228 1235 1439 1266; x_wconf 89' lang='lat' dir='ltr'>communiter</span> <span class='ocrx_word' id='word_1_174' title='bbox 1468 1243 1649 1275; x_wconf 87' lang='lat' dir='ltr'>operemur.</span> <span class='ocrx_word' id='word_1_175' title='bbox 1695 1233 1747 1265; x_wconf 84' lang='lat' dir='ltr'>Sic</span> <span class='ocrx_word' id='word_1_176' title='bbox 1777 1236 1854 1274; x_wconf 87' lang='lat' dir='ltr'>agat</span> <span class='ocrx_word' id='word_1_177' title='bbox 1879 1236 1986 1264; x_wconf 82' lang='lat' dir='ltr'>vestra</span> 
     </span>
     <span class='ocr_line' id='line_1_20' title="bbox 336 1284 1985 1328; baseline -0.003 -8"><span class='ocrx_word' id='word_1_178' title='bbox 336 1289 479 1328; x_wconf 89' lang='lat' dir='ltr'>dilectio,</span> <span class='ocrx_word' id='word_1_179' title='bbox 508 1291 544 1318; x_wconf 86' lang='lat' dir='ltr'>ut</span> <span class='ocrx_word' id='word_1_180' title='bbox 573 1288 749 1326; x_wconf 85' lang='lat' dir='ltr'>tristitiam,</span> <span class='ocrx_word' id='word_1_181' title='bbox 779 1297 874 1328; x_wconf 86' lang='lat' dir='ltr'>quam</span> <span class='ocrx_word' id='word_1_182' title='bbox 904 1288 1010 1318; x_wconf 89' lang='lat' dir='ltr'>animo</span> <span class='ocrx_word' id='word_1_183' title='bbox 1040 1287 1080 1318; x_wconf 86' lang='lat' dir='ltr'>de</span> <span class='ocrx_word' id='word_1_184' title='bbox 1104 1290 1210 1318; x_wconf 82' lang='lat' dir='ltr'>vestra</span> <span class='ocrx_word' id='word_1_185' title='bbox 1240 1286 1385 1317; x_wconf 83' lang='lat' dir='ltr'>absentia</span> <span class='ocrx_word' id='word_1_186' title='bbox 1413 1296 1515 1327; x_wconf 87' lang='lat' dir='ltr'>nuper</span> <span class='ocrx_word' id='word_1_187' title='bbox 1537 1285 1661 1326; x_wconf 75' lang='lat' dir='ltr'>Papia4</span> <span class='ocrx_word' id='word_1_188' title='bbox 1691 1285 1854 1325; x_wconf 82' lang='lat' dir='ltr'>intulistis,</span> <span class='ocrx_word' id='word_1_189' title='bbox 1885 1284 1985 1316; x_wconf 87' lang='lat' dir='ltr'>lenire</span> 
     </span>
     <span class='ocr_line' id='line_1_21' title="bbox 336 1336 1985 1379; baseline -0.002 -8"><span class='ocrx_word' id='word_1_190' title='bbox 336 1340 592 1372; x_wconf 80' lang='lat' dir='ltr'>moderatissime</span> <span class='ocrx_word' id='word_1_191' title='bbox 616 1339 758 1370; x_wconf 77' lang='lat' dir='ltr'>valeatis.</span> <span class='ocrx_word' id='word_1_192' title='bbox 805 1339 892 1370; x_wconf 87' lang='lat' dir='ltr'>Inter</span> <span class='ocrx_word' id='word_1_193' title='bbox 922 1339 981 1379; x_wconf 64' lang='lat' dir='ltr'>hec</span> <span class='ocrx_word' id='word_1_194' title='bbox 1009 1338 1050 1370; x_wconf 86' lang='lat' dir='ltr'>ab</span> <span class='ocrx_word' id='word_1_195' title='bbox 1079 1339 1165 1369; x_wconf 88' lang='lat' dir='ltr'>omni</span> <span class='ocrx_word' id='word_1_196' title='bbox 1193 1341 1224 1369; x_wconf 87' lang='lat' dir='ltr'>te</span> <span class='ocrx_word' id='word_1_197' title='bbox 1249 1338 1407 1369; x_wconf 89' lang='lat' dir='ltr'>consortio</span> <span class='ocrx_word' id='word_1_198' title='bbox 1431 1337 1597 1368; x_wconf 78' lang='lat' dir='ltr'>Forn10si⁵</span> <span class='ocrx_word' id='word_1_199' title='bbox 1622 1336 1903 1368; x_wconf 83' lang='lat' dir='ltr'>anathematizatib</span> <span class='ocrx_word' id='word_1_200' title='bbox 1927 1346 1985 1377; x_wconf 89' lang='lat' dir='ltr'>op-</span> 
     </span>
     <span class='ocr_line' id='line_1_22' title="bbox 336 1390 901 1432; baseline -0.004 -9"><span class='ocrx_word' id='word_1_201' title='bbox 336 1395 449 1432; x_wconf 83' lang='lat' dir='ltr'>tamus,</span> <span class='ocrx_word' id='word_1_202' title='bbox 474 1391 518 1422; x_wconf 84' lang='lat' dir='ltr'>fili</span> <span class='ocrx_word' id='word_1_203' title='bbox 538 1390 716 1425; x_wconf 81' lang='lat' dir='ltr'>karissime,</span> <span class='ocrx_word' id='word_1_204' title='bbox 740 1400 901 1431; x_wconf 85' lang='lat' dir='ltr'>separare.</span> 
     </span>
    </p>

    <p class='ocr_par' dir='ltr' id='par_1_11' title="bbox 444 1439 2030 1483">
     <span class='ocr_line' id='line_1_23' title="bbox 444 1439 2030 1483; baseline -0.002 -10"><span class='ocrx_word' id='word_1_205' title='bbox 444 1442 612 1473; x_wconf 75' lang='lat' dir='ltr'>Iohannise</span> <span class='ocrx_word' id='word_1_206' title='bbox 629 1441 882 1483; x_wconf 79' lang='lat' dir='ltr'>archiepiscopi‘l</span> <span class='ocrx_word' id='word_1_207' title='bbox 899 1441 1101 1472; x_wconf 84' lang='lat' dir='ltr'>Rodonensis</span> <span class='ocrx_word' id='word_1_208' title='bbox 1110 1441 1131 1481; x_wconf 73' lang='lat'>⁰,</span> <span class='ocrx_word' id='word_1_209' title='bbox 1152 1440 1331 1472; x_wconf 85' lang='lat' dir='ltr'>Adelaldus</span> <span class='ocrx_word' id='word_1_210' title='bbox 1348 1440 1540 1472; x_wconf 86' lang='lat' dir='ltr'>Toronensis</span> <span class='ocrx_word' id='word_1_211' title='bbox 1549 1440 1571 1480; x_wconf 80' lang='lat'>7,</span> <span class='ocrx_word' id='word_1_212' title='bbox 1595 1440 1721 1472; x_wconf 88' lang='lat' dir='ltr'>Froteri</span> <span class='ocrx_word' id='word_1_213' title='bbox 1744 1439 1984 1471; x_wconf 50' lang='lat' dir='ltr'>Beduriensiffl.</span> <span class='ocrx_word' id='word_1_214' title='bbox 2005 1450 2030 1470; x_wconf 84' lang='lat'>20</span> 
     </span>
    </p>

    <p class='ocr_par' dir='ltr' id='par_1_12' title="bbox 440 1502 733 1528">
     <span class='ocr_line' id='line_1_24' title="bbox 440 1502 733 1528; baseline -0.003 -1"><span class='ocrx_word' id='word_1_215' title='bbox 440 1504 534 1528; x_wconf 78' lang='lat' dir='ltr'>DATA</span> <span class='ocrx_word' id='word_1_216' title='bbox 553 1503 598 1527; x_wconf 91' lang='lat' dir='ltr'>UT</span> <span class='ocrx_word' id='word_1_217' title='bbox 617 1502 733 1527; x_wconf 75' lang='lat' dir='ltr'><strong><em>SUPRA.</em></strong></span> 
     </span>
    </p>
   </div>
   <div class='ocr_carea' id='block_1_10' title="bbox 1059 1540 1264 1544">
    <p class='ocr_par' dir='ltr' id='par_1_13' title="bbox 1059 1540 1264 1544">
     <span class='ocr_line' id='line_1_25' title="bbox 1059 1540 1264 1544; baseline 0 0"><span class='ocrx_word' id='word_1_218' title='bbox 1059 1540 1264 1544; x_wconf 95' lang='lat' dir='ltr'> </span> 
     </span>
    </p>
   </div>
   <div class='ocr_carea' id='block_1_11' title="bbox 340 1627 1987 1776">
    <p class='ocr_par' dir='ltr' id='par_1_14' title="bbox 340 1627 1987 1776">
     <span class='ocr_line' id='line_1_26' title="bbox 1132 1627 1200 1657; baseline 0 -2"><span class='ocrx_word' id='word_1_219' title='bbox 1132 1627 1200 1657; x_wconf 75' lang='lat'>100.</span> 
     </span>
     <span class='ocr_line' id='line_1_27' title="bbox 447 1683 1987 1725; baseline -0.001 -9"><span class='ocrx_word' id='word_1_220' title='bbox 447 1685 604 1716; x_wconf 69' lang='lat' dir='ltr'>Iohannes</span> <span class='ocrx_word' id='word_1_221' title='bbox 625 1684 721 1716; x_wconf 89' lang='lat' dir='ltr'>VIII.</span> <span class='ocrx_word' id='word_1_222' title='bbox 734 1695 822 1725; x_wconf 84' lang='lat' dir='ltr'>papa</span> <span class='ocrx_word' id='word_1_223' title='bbox 833 1684 1039 1725; x_wconf 73' lang='lat' dir='ltr'>Anyilberyae</span> <span class='ocrx_word' id='word_1_224' title='bbox 1059 1684 1255 1724; x_wconf 73' lang='lat' dir='ltr'>imperatrici</span> <span class='ocrx_word' id='word_1_225' title='bbox 1275 1684 1399 1724; x_wconf 70' lang='lat' dir='ltr'>gyratias</span> <span class='ocrx_word' id='word_1_226' title='bbox 1422 1684 1488 1724; x_wconf 59' lang='lat' dir='ltr'>aguit</span> <span class='ocrx_word' id='word_1_227' title='bbox 1510 1684 1546 1716; x_wconf 83' lang='lat' dir='ltr'>de</span> <span class='ocrx_word' id='word_1_228' title='bbox 1568 1683 1779 1715; x_wconf 76' lang='lat' dir='ltr'>sollicitudine</span> <span class='ocrx_word' id='word_1_229' title='bbox 1801 1694 1874 1724; x_wconf 70' lang='lat' dir='ltr'>crya</span> <span class='ocrx_word' id='word_1_230' title='bbox 1897 1683 1987 1714; x_wconf 74' lang='lat' dir='ltr'>cccic-</span> 
     </span>
     <span class='ocr_line' id='line_1_28' title="bbox 340 1735 1900 1776; baseline -0.001 -8"><span class='ocrx_word' id='word_1_231' title='bbox 340 1737 430 1775; x_wconf 82' lang='lat' dir='ltr'>siam,</span> <span class='ocrx_word' id='word_1_232' title='bbox 454 1736 583 1768; x_wconf 78' lang='lat' dir='ltr'>Petrum</span> <span class='ocrx_word' id='word_1_233' title='bbox 602 1737 818 1776; x_wconf 71' lang='lat' dir='ltr'>presbyterum</span> <span class='ocrx_word' id='word_1_234' title='bbox 841 1736 1036 1768; x_wconf 73' lang='lat' dir='ltr'>cardinalem</span> <span class='ocrx_word' id='word_1_235' title='bbox 1059 1736 1262 1768; x_wconf 71' lang='lat' dir='ltr'>commendat.</span> <span class='ocrx_word' id='word_1_236' title='bbox 1454 1736 1608 1776; x_wconf 72' lang='lat' dir='ltr'>(laniate)</span> <span class='ocrx_word' id='word_1_237' title='bbox 1632 1736 1695 1766; x_wconf 79' lang='lat'>878</span> <span class='ocrx_word' id='word_1_238' title='bbox 1718 1735 1816 1775; x_wconf 70' lang='lat' dir='ltr'>(Mai.</span> <span class='ocrx_word' id='word_1_239' title='bbox 1840 1736 1900 1775; x_wconf 85' lang='lat' dir='ltr'>in.)</span> 
     </span>
    </p>
   </div>
   <div class='ocr_carea' id='block_1_12' title="bbox 453 1804 793 1838">
    <p class='ocr_par' dir='ltr' id='par_1_15' title="bbox 453 1804 793 1838">
     <span class='ocr_line' id='line_1_29' title="bbox 453 1804 793 1838; baseline -0.003 -7"><span class='ocrx_word' id='word_1_240' title='bbox 453 1804 528 1831; x_wconf 67' lang='lat' dir='ltr'>Corb:</span> <span class='ocrx_word' id='word_1_241' title='bbox 556 1804 583 1831; x_wconf 81' lang='lat' dir='ltr'><strong><em>R</em></strong></span> <span class='ocrx_word' id='word_1_242' title='bbox 600 1806 621 1838; x_wconf 84' lang='lat' dir='ltr'>f.</span> <span class='ocrx_word' id='word_1_243' title='bbox 634 1806 677 1831; x_wconf 83' lang='lat'>51¹</span> <span class='ocrx_word' id='word_1_244' title='bbox 696 1808 793 1831; x_wconf 75' lang='lat' dir='ltr'>n.104.</span> 
     </span>
    </p>
   </div>
   <div class='ocr_carea' id='block_1_13' title="bbox 341 1854 2030 1932">
    <p class='ocr_par' dir='ltr' id='par_1_16' title="bbox 341 1854 2030 1932">
     <span class='ocr_line' id='line_1_30' title="bbox 441 1854 2030 1889; baseline -0.001 -7"><span class='ocrx_word' id='word_1_245' title='bbox 441 1856 529 1883; x_wconf 64' lang='lat' dir='ltr'>Eua:</span> <span class='ocrx_word' id='word_1_246' title='bbox 557 1856 650 1882; x_wconf 75' lang='lat' dir='ltr'>Editio</span> <span class='ocrx_word' id='word_1_247' title='bbox 666 1856 791 1882; x_wconf 80' lang='lat' dir='ltr'>Romana</span> <span class='ocrx_word' id='word_1_248' title='bbox 808 1855 895 1888; x_wconf 76' lang='lat'><strong><em>(1591)</em></strong></span> <span class='ocrx_word' id='word_1_249' title='bbox 915 1855 973 1886; x_wconf 76' lang='lat' dir='ltr'>III,</span> <span class='ocrx_word' id='word_1_250' title='bbox 994 1859 1042 1882; x_wconf 81' lang='grc'>359</span> <span class='ocrx_word' id='word_1_251' title='bbox 1060 1864 1086 1881; x_wconf 89' lang='lat' dir='ltr'>n.</span> <span class='ocrx_word' id='word_1_252' title='bbox 1099 1858 1139 1882; x_wconf 78' lang='grc'>83.</span> <span class='ocrx_word' id='word_1_253' title='bbox 1176 1855 1271 1881; x_wconf 73' lang='lat' dir='ltr'>Man-si</span> <span class='ocrx_word' id='word_1_254' title='bbox 1291 1854 1368 1882; x_wconf 81' lang='lat' dir='ltr'>Cone.</span> <span class='ocrx_word' id='word_1_255' title='bbox 1384 1855 1441 1882; x_wconf 80' lang='lat' dir='ltr'>coll.</span> <span class='ocrx_word' id='word_1_256' title='bbox 1457 1855 1554 1887; x_wconf 71' lang='lat' dir='ltr'>XVII,</span> <span class='ocrx_word' id='word_1_257' title='bbox 1575 1859 1601 1881; x_wconf 92' lang='lat'>71</span> <span class='ocrx_word' id='word_1_258' title='bbox 1619 1863 1647 1881; x_wconf 80' lang='lat' dir='ltr'>n.</span> <span class='ocrx_word' id='word_1_259' title='bbox 1659 1858 1699 1881; x_wconf 84' lang='grc'>83.</span> <span class='ocrx_word' id='word_1_260' title='bbox 1736 1855 1831 1889; x_wconf 74' lang='lat' dir='ltr'>Miqne</span> <span class='ocrx_word' id='word_1_261' title='bbox 1850 1855 1926 1881; x_wconf 72' lang='lat' dir='ltr'>Patr.</span> <span class='ocrx_word' id='word_1_262' title='bbox 1940 1856 1986 1882; x_wconf 76' lang='lat' dir='ltr'>lat.</span> <span class='ocrx_word' id='word_1_263' title='bbox 2007 1863 2030 1882; x_wconf 71' lang='lat'>25</span> 
     </span>
     <span class='ocr_line' id='line_1_31' title="bbox 341 1898 1082 1932; baseline -0.001 -6"><span class='ocrx_word' id='word_1_264' title='bbox 341 1899 475 1931; x_wconf 83' lang='lat' dir='ltr'>CXXVI,</span> <span class='ocrx_word' id='word_1_265' title='bbox 496 1902 541 1925; x_wconf 81' lang='grc'>772</span> <span class='ocrx_word' id='word_1_266' title='bbox 559 1907 585 1925; x_wconf 86' lang='lat' dir='ltr'>n.</span> <span class='ocrx_word' id='word_1_267' title='bbox 600 1903 653 1925; x_wconf 79' lang='grc'><em>119.</em></span> <span class='ocrx_word' id='word_1_268' title='bbox 673 1913 705 1917; x_wconf 94' lang='grc'>--</span> <span class='ocrx_word' id='word_1_269' title='bbox 725 1898 802 1929; x_wconf 74' lang='lat' dir='ltr'>Jaffe&#39;</span> <span class='ocrx_word' id='word_1_270' title='bbox 821 1898 886 1932; x_wconf 72' lang='lat' dir='ltr'>Rey.</span> <span class='ocrx_word' id='word_1_271' title='bbox 900 1901 964 1924; x_wconf 73' lang='lat'><strong><em>3141</em></strong></span> <span class='ocrx_word' id='word_1_272' title='bbox 984 1898 1082 1931; x_wconf 76' lang='grc'><em>(2368).</em></span> 
     </span>
    </p>
   </div>
   <div class='ocr_carea' id='block_1_14' title="bbox 443 1953 1878 1962">
    <p class='ocr_par' dir='ltr' id='par_1_17' title="bbox 443 1953 1878 1962">
     <span class='ocr_line' id='line_1_32' title="bbox 443 1953 1878 1962; baseline 0 0"><span class='ocrx_word' id='word_1_273' title='bbox 443 1953 1878 1962; x_wconf 95' lang='lat' dir='ltr'> </span> 
     </span>
    </p>
   </div>
   <div class='ocr_carea' id='block_1_15' title="bbox 441 1992 1385 2026">
    <p class='ocr_par' dir='ltr' id='par_1_18' title="bbox 441 1992 1385 2026">
     <span class='ocr_line' id='line_1_33' title="bbox 441 1992 1385 2026; baseline 0 -7"><span class='ocrx_word' id='word_1_274' title='bbox 441 1994 464 2026; x_wconf 76' lang='lat'>³)</span> <span class='ocrx_word' id='word_1_275' title='bbox 483 1995 515 2020; x_wconf 87' lang='lat' dir='ltr'>sit</span> <span class='ocrx_word' id='word_1_276' title='bbox 533 1999 593 2026; x_wconf 72' lang='lat' dir='ltr'>post</span> <span class='ocrx_word' id='word_1_277' title='bbox 617 1995 712 2019; x_wconf 82' lang='lat' dir='ltr'>habere</span> <span class='ocrx_word' id='word_1_278' title='bbox 731 1994 780 2019; x_wconf 83' lang='lat' dir='ltr'>del.</span> <span class='ocrx_word' id='word_1_279' title='bbox 800 1994 835 2018; x_wconf 81' lang='lat' dir='ltr'>al.</span> <span class='ocrx_word' id='word_1_280' title='bbox 854 2002 922 2018; x_wconf 84' lang='lat' dir='ltr'>man.</span> <span class='ocrx_word' id='word_1_281' title='bbox 942 1994 973 2019; x_wconf 80' lang='lat' dir='ltr'>R.</span> <span class='ocrx_word' id='word_1_282' title='bbox 1062 1992 1087 2026; x_wconf 74' lang='lat'>¹³)</span> <span class='ocrx_word' id='word_1_283' title='bbox 1107 2002 1172 2019; x_wconf 75' lang='lat' dir='ltr'>corr.</span> <span class='ocrx_word' id='word_1_284' title='bbox 1186 2002 1216 2019; x_wconf 67' lang='grc' dir='ltr'>επ</span> <span class='ocrx_word' id='word_1_285' title='bbox 1234 1994 1335 2019; x_wconf 81' lang='lat' dir='ltr'>studeat</span> <span class='ocrx_word' id='word_1_286' title='bbox 1353 1993 1385 2019; x_wconf 80' lang='lat' dir='ltr'>R.</span> 
     </span>
    </p>
   </div>
   <div class='ocr_carea' id='block_1_16' title="bbox 340 2048 2033 2211">
    <p class='ocr_par' dir='ltr' id='par_1_19' title="bbox 340 2048 2033 2211">
     <span class='ocr_line' id='line_1_34' title="bbox 443 2048 1989 2082; baseline 0 -8"><span class='ocrx_word' id='word_1_287' title='bbox 443 2048 500 2076; x_wconf 85' lang='lat'>105.</span> <span class='ocrx_word' id='word_1_288' title='bbox 529 2050 553 2081; x_wconf 75' lang='lat'>⁸)</span> <span class='ocrx_word' id='word_1_289' title='bbox 573 2057 755 2081; x_wconf 71' lang='lat' dir='ltr'>PROSAMNIAE,</span> <span class='ocrx_word' id='word_1_290' title='bbox 775 2056 856 2074; x_wconf 74' lang='lat' dir='ltr'><strong>-MAE</strong></span> <span class='ocrx_word' id='word_1_291' title='bbox 874 2049 923 2074; x_wconf 82' lang='lat' dir='ltr'>del.</span> <span class='ocrx_word' id='word_1_292' title='bbox 936 2049 972 2074; x_wconf 85' lang='lat' dir='ltr'>al.</span> <span class='ocrx_word' id='word_1_293' title='bbox 986 2058 1054 2074; x_wconf 85' lang='lat' dir='ltr'>man.</span> <span class='ocrx_word' id='word_1_294' title='bbox 1074 2053 1096 2074; x_wconf 80' lang='lat' dir='ltr'>et</span> <span class='ocrx_word' id='word_1_295' title='bbox 1114 2049 1188 2082; x_wconf 75' lang='lat' dir='ltr'>niqro</span> <span class='ocrx_word' id='word_1_296' title='bbox 1208 2053 1351 2074; x_wconf 74' lang='lat' dir='ltr'>atramento</span> <span class='ocrx_word' id='word_1_297' title='bbox 1369 2057 1495 2081; x_wconf 80' lang='lat' dir='ltr'>superscr.</span> <span class='ocrx_word' id='word_1_298' title='bbox 1508 2056 1567 2074; x_wconf 77' lang='lat' dir='ltr'>-PxA</span> <span class='ocrx_word' id='word_1_299' title='bbox 1586 2049 1618 2074; x_wconf 80' lang='lat' dir='ltr'>R.</span> <span class='ocrx_word' id='word_1_300' title='bbox 1701 2048 1724 2081; x_wconf 78' lang='lat' dir='ltr'>b)</span> <span class='ocrx_word' id='word_1_301' title='bbox 1743 2058 1755 2074; x_wconf 89' lang='lat' dir='ltr'>s</span> <span class='ocrx_word' id='word_1_302' title='bbox 1774 2049 1801 2073; x_wconf 78' lang='lat' dir='ltr'>in</span> <span class='ocrx_word' id='word_1_303' title='bbox 1813 2050 1868 2082; x_wconf 83' lang='lat' dir='ltr'>fine</span> <span class='ocrx_word' id='word_1_304' title='bbox 1887 2049 1936 2074; x_wconf 81' lang='lat' dir='ltr'>del.</span> <span class='ocrx_word' id='word_1_305' title='bbox 1956 2049 1989 2074; x_wconf 81' lang='lat' dir='ltr'>R.</span> 
     </span>
     <span class='ocr_line' id='line_1_35' title="bbox 341 2092 1989 2125; baseline -0.001 -7"><span class='ocrx_word' id='word_1_306' title='bbox 341 2093 364 2125; x_wconf 79' lang='lat' dir='ltr'>c)</span> <span class='ocrx_word' id='word_1_307' title='bbox 383 2094 433 2118; x_wconf 67' lang='lat' dir='ltr'>cria</span> <span class='ocrx_word' id='word_1_308' title='bbox 453 2093 514 2118; x_wconf 78' lang='lat' dir='ltr'>haec</span> <span class='ocrx_word' id='word_1_309' title='bbox 533 2093 784 2125; x_wconf 72' lang='lat' dir='ltr'>archiepiscoporum</span> <span class='ocrx_word' id='word_1_310' title='bbox 802 2092 920 2124; x_wconf 81' lang='lat' dir='ltr'>nomina,</span> <span class='ocrx_word' id='word_1_311' title='bbox 944 2092 980 2116; x_wconf 85' lang='lat' dir='ltr'>ad</span> <span class='ocrx_word' id='word_1_312' title='bbox 997 2101 1059 2124; x_wconf 81' lang='lat' dir='ltr'>quos</span> <span class='ocrx_word' id='word_1_313' title='bbox 1083 2092 1173 2117; x_wconf 80' lang='lat' dir='ltr'>similis</span> <span class='ocrx_word' id='word_1_314' title='bbox 1197 2093 1292 2117; x_wconf 75' lang='lat' dir='ltr'>tenoris</span> <span class='ocrx_word' id='word_1_315' title='bbox 1309 2092 1417 2124; x_wconf 82' lang='lat' dir='ltr'>epistola</span> <span class='ocrx_word' id='word_1_316' title='bbox 1435 2093 1532 2117; x_wconf 78' lang='lat' dir='ltr'>directa</span> <span class='ocrx_word' id='word_1_317' title='bbox 1550 2100 1602 2117; x_wconf 81' lang='lat' dir='ltr'>esse</span> <span class='ocrx_word' id='word_1_318' title='bbox 1619 2092 1726 2123; x_wconf 72' lang='lat' dir='ltr'>videtur,</span> <span class='ocrx_word' id='word_1_319' title='bbox 1749 2100 1779 2116; x_wconf 65' lang='lat' dir='ltr'>ez</span> <span class='ocrx_word' id='word_1_320' title='bbox 1797 2092 1924 2124; x_wconf 73' lang='lat' dir='ltr'>maryine,</span> <span class='ocrx_word' id='word_1_321' title='bbox 1948 2093 1989 2117; x_wconf 81' lang='lat' dir='ltr'>ubi</span> 
     </span>
     <span class='ocr_line' id='line_1_36' title="bbox 341 2135 2033 2168; baseline -0.001 -7"><span class='ocrx_word' id='word_1_322' title='bbox 341 2137 368 2161; x_wconf 79' lang='lat' dir='ltr'>in</span> <span class='ocrx_word' id='word_1_323' title='bbox 386 2136 493 2168; x_wconf 59' lang='lat' dir='ltr'>reglis-tro</span> <span class='ocrx_word' id='word_1_324' title='bbox 511 2137 550 2161; x_wconf 74' lang='lat' dir='ltr'>vel</span> <span class='ocrx_word' id='word_1_325' title='bbox 568 2136 621 2160; x_wconf 75' lang='lat' dir='ltr'>iam</span> <span class='ocrx_word' id='word_1_326' title='bbox 639 2136 666 2160; x_wconf 82' lang='lat' dir='ltr'>in</span> <span class='ocrx_word' id='word_1_327' title='bbox 685 2136 783 2160; x_wconf 78' lang='lat' dir='ltr'>minuta</span> <span class='ocrx_word' id='word_1_328' title='bbox 802 2136 885 2160; x_wconf 78' lang='lat' dir='ltr'>minus</span> <span class='ocrx_word' id='word_1_329' title='bbox 905 2135 1000 2166; x_wconf 78' lang='lat' dir='ltr'>lucide,</span> <span class='ocrx_word' id='word_1_330' title='bbox 1018 2139 1046 2159; x_wconf 77' lang='lat' dir='ltr'>nt</span> <span class='ocrx_word' id='word_1_331' title='bbox 1063 2135 1171 2166; x_wconf 71' lang='lat' dir='ltr'>videtur,</span> <span class='ocrx_word' id='word_1_332' title='bbox 1192 2135 1287 2167; x_wconf 69' lang='lat' dir='ltr'>scripta</span> <span class='ocrx_word' id='word_1_333' title='bbox 1305 2140 1391 2166; x_wconf 78' lang='lat' dir='ltr'>erant,</span> <span class='ocrx_word' id='word_1_334' title='bbox 1409 2135 1436 2160; x_wconf 85' lang='lat' dir='ltr'>in</span> <span class='ocrx_word' id='word_1_335' title='bbox 1454 2136 1536 2167; x_wconf 80' lang='lat' dir='ltr'>ipsam</span> <span class='ocrx_word' id='word_1_336' title='bbox 1555 2135 1688 2166; x_wconf 77' lang='lat' dir='ltr'>epistolam</span> <span class='ocrx_word' id='word_1_337' title='bbox 1706 2143 1723 2159; x_wconf 85' lang='lat' dir='ltr'>a</span> <span class='ocrx_word' id='word_1_338' title='bbox 1741 2135 1863 2167; x_wconf 77' lang='lat' dir='ltr'>scriptore</span> <span class='ocrx_word' id='word_1_339' title='bbox 1881 2135 1920 2160; x_wconf 77' lang='lat' dir='ltr'>vel</span> <span class='ocrx_word' id='word_1_340' title='bbox 1937 2135 1988 2160; x_wconf 79' lang='lat' dir='ltr'>iam</span> <span class='ocrx_word' id='word_1_341' title='bbox 2008 2145 2033 2165; x_wconf 84' lang='lat'>30</span> 
     </span>
     <span class='ocr_line' id='line_1_37' title="bbox 340 2177 1140 2211; baseline -0.001 -8"><span class='ocrx_word' id='word_1_342' title='bbox 340 2188 357 2203; x_wconf 85' lang='lat' dir='ltr'>a</span> <span class='ocrx_word' id='word_1_343' title='bbox 375 2179 539 2211; x_wconf 71' lang='lat' dir='ltr'>reyistratore</span> <span class='ocrx_word' id='word_1_344' title='bbox 558 2179 704 2204; x_wconf 73' lang='lat' dir='ltr'>introducta</span> <span class='ocrx_word' id='word_1_345' title='bbox 722 2184 780 2204; x_wconf 70' lang='lat' dir='ltr'>sunt</span> <span class='ocrx_word' id='word_1_346' title='bbox 800 2179 831 2204; x_wconf 73' lang='lat' dir='ltr'>R,</span> <span class='ocrx_word' id='word_1_347' title='bbox 919 2177 944 2209; x_wconf 78' lang='grc' dir='ltr'><em>(Ῑ)</em></span> <span class='ocrx_word' id='word_1_348' title='bbox 964 2178 1089 2210; x_wconf 64' lang='lat' dir='ltr'>archiepis</span> <span class='ocrx_word' id='word_1_349' title='bbox 1109 2178 1140 2203; x_wconf 85' lang='lat' dir='ltr'>R.</span> 
     </span>
    </p>
   </div>
   <div class='ocr_carea' id='block_1_17' title="bbox 337 2248 2035 2840">
    <p class='ocr_par' dir='ltr' id='par_1_20' title="bbox 337 2248 2035 2840">
     <span class='ocr_line' id='line_1_38' title="bbox 445 2248 1990 2283; baseline -0.001 -7"><span class='ocrx_word' id='word_1_350' title='bbox 445 2250 468 2282; x_wconf 92' lang='lat'>1)</span> <span class='ocrx_word' id='word_1_351' title='bbox 489 2249 654 2276; x_wconf 77' lang='lat' dir='ltr'>Frotliarius</span> <span class='ocrx_word' id='word_1_352' title='bbox 672 2249 779 2276; x_wconf 74' lang='lat' dir='ltr'>habebat</span> <span class='ocrx_word' id='word_1_353' title='bbox 803 2258 841 2283; x_wconf 90' lang='lat' dir='ltr'>ep.</span> <span class='ocrx_word' id='word_1_354' title='bbox 860 2258 887 2276; x_wconf 87' lang='lat' dir='ltr'>n.</span> <span class='ocrx_word' id='word_1_355' title='bbox 902 2252 947 2282; x_wconf 81' lang='grc'>38,</span> <span class='ocrx_word' id='word_1_356' title='bbox 970 2257 1017 2275; x_wconf 81' lang='lat' dir='ltr'>nec</span> <span class='ocrx_word' id='word_1_357' title='bbox 1036 2249 1145 2275; x_wconf 81' lang='lat' dir='ltr'>latuisse</span> <span class='ocrx_word' id='word_1_358' title='bbox 1166 2251 1251 2282; x_wconf 75' lang='lat' dir='ltr'>potest</span> <span class='ocrx_word' id='word_1_359' title='bbox 1275 2257 1386 2282; x_wconf 81' lang='lat' dir='ltr'>papam,</span> <span class='ocrx_word' id='word_1_360' title='bbox 1409 2249 1456 2282; x_wconf 76' lang='lat' dir='ltr'>qui</span> <span class='ocrx_word' id='word_1_361' title='bbox 1478 2248 1580 2275; x_wconf 84' lang='lat' dir='ltr'>duobus</span> <span class='ocrx_word' id='word_1_362' title='bbox 1598 2252 1704 2275; x_wconf 72' lang='lat' dir='ltr'>tantum</span> <span class='ocrx_word' id='word_1_363' title='bbox 1721 2249 1803 2275; x_wconf 85' lang='lat' dir='ltr'>annis</span> <span class='ocrx_word' id='word_1_364' title='bbox 1820 2251 1881 2275; x_wconf 74' lang='lat' dir='ltr'>ante</span> <span class='ocrx_word' id='word_1_365' title='bbox 1898 2252 1937 2276; x_wconf 80' lang='lat' dir='ltr'>tot</span> <span class='ocrx_word' id='word_1_366' title='bbox 1960 2249 1990 2275; x_wconf 82' lang='lat' dir='ltr'>in</span> 
     </span>
     <span class='ocr_line' id='line_1_39' title="bbox 341 2292 1992 2326; baseline 0 -8"><span class='ocrx_word' id='word_1_367' title='bbox 341 2293 393 2318; x_wconf 76' lang='lat' dir='ltr'>huc</span> <span class='ocrx_word' id='word_1_368' title='bbox 410 2300 492 2318; x_wconf 74' lang='lat' dir='ltr'>ectusa</span> <span class='ocrx_word' id='word_1_369' title='bbox 511 2293 634 2325; x_wconf 82' lang='lat' dir='ltr'>epistolas</span> <span class='ocrx_word' id='word_1_370' title='bbox 652 2292 770 2319; x_wconf 75' lang='lat' dir='ltr'>ediderat</span> <span class='ocrx_word' id='word_1_371' title='bbox 791 2301 839 2319; x_wconf 87' lang='lat' dir='ltr'>nn.</span> <span class='ocrx_word' id='word_1_372' title='bbox 854 2296 877 2324; x_wconf 77' lang='lat'>9,</span> <span class='ocrx_word' id='word_1_373' title='bbox 896 2294 933 2324; x_wconf 81' lang='lat'>13,</span> <span class='ocrx_word' id='word_1_374' title='bbox 952 2296 997 2324; x_wconf 70' lang='lat'>145</span> <span class='ocrx_word' id='word_1_375' title='bbox 1020 2292 1066 2318; x_wconf 81' lang='lat' dir='ltr'>sed</span> <span class='ocrx_word' id='word_1_376' title='bbox 1089 2292 1119 2318; x_wconf 89' lang='lat' dir='ltr'>in</span> <span class='ocrx_word' id='word_1_377' title='bbox 1137 2292 1196 2325; x_wconf 85' lang='lat' dir='ltr'>ipsa</span> <span class='ocrx_word' id='word_1_378' title='bbox 1218 2292 1320 2326; x_wconf 81' lang='lat' dir='ltr'>synodo</span> <span class='ocrx_word' id='word_1_379' title='bbox 1340 2292 1473 2326; x_wconf 73' lang='lat' dir='ltr'>Rostayni</span> <span class='ocrx_word' id='word_1_380' title='bbox 1491 2292 1629 2318; x_wconf 85' lang='lat' dir='ltr'>canonicis</span> <span class='ocrx_word' id='word_1_381' title='bbox 1647 2292 1837 2318; x_wconf 80' lang='lat' dir='ltr'>obiectionibus</span> <span class='ocrx_word' id='word_1_382' title='bbox 1855 2292 1900 2325; x_wconf 79' lang='lat' dir='ltr'>(cf.</span> <span class='ocrx_word' id='word_1_383' title='bbox 1916 2300 1946 2325; x_wconf 81' lang='lat' dir='ltr'>p.</span> <span class='ocrx_word' id='word_1_384' title='bbox 1959 2296 1992 2318; x_wconf 83' lang='grc'><em>97</em></span> 
     </span>
     <span class='ocr_line' id='line_1_40' title="bbox 341 2334 1990 2368; baseline 0.001 -8"><span class='ocrx_word' id='word_1_385' title='bbox 341 2338 435 2362; x_wconf 59' lang='lat' dir='ltr'>cannot.</span> <span class='ocrx_word' id='word_1_386' title='bbox 450 2335 477 2368; x_wconf 83' lang='lat'>3)</span> <span class='ocrx_word' id='word_1_387' title='bbox 501 2335 605 2361; x_wconf 87' lang='lat' dir='ltr'>ccssissc</span> <span class='ocrx_word' id='word_1_388' title='bbox 629 2337 652 2361; x_wconf 74' lang='lat' dir='ltr'>et</span> <span class='ocrx_word' id='word_1_389' title='bbox 674 2335 744 2362; x_wconf 77' lang='lat' dir='ltr'>lianc</span> <span class='ocrx_word' id='word_1_390' title='bbox 768 2335 904 2368; x_wconf 80' lang='lat' dir='ltr'>epistolam</span> <span class='ocrx_word' id='word_1_391' title='bbox 926 2335 1066 2368; x_wconf 76' lang='lat' dir='ltr'>scripsisse</span> <span class='ocrx_word' id='word_1_392' title='bbox 1089 2335 1203 2361; x_wconf 78' lang='lat' dir='ltr'>ridetur.</span> <span class='ocrx_word' id='word_1_393' title='bbox 1239 2334 1424 2361; x_wconf 76' lang='lat' dir='ltr'>Nihilominus</span> <span class='ocrx_word' id='word_1_394' title='bbox 1447 2335 1612 2361; x_wconf 76' lang='lat' dir='ltr'>Frotharius</span> <span class='ocrx_word' id='word_1_395' title='bbox 1634 2338 1740 2368; x_wconf 82' lang='lat' dir='ltr'>praeter</span> <span class='ocrx_word' id='word_1_396' title='bbox 1761 2335 1831 2361; x_wconf 82' lang='lat' dir='ltr'>hanc</span> <span class='ocrx_word' id='word_1_397' title='bbox 1854 2335 1990 2368; x_wconf 72' lang='lat' dir='ltr'>epistolam</span> 
     </span>
     <span class='ocr_line' id='line_1_41' title="bbox 341 2378 2032 2412; baseline 0.001 -9"><span class='ocrx_word' id='word_1_398' title='bbox 341 2386 439 2411; x_wconf 84' lang='lat' dir='ltr'>semper</span> <span class='ocrx_word' id='word_1_399' title='bbox 463 2380 486 2404; x_wconf 72' lang='lat' dir='ltr'>et</span> <span class='ocrx_word' id='word_1_400' title='bbox 508 2381 590 2403; x_wconf 73' lang='lat' dir='ltr'>antea</span> <span class='ocrx_word' id='word_1_401' title='bbox 613 2380 637 2404; x_wconf 81' lang='lat' dir='ltr'>et</span> <span class='ocrx_word' id='word_1_402' title='bbox 658 2380 717 2411; x_wconf 74' lang='lat' dir='ltr'>post</span> <span class='ocrx_word' id='word_1_403' title='bbox 736 2378 916 2404; x_wconf 75' lang='lat' dir='ltr'>Bituricensis</span> <span class='ocrx_word' id='word_1_404' title='bbox 939 2378 1156 2411; x_wconf 78' lang='lat' dir='ltr'>archiepiscopus</span> <span class='ocrx_word' id='word_1_405' title='bbox 1180 2387 1198 2403; x_wconf 91' lang='lat' dir='ltr'>a</span> <span class='ocrx_word' id='word_1_406' title='bbox 1216 2386 1291 2411; x_wconf 85' lang='lat' dir='ltr'>papa</span> <span class='ocrx_word' id='word_1_407' title='bbox 1313 2378 1468 2412; x_wconf 78' lang='lat' dir='ltr'>appellatur</span> <span class='ocrx_word' id='word_1_408' title='bbox 1490 2378 1537 2411; x_wconf 80' lang='lat' dir='ltr'>(cf.</span> <span class='ocrx_word' id='word_1_409' title='bbox 1556 2386 1604 2405; x_wconf 82' lang='lat' dir='ltr'>nn.</span> <span class='ocrx_word' id='word_1_410' title='bbox 1618 2382 1671 2411; x_wconf 85' lang='lat'>105,</span> <span class='ocrx_word' id='word_1_411' title='bbox 1691 2378 1736 2411; x_wconf 88' lang='lat'>93)</span> <span class='ocrx_word' id='word_1_412' title='bbox 1758 2378 1894 2411; x_wconf 71' lang='lat' dir='ltr'>sedemque</span> <span class='ocrx_word' id='word_1_413' title='bbox 1916 2378 1990 2404; x_wconf 78' lang='lat' dir='ltr'>illam</span> <span class='ocrx_word' id='word_1_414' title='bbox 2009 2384 2032 2405; x_wconf 84' lang='lat'>3⁵</span> 
     </span>
     <span class='ocr_line' id='line_1_42' title="bbox 343 2420 1991 2456; baseline 0 -10"><span class='ocrx_word' id='word_1_415' title='bbox 343 2421 465 2456; x_wconf 75' lang='lat' dir='ltr'>obtinuit.</span> <span class='ocrx_word' id='word_1_416' title='bbox 554 2421 580 2453; x_wconf 83' lang='lat'>2)</span> <span class='ocrx_word' id='word_1_417' title='bbox 599 2421 673 2446; x_wconf 87' lang='lat' dir='ltr'>Filio</span> <span class='ocrx_word' id='word_1_418' title='bbox 691 2421 820 2447; x_wconf 85' lang='lat' dir='ltr'>Konradi</span> <span class='ocrx_word' id='word_1_419' title='bbox 838 2421 940 2447; x_wconf 75' lang='lat' dir='ltr'>comitis</span> <span class='ocrx_word' id='word_1_420' title='bbox 957 2421 1054 2452; x_wconf 70' lang='lat' dir='ltr'>fratris</span> <span class='ocrx_word' id='word_1_421' title='bbox 1073 2421 1201 2446; x_wconf 73' lang='lat' dir='ltr'>Iadithae</span> <span class='ocrx_word' id='word_1_422' title='bbox 1219 2421 1406 2454; x_wconf 76' lang='lat' dir='ltr'>imperatricis,</span> <span class='ocrx_word' id='word_1_423' title='bbox 1429 2421 1477 2454; x_wconf 78' lang='lat' dir='ltr'>qai</span> <span class='ocrx_word' id='word_1_424' title='bbox 1496 2422 1600 2454; x_wconf 82' lang='lat' dir='ltr'>plures,</span> <span class='ocrx_word' id='word_1_425' title='bbox 1625 2423 1649 2447; x_wconf 76' lang='lat' dir='ltr'>ei</span> <span class='ocrx_word' id='word_1_426' title='bbox 1665 2421 1808 2454; x_wconf 74' lang='lat' dir='ltr'>praecipue</span> <span class='ocrx_word' id='word_1_427' title='bbox 1825 2429 1845 2447; x_wconf 88' lang='lat' dir='ltr'>s.</span> <span class='ocrx_word' id='word_1_428' title='bbox 1863 2420 1991 2448; x_wconf 76' lang='lat' dir='ltr'>Germani</span> 
     </span>
     <span class='ocr_line' id='line_1_43' title="bbox 341 2463 1990 2498; baseline 0 -8"><span class='ocrx_word' id='word_1_429' title='bbox 341 2463 578 2490; x_wconf 81' lang='lat' dir='ltr'>Autissidoriensis</span> <span class='ocrx_word' id='word_1_430' title='bbox 592 2465 627 2496; x_wconf 85' lang='lat' dir='ltr'>(a.</span> <span class='ocrx_word' id='word_1_431' title='bbox 638 2464 695 2497; x_wconf 87' lang='grc'>853)</span> <span class='ocrx_word' id='word_1_432' title='bbox 709 2466 731 2490; x_wconf 71' lang='lat' dir='ltr'>et</span> <span class='ocrx_word' id='word_1_433' title='bbox 744 2473 764 2491; x_wconf 87' lang='lat' dir='ltr'>s.</span> <span class='ocrx_word' id='word_1_434' title='bbox 775 2464 894 2490; x_wconf 72' lang='lat' dir='ltr'>Martini</span> <span class='ocrx_word' id='word_1_435' title='bbox 910 2464 1070 2490; x_wconf 84' lang='lat' dir='ltr'>Turonensis</span> <span class='ocrx_word' id='word_1_436' title='bbox 1083 2464 1120 2497; x_wconf 93' lang='lat' dir='ltr'>(a.</span> <span class='ocrx_word' id='word_1_437' title='bbox 1132 2464 1202 2496; x_wconf 88' lang='grc'><em>866),</em></span> <span class='ocrx_word' id='word_1_438' title='bbox 1217 2464 1335 2490; x_wconf 75' lang='lat' dir='ltr'>abbatias</span> <span class='ocrx_word' id='word_1_439' title='bbox 1347 2464 1475 2498; x_wconf 78' lang='lat' dir='ltr'>reyendas</span> <span class='ocrx_word' id='word_1_440' title='bbox 1488 2467 1635 2498; x_wconf 79' lang='lat' dir='ltr'>acceperat,</span> <span class='ocrx_word' id='word_1_441' title='bbox 1654 2464 1684 2489; x_wconf 90' lang='lat' dir='ltr'>in</span> <span class='ocrx_word' id='word_1_442' title='bbox 1696 2463 1878 2490; x_wconf 82' lang='lat' dir='ltr'>saecularibus</span> <span class='ocrx_word' id='word_1_443' title='bbox 1890 2471 1990 2497; x_wconf 77' lang='lat' dir='ltr'>quoque</span> 
     </span>
     <span class='ocr_line' id='line_1_44' title="bbox 341 2506 1990 2541; baseline -0.001 -8"><span class='ocrx_word' id='word_1_444' title='bbox 341 2507 420 2541; x_wconf 72' lang='lat' dir='ltr'>requi</span> <span class='ocrx_word' id='word_1_445' title='bbox 442 2507 551 2540; x_wconf 59' lang='lat' dir='ltr'>negotiis</span> <span class='ocrx_word' id='word_1_446' title='bbox 574 2506 758 2534; x_wconf 71' lang='lat' dir='ltr'>versatissimo.</span> <span class='ocrx_word' id='word_1_447' title='bbox 863 2507 890 2539; x_wconf 85' lang='lat'>3)</span> <span class='ocrx_word' id='word_1_448' title='bbox 911 2506 987 2533; x_wconf 86' lang='lat' dir='ltr'>Haec</span> <span class='ocrx_word' id='word_1_449' title='bbox 1012 2507 1097 2541; x_wconf 78' lang='lat' dir='ltr'>iyz&#39;tur</span> <span class='ocrx_word' id='word_1_450' title='bbox 1115 2507 1226 2540; x_wconf 76' lang='lat' dir='ltr'>epistola</span> <span class='ocrx_word' id='word_1_451' title='bbox 1249 2515 1305 2533; x_wconf 84' lang='lat' dir='ltr'>non</span> <span class='ocrx_word' id='word_1_452' title='bbox 1329 2507 1384 2532; x_wconf 85' lang='lat' dir='ltr'>iam</span> <span class='ocrx_word' id='word_1_453' title='bbox 1407 2509 1507 2533; x_wconf 73' lang='lat' dir='ltr'>statuto</span> <span class='ocrx_word' id='word_1_454' title='bbox 1528 2507 1613 2533; x_wconf 86' lang='lat' dir='ltr'>Trecis</span> <span class='ocrx_word' id='word_1_455' title='bbox 1635 2507 1731 2541; x_wconf 80' lang='lat' dir='ltr'>synodi</span> <span class='ocrx_word' id='word_1_456' title='bbox 1753 2507 1808 2532; x_wconf 84' lang='lat' dir='ltr'>loco</span> <span class='ocrx_word' id='word_1_457' title='bbox 1830 2506 1877 2539; x_wconf 77' lang='lat' dir='ltr'>(cf.</span> <span class='ocrx_word' id='word_1_458' title='bbox 1896 2514 1923 2532; x_wconf 90' lang='lat' dir='ltr'>n.</span> <span class='ocrx_word' id='word_1_459' title='bbox 1936 2510 1990 2539; x_wconf 78' lang='lat'>126,</span> 
     </span>
     <span class='ocr_line' id='line_1_45' title="bbox 337 2549 1991 2584; baseline -0.001 -8"><span class='ocrx_word' id='word_1_460' title='bbox 337 2559 366 2584; x_wconf 86' lang='lat' dir='ltr'>p.</span> <span class='ocrx_word' id='word_1_461' title='bbox 381 2553 428 2576; x_wconf 84' lang='grc'>113</span> <span class='ocrx_word' id='word_1_462' title='bbox 447 2553 537 2576; x_wconf 72' lang='lat' dir='ltr'>annot.</span> <span class='ocrx_word' id='word_1_463' title='bbox 552 2554 567 2576; x_wconf 85' lang='lat'><strong><em>4</em></strong></span> <span class='ocrx_word' id='word_1_464' title='bbox 586 2552 611 2576; x_wconf 76' lang='lat' dir='ltr'>et</span> <span class='ocrx_word' id='word_1_465' title='bbox 630 2549 691 2575; x_wconf 78' lang='lat' dir='ltr'>NA.</span> <span class='ocrx_word' id='word_1_466' title='bbox 714 2550 861 2582; x_wconf 88' lang='lat' dir='ltr'>XXXVI,</span> <span class='ocrx_word' id='word_1_467' title='bbox 881 2554 927 2576; x_wconf 85' lang='lat'>141</span> <span class='ocrx_word' id='word_1_468' title='bbox 937 2550 985 2583; x_wconf 78' lang='lat' dir='ltr'>sq.)</span> <span class='ocrx_word' id='word_1_469' title='bbox 1003 2550 1101 2583; x_wconf 74' lang='lat' dir='ltr'>scripta</span> <span class='ocrx_word' id='word_1_470' title='bbox 1119 2552 1154 2576; x_wconf 81' lang='lat' dir='ltr'>est</span> <span class='ocrx_word' id='word_1_471' title='bbox 1172 2550 1310 2583; x_wconf 79' lang='lat' dir='ltr'>codemque</span> <span class='ocrx_word' id='word_1_472' title='bbox 1328 2550 1383 2582; x_wconf 78' lang='lat' dir='ltr'>fere</span> <span class='ocrx_word' id='word_1_473' title='bbox 1400 2553 1526 2582; x_wconf 79' lang='lat' dir='ltr'>tempore,</span> <span class='ocrx_word' id='word_1_474' title='bbox 1552 2557 1603 2583; x_wconf 73' lang='lat' dir='ltr'>quo</span> <span class='ocrx_word' id='word_1_475' title='bbox 1621 2558 1700 2583; x_wconf 83' lang='lat' dir='ltr'>papa</span> <span class='ocrx_word' id='word_1_476' title='bbox 1717 2549 1851 2583; x_wconf 64' lang='lat' dir='ltr'>Lugduni</span> <span class='ocrx_word' id='word_1_477' title='bbox 1871 2551 1991 2575; x_wconf 77' lang='lat' dir='ltr'>moratus</span> 
     </span>
     <span class='ocr_line' id='line_1_46' title="bbox 342 2592 2035 2627; baseline -0.001 -9"><span class='ocrx_word' id='word_1_478' title='bbox 342 2593 421 2619; x_wconf 81' lang='lat' dir='ltr'>etiam</span> <span class='ocrx_word' id='word_1_479' title='bbox 434 2593 487 2625; x_wconf 82' lang='lat' dir='ltr'>ipsi</span> <span class='ocrx_word' id='word_1_480' title='bbox 499 2592 637 2619; x_wconf 74' lang='lat' dir='ltr'>Ludorico</span> <span class='ocrx_word' id='word_1_481' title='bbox 650 2593 704 2626; x_wconf 72' lang='lat' dir='ltr'>reqi</span> <span class='ocrx_word' id='word_1_482' title='bbox 716 2593 809 2619; x_wconf 86' lang='lat' dir='ltr'>missos</span> <span class='ocrx_word' id='word_1_483' title='bbox 821 2593 926 2626; x_wconf 75' lang='lat' dir='ltr'>direxit,</span> <span class='ocrx_word' id='word_1_484' title='bbox 939 2594 973 2625; x_wconf 74' lang='lat' dir='ltr'>ef.</span> <span class='ocrx_word' id='word_1_485' title='bbox 987 2593 1131 2619; x_wconf 82' lang='lat' dir='ltr'>Hincmari</span> <span class='ocrx_word' id='word_1_486' title='bbox 1149 2593 1224 2620; x_wconf 84' lang='lat' dir='ltr'>Ann.</span> <span class='ocrx_word' id='word_1_487' title='bbox 1243 2593 1278 2619; x_wconf 86' lang='lat' dir='ltr'>ad</span> <span class='ocrx_word' id='word_1_488' title='bbox 1290 2602 1314 2619; x_wconf 91' lang='grc' dir='ltr'><em>α.</em></span> <span class='ocrx_word' id='word_1_489' title='bbox 1328 2596 1378 2620; x_wconf 84' lang='grc'>878</span> <span class='ocrx_word' id='word_1_490' title='bbox 1391 2592 1439 2626; x_wconf 88' lang='lat' dir='ltr'>(ed.</span> <span class='ocrx_word' id='word_1_491' title='bbox 1457 2593 1544 2619; x_wconf 67' lang='lat' dir='ltr'>W‘aitz</span> <span class='ocrx_word' id='word_1_492' title='bbox 1553 2600 1581 2626; x_wconf 86' lang='lat' dir='ltr'>p.</span> <span class='ocrx_word' id='word_1_493' title='bbox 1592 2593 1652 2627; x_wconf 77' lang='lat'><strong><em>140)</em></strong></span> <span class='ocrx_word' id='word_1_494' title='bbox 1666 2595 1690 2619; x_wconf 83' lang='lat' dir='ltr'>et</span> <span class='ocrx_word' id='word_1_495' title='bbox 1702 2592 1765 2619; x_wconf 84' lang='lat' dir='ltr'>NA.</span> <span class='ocrx_word' id='word_1_496' title='bbox 1780 2592 1872 2618; x_wconf 91' lang='lat' dir='ltr'>XXX</span> <span class='ocrx_word' id='word_1_497' title='bbox 1879 2592 1924 2625; x_wconf 89' lang='lat' dir='ltr'>VI,</span> <span class='ocrx_word' id='word_1_498' title='bbox 1934 2595 1990 2618; x_wconf 81' lang='lat'><strong><em>142.</em></strong></span> <span class='ocrx_word' id='word_1_499' title='bbox 2009 2599 2035 2617; x_wconf 82' lang='lat'>40</span> 
     </span>
     <span class='ocr_line' id='line_1_47' title="bbox 341 2634 1992 2670; baseline 0 -10"><span class='ocrx_word' id='word_1_500' title='bbox 341 2635 368 2668; x_wconf 84' lang='lat'>4)</span> <span class='ocrx_word' id='word_1_501' title='bbox 392 2635 444 2661; x_wconf 84' lang='lat' dir='ltr'>Ubi</span> <span class='ocrx_word' id='word_1_502' title='bbox 472 2644 547 2669; x_wconf 84' lang='lat' dir='ltr'>papa</span> <span class='ocrx_word' id='word_1_503' title='bbox 569 2639 701 2662; x_wconf 75' lang='lat' dir='ltr'>autiimno</span> <span class='ocrx_word' id='word_1_504' title='bbox 729 2644 754 2662; x_wconf 89' lang='lat' dir='ltr'>a.</span> <span class='ocrx_word' id='word_1_505' title='bbox 770 2639 820 2662; x_wconf 83' lang='lat'>877</span> <span class='ocrx_word' id='word_1_506' title='bbox 841 2643 900 2662; x_wconf 82' lang='lat' dir='ltr'>cum</span> <span class='ocrx_word' id='word_1_507' title='bbox 922 2635 1026 2662; x_wconf 84' lang='lat' dir='ltr'>Karolo</span> <span class='ocrx_word' id='word_1_508' title='bbox 1056 2636 1134 2662; x_wconf 77' lang='lat' dir='ltr'>Calvo</span> <span class='ocrx_word' id='word_1_509' title='bbox 1158 2637 1315 2670; x_wconf 74' lang='lat' dir='ltr'>imperatore</span> <span class='ocrx_word' id='word_1_510' title='bbox 1336 2639 1507 2669; x_wconf 78' lang='lat' dir='ltr'>convenerat,</span> <span class='ocrx_word' id='word_1_511' title='bbox 1530 2636 1564 2668; x_wconf 77' lang='lat' dir='ltr'>ef.</span> <span class='ocrx_word' id='word_1_512' title='bbox 1589 2635 1734 2662; x_wconf 84' lang='lat' dir='ltr'>Hincmari</span> <span class='ocrx_word' id='word_1_513' title='bbox 1752 2635 1827 2662; x_wconf 85' lang='lat' dir='ltr'>Ann.</span> <span class='ocrx_word' id='word_1_514' title='bbox 1845 2634 1882 2661; x_wconf 87' lang='lat' dir='ltr'>ad</span> <span class='ocrx_word' id='word_1_515' title='bbox 1902 2643 1927 2661; x_wconf 89' lang='lat' dir='ltr'>a.</span> <span class='ocrx_word' id='word_1_516' title='bbox 1941 2638 1992 2661; x_wconf 86' lang='lat'>877</span> 
     </span>
     <span class='ocr_line' id='line_1_48' title="bbox 342 2677 1990 2713; baseline -0.001 -9"><span class='ocrx_word' id='word_1_517' title='bbox 342 2678 394 2711; x_wconf 87' lang='lat' dir='ltr'>(ed.</span> <span class='ocrx_word' id='word_1_518' title='bbox 411 2677 497 2704; x_wconf 57' lang='lat' dir='ltr'>Waltz</span> <span class='ocrx_word' id='word_1_519' title='bbox 512 2686 541 2711; x_wconf 86' lang='lat' dir='ltr'>p.</span> <span class='ocrx_word' id='word_1_520' title='bbox 555 2679 620 2712; x_wconf 86' lang='lat'><strong><em>136).</em></strong></span> <span class='ocrx_word' id='word_1_521' title='bbox 708 2679 734 2712; x_wconf 88' lang='lat'>5)</span> <span class='ocrx_word' id='word_1_522' title='bbox 757 2678 825 2705; x_wconf 86' lang='lat' dir='ltr'>Olim</span> <span class='ocrx_word' id='word_1_523' title='bbox 845 2679 965 2712; x_wconf 83' lang='lat' dir='ltr'>episcopi</span> <span class='ocrx_word' id='word_1_524' title='bbox 985 2679 1155 2711; x_wconf 81' lang='lat' dir='ltr'>Portuensis,</span> <span class='ocrx_word' id='word_1_525' title='bbox 1172 2688 1197 2706; x_wconf 86' lang='grc' dir='ltr'><em>α.</em></span> <span class='ocrx_word' id='word_1_526' title='bbox 1211 2682 1261 2705; x_wconf 86' lang='grc'>876</span> <span class='ocrx_word' id='word_1_527' title='bbox 1279 2679 1310 2705; x_wconf 86' lang='lat' dir='ltr'>in</span> <span class='ocrx_word' id='word_1_528' title='bbox 1328 2679 1436 2713; x_wconf 81' lang='lat' dir='ltr'>synodis</span> <span class='ocrx_word' id='word_1_529' title='bbox 1456 2679 1582 2706; x_wconf 85' lang='lat' dir='ltr'>Romana</span> <span class='ocrx_word' id='word_1_530' title='bbox 1599 2681 1621 2705; x_wconf 78' lang='lat' dir='ltr'>et</span> <span class='ocrx_word' id='word_1_531' title='bbox 1638 2678 1832 2712; x_wconf 72' lang='lat' dir='ltr'>Pontiyonensi</span> <span class='ocrx_word' id='word_1_532' title='bbox 1851 2677 1897 2711; x_wconf 78' lang='lat' dir='ltr'>(cf.</span> <span class='ocrx_word' id='word_1_533' title='bbox 1915 2685 1942 2704; x_wconf 87' lang='lat' dir='ltr'>n.</span> <span class='ocrx_word' id='word_1_534' title='bbox 1955 2680 1990 2710; x_wconf 82' lang='lat'>73,</span> 
     </span>
     <span class='ocr_line' id='line_1_49' title="bbox 338 2720 1990 2756; baseline 0.001 -10"><span class='ocrx_word' id='word_1_535' title='bbox 338 2728 366 2754; x_wconf 85' lang='lat' dir='ltr'>p.</span> <span class='ocrx_word' id='word_1_536' title='bbox 379 2724 411 2747; x_wconf 83' lang='grc'><em>68</em></span> <span class='ocrx_word' id='word_1_537' title='bbox 429 2724 522 2748; x_wconf 85' lang='lat' dir='ltr'>annot.</span> <span class='ocrx_word' id='word_1_538' title='bbox 536 2722 578 2755; x_wconf 82' lang='lat'>10)</span> <span class='ocrx_word' id='word_1_539' title='bbox 602 2721 829 2748; x_wconf 68' lang='lat' dir='ltr'>exconzmmzicuti.</span> <span class='ocrx_word' id='word_1_540' title='bbox 872 2721 947 2754; x_wconf 77' lang='lat' dir='ltr'>Quae</span> <span class='ocrx_word' id='word_1_541' title='bbox 970 2721 1098 2748; x_wconf 77' lang='lat' dir='ltr'>sententia</span> <span class='ocrx_word' id='word_1_542' title='bbox 1123 2722 1200 2748; x_wconf 74' lang='lat' dir='ltr'>etiam</span> <span class='ocrx_word' id='word_1_543' title='bbox 1225 2722 1255 2747; x_wconf 83' lang='lat' dir='ltr'>in</span> <span class='ocrx_word' id='word_1_544' title='bbox 1279 2721 1380 2756; x_wconf 73' lang='lat' dir='ltr'>synodo</span> <span class='ocrx_word' id='word_1_545' title='bbox 1402 2722 1523 2748; x_wconf 79' lang='lat' dir='ltr'>Trecensi</span> <span class='ocrx_word' id='word_1_546' title='bbox 1549 2722 1708 2754; x_wconf 80' lang='lat' dir='ltr'>confirmata</span> <span class='ocrx_word' id='word_1_547' title='bbox 1732 2723 1769 2747; x_wconf 75' lang='lat' dir='ltr'>est</span> <span class='ocrx_word' id='word_1_548' title='bbox 1793 2720 1838 2754; x_wconf 81' lang='lat' dir='ltr'>(cf.</span> <span class='ocrx_word' id='word_1_549' title='bbox 1863 2723 1924 2746; x_wconf 78' lang='lat' dir='ltr'>acta</span> <span class='ocrx_word' id='word_1_550' title='bbox 1947 2728 1990 2753; x_wconf 82' lang='lat' dir='ltr'>ap.</span> 
     </span>
     <span class='ocr_line' id='line_1_50' title="bbox 344 2764 1991 2798; baseline 0 -9"><span class='ocrx_word' id='word_1_551' title='bbox 344 2764 440 2789; x_wconf 81' lang='lat' dir='ltr'>Mansi</span> <span class='ocrx_word' id='word_1_552' title='bbox 460 2764 562 2797; x_wconf 84' lang='lat' dir='ltr'>XVII,</span> <span class='ocrx_word' id='word_1_553' title='bbox 575 2764 646 2797; x_wconf 75' lang='lat'><strong><em>349).</em></strong></span> <span class='ocrx_word' id='word_1_554' title='bbox 734 2765 760 2797; x_wconf 84' lang='lat'>6)</span> <span class='ocrx_word' id='word_1_555' title='bbox 780 2764 804 2791; x_wconf 87' lang='lat' dir='ltr'>I.</span> <span class='ocrx_word' id='word_1_556' title='bbox 817 2772 836 2791; x_wconf 86' lang='lat' dir='ltr'>e.</span> <span class='ocrx_word' id='word_1_557' title='bbox 852 2764 1082 2798; x_wconf 72' lang='lat' dir='ltr'>Rotlioinayensis,</span> <span class='ocrx_word' id='word_1_558' title='bbox 1100 2764 1173 2791; x_wconf 77' lang='lat' dir='ltr'>hodie</span> <span class='ocrx_word' id='word_1_559' title='bbox 1190 2764 1315 2797; x_wconf 74' lang='lat' dir='ltr'>‘Roucn.&#39;‚</span> <span class='ocrx_word' id='word_1_560' title='bbox 1335 2767 1465 2791; x_wconf 81' lang='grc'><em>876-88.</em></span> <span class='ocrx_word' id='word_1_561' title='bbox 1536 2765 1562 2796; x_wconf 79' lang='grc'><em>7)</em></span> <span class='ocrx_word' id='word_1_562' title='bbox 1582 2764 1670 2791; x_wconf 81' lang='lat' dir='ltr'>Hodie</span> <span class='ocrx_word' id='word_1_563' title='bbox 1687 2764 1801 2796; x_wconf 80' lang='lat' dir='ltr'>‘Tours&#39;,</span> <span class='ocrx_word' id='word_1_564' title='bbox 1818 2766 1919 2790; x_wconf 83' lang='lat' dir='ltr'>875—c.</span> <span class='ocrx_word' id='word_1_565' title='bbox 1934 2765 1991 2789; x_wconf 76' lang='grc'><em>890.</em></span> 
     </span>
     <span class='ocr_line' id='line_1_51' title="bbox 342 2806 2033 2840; baseline -0.001 -8"><span class='ocrx_word' id='word_1_566' title='bbox 342 2807 368 2839; x_wconf 80' lang='lat' dir='ltr'>S)</span> <span class='ocrx_word' id='word_1_567' title='bbox 388 2807 410 2833; x_wconf 91' lang='grc' dir='ltr'><em>Ι.</em></span> <span class='ocrx_word' id='word_1_568' title='bbox 424 2814 442 2832; x_wconf 85' lang='lat' dir='ltr'>e.</span> <span class='ocrx_word' id='word_1_569' title='bbox 463 2806 636 2839; x_wconf 71' lang='lat' dir='ltr'>Bitia-icensi,</span> <span class='ocrx_word' id='word_1_570' title='bbox 655 2807 687 2839; x_wconf 75' lang='lat' dir='ltr'>cf.</span> <span class='ocrx_word' id='word_1_571' title='bbox 706 2815 788 2840; x_wconf 79' lang='lat' dir='ltr'>supra</span> <span class='ocrx_word' id='word_1_572' title='bbox 807 2809 898 2833; x_wconf 70' lang='lat' dir='ltr'>annot.</span> <span class='ocrx_word' id='word_1_573' title='bbox 914 2811 933 2834; x_wconf 83' lang='lat'>1.</span> <span class='ocrx_word' id='word_1_574' title='bbox 2009 2813 2033 2832; x_wconf 73' lang='lat'>45</span> 
     </span>
    </p>
   </div>
  </div>
 </body>
</html>
