2189 3042
113 1447 130 1463 1.
141 1443 273 1468 Cordule.

119 1784 147 1804 cf.
160 1783 249 1804 Denter.

146 1813 178 1835 19,
190 1809 221 1830 14,

289 116 351 147 386
768 110 940 137 LUDOVICI
960 110 994 137 11.
1014 109 1263 136 IMPERATORIS
1281 109 1466 138 EPISTOLA.

292 199 409 230 ‘Neues
441 197 567 229 Archiv'
596 196 727 229 XXXV
751 197 879 237 (1910),
908 198 970 227 663
1006 196 1111 237 [nunc
1147 196 1240 227 ctiam
1273 195 1314 227 E.
1342 195 1449 227 Percls
1474 195 1585 236 ‘Palast
1618 197 1777 230 Nikolaus
1808 198 1835 230 1.
1876 198 1943 230 und

288 250 486 281 Anastasius
509 248 766 280 bibliothecarius
792 248 907 289 (1920)
926 258 960 289 p.
977 248 1042 279 235
1064 258 1139 279 ann.
1158 248 1203 289 5].

396 300 531 341 [Editor
546 300 611 341 ipse
626 310 655 331 a.
671 300 755 330 1915
779 300 942 339 insperata
965 302 1060 331 morte
1078 301 1271 339 praeventus
1287 309 1365 338 opus
1385 299 1467 340 typis
1482 299 1634 331 mandare
1656 310 1720 331 non
1742 301 1806 332 iam
1824 301 1940 342 potuit.

287 352 342 383 Ad
365 352 431 383 eins
454 352 619 382 editionem
644 351 882 390 imprimendam
905 352 1027 383 auxilio
1050 351 1139 383 nobis
1165 352 1229 390 suit
1248 350 1282 384 O.
1298 351 1401 390 Vehse,
1417 351 1473 391 qui
1493 351 1623 383 codicem
1642 351 1828 383 Vaticanum
1844 352 1943 384 denuo

287 404 424 443 inspexit
446 406 474 434 et
497 402 654 444 contulit]

395 506 432 538 In
468 507 595 538 nomine
627 506 746 537 domini
776 507 875 537 nostri
899 506 973 537 Iesu
998 505 1115 537 Christi
1139 505 1201 537 Dei
1230 505 1363 537 aeterni.
1415 505 1621 548 Lodoguicus
1645 506 1752 538 divina
1776 506 1943 538 ordinante

287 558 489 601 providentia
512 559 690 600 imperator
706 561 859 600 augustus
875 558 1095 589 Romanorum
1122 557 1328 589 dilectissimo
1346 557 1567 599 spiritualique
1584 557 1675 588 fratri
1694 560 1800 589 nostro
1818 558 1938 590 Basilio

287 610 515 652 gloriosissimo
540 613 572 641 et
595 611 738 651 piissimo
763 613 860 651 atque
884 610 1071 651 imperatori
1095 619 1198 640 novae
1221 609 1360 641 Romae.

394 661 569 693 Probabile
599 661 728 703 quidem
754 665 786 693 et
809 661 973 693 laudabile
997 664 1122 692 constat
1144 660 1285 702 aliquem
1309 660 1442 692 fratrum
1465 661 1613 692 monitis³
1637 661 1728 702 quasi
1751 661 1941 703 quibusdam

288 714 415 745 flatibus
447 714 488 745 ad
518 714 627 755 ignem
658 714 800 745 caritatis
830 713 976 750 accendi;
1010 712 1210 754 probabilius
1241 714 1348 744 autem
1389 715 1437 744 est
1472 712 1517 744 sic
1550 713 1743 754 impensiusb
1775 713 1941 744 ultroneae

286 767 458 797 voluntatis
482 765 524 797 ad
547 765 608 797 hoc
631 765 771 796 motibus
794 765 966 802 inflamari;
991 767 1040 795 set
1063 764 1342 805 probatissimum0
1365 766 1414 795 est
1437 763 1704 806 quandocumque
1729 764 1815 795 viam
1832 774 1943 806 quem-

287 828 384 860 quam
408 818 532 848 virtutis
563 818 704 859 arripere
735 820 767 848 et
796 817 900 858 magis
924 817 1092 858 magisque
1117 817 1204 847 miris
1227 816 1425 847 successibus
1441 816 1472 847 in
1496 816 1632 847 sublime
1651 816 1817 858 proficere.
1856 815 1940 847 Nam

286 870 341 901 ille
365 881 492 911 semper
514 869 631 901 miles<l
653 880 672 900 a
697 869 776 900 duce
798 869 902 910 magis
925 868 1077 910 diligitur,
1103 869 1157 910 qui
1173 871 1245 909 post
1264 868 1396 899 veniens
1417 867 1557 899 hostium
1575 868 1657 899 vires
1673 867 1798 899 fortiter
1814 868 1942 912 premit,

286 933 382 964 quam
405 922 483 963 hise,
508 922 563 963 qui
585 922 741 952 maturius
765 920 895 962 quidem
919 921 1065 961 accessit,
1088 920 1147 951 sed
1170 920 1252 951 forte
1277 922 1332 951 aut
1354 919 1451 950 nichil
1475 922 1531 951 aut
1550 922 1638 951 certe
1654 919 1816 951 modicum
1832 920 1942 961 gessit.

395 973 577 1005 Secundum
602 984 697 1015 quam
720 973 867 1014 regulam
885 972 1034 1003 divinitus
1051 972 1260 1003 sublimatum
1275 971 1444 1013 imperium
1460 974 1603 1002 nostrum
1620 982 1661 1003 ex
1678 971 1739 1012 die,
1757 982 1820 1013 qua
1836 971 1944 1012 coepit

287 1036 364 1067 erga
395 1025 631 1057 fraternitatem
664 1028 751 1056 tuam
785 1024 965 1055 dilectionis
994 1023 1137 1055 radicem
1167 1024 1199 1054 in
1223 1023 1319 1054 corde
1344 1034 1400 1055 suo
1425 1023 1581 1065 plantare,
1605 1023 1799 1064 multiplices
1822 1023 1943 1054 fructus

287 1077 419 1109 exibere
443 1088 506 1108 non
531 1077 663 1117 destitit,
687 1087 749 1108 non
770 1077 873 1107 minus
898 1076 997 1118 quaef
1019 1079 1125 1107 vestra
1149 1082 1206 1107 acg
1230 1075 1332 1118 quaeh
1355 1078 1464 1107 nostra
1493 1078 1565 1106 sunt
1587 1085 1762 1116 procurans
1787 1078 1819 1106 et
1841 1075 1943 1106 vindi-

288 1139 372 1160 cans.
420 1129 573 1165 Quamvis
591 1139 673 1170 quae
698 1129 782 1159 circa
797 1128 912 1159 missos
928 1130 1053 1159 nostros
1070 1128 1100 1158 in
1118 1138 1214 1159 causa
1234 1128 1461 1159 familiaritatis
1478 1130 1510 1159 et
1525 1127 1732 1168 benignitatis
1748 1130 1780 1158 te
1796 1127 1944 1169 gloriaris

287 1182 401 1222 egisse,
425 1191 483 1211 nos
507 1181 594 1222 prius
611 1190 689 1222 erga
705 1180 884 1211 Iohannem
908 1179 1156 1210 famosissimum
1173 1179 1362 1221 patricium1
1387 1179 1524 1220 gessisse
1540 1182 1696 1221 patescat,
1714 1189 1808 1220 quem
1828 1189 1943 1210 revera

285 1244 348 1264 non
378 1233 459 1264 sicut
493 1233 632 1264 amicum
661 1231 713 1263 vel
741 1231 1012 1273 quemadmodum
1042 1231 1157 1272 fratris,
1188 1231 1221 1262 id
1251 1234 1299 1262 est
1329 1231 1455 1272 imperii
1478 1231 1534 1271 tui,
1557 1229 1743 1270 hominemi,
1767 1229 1824 1261 sed
1852 1231 1944 1272 quasi

286 1285 556 1326 consanguineum
580 1287 724 1315 nostrum
747 1286 780 1314 et
802 1286 967 1325 tamquam
993 1283 1205 1314 excellentiae
1228 1286 1304 1314 tuae
1321 1283 1466 1314 sobolem
1482 1283 1688 1314 tractavimus
1704 1285 1736 1313 et
1758 1282 1942 1319 dileximus;

286 1347 344 1368 nec
366 1336 451 1368 hunc
475 1347 575 1378 penes
598 1347 656 1368 nos
679 1336 819 1378 positum
842 1338 897 1366 aut
921 1335 1054 1366 tarditas
1077 1346 1218 1376 unquam
1241 1335 1396 1376 temporis
1420 1338 1475 1366 aut
1498 1335 1609 1366 intima
1631 1335 1775 1366 Iocorum
1800 1345 1819 1366 a
1841 1344 1942 1376 pene-

287 1388 419 1419 tralibus
450 1389 564 1419 nostris
593 1388 701 1419 fecere
726 1390 897 1418 extorrem.
945 1387 1096 1418 Ceterum
1125 1387 1323 1428 spiritualem
1349 1387 1583 1418 fraternitatem
1607 1389 1694 1418 tuam
1717 1387 1872 1418 miramur
1895 1389 1943 1418 tot

287 1450 468 1471 sermonum
498 1439 654 1480 ambages
682 1439 911 1470 contentiosius
935 1438 1088 1470 adversus
1112 1438 1291 1479 apostolum
1316 1438 1593 1480 praetendentem,
1609 1439 1662 1480 qui
1686 1438 1774 1470 dicit:
1805 1437 1850 1469 ‘Si
1873 1439 1944 1480 quis

285 1493 353 1523 vult
377 1493 592 1523 contentiosus
617 1501 698 1530 esse,
722 1501 779 1521 nos
803 1490 902 1521 talem
919 1490 1183 1521 consuetudinem
1206 1501 1267 1521 non
1290 1490 1457 1529 habemus,
1482 1501 1587 1532 neque
1611 1491 1747 1521 ecclesia
1770 1489 1854 1532 Dei',
1871 1501 1943 1522 cum

286 1544 412 1584 imperii
442 1543 580 1584 dignitas
611 1542 697 1583 apud
721 1542 827 1573 Deum
854 1553 918 1572 non
946 1543 979 1572 in
1006 1541 1153 1573 vocabuli
1180 1542 1319 1581 nomine,
1343 1545 1392 1573 set
1414 1543 1446 1572 in
1470 1542 1608 1573 culmine
1631 1542 1761 1583 pietatis
1785 1542 1943 1584 gloriosak

287 1595 453 1631 consistat;
478 1605 536 1626 nec
564 1594 655 1625 nobis
679 1593 765 1635 quod
789 1593 992 1635 appellamur
1015 1593 1204 1634 mirandum,
1229 1596 1277 1624 set
1300 1593 1386 1635 quod
1415 1604 1523 1624 sumus
1546 1604 1743 1634 magnopere
1767 1593 1941 1635 providen-

287 1645 372 1677 dum.
411 1646 534 1677 Verum
558 1646 632 1687 quia
657 1645 696 1676 de
726 1645 933 1686 imperatorio
965 1645 1093 1676 nomine
1124 1645 1225 1676 multa
1252 1645 1343 1676 nobis
1367 1645 1529 1686 scripsisti,
1555 1646 1699 1686 cogimur
1723 1648 1756 1676 et
1778 1656 1836 1676 nos
1860 1656 1940 1687 quo-

286 1708 348 1739 que
373 1697 413 1728 ad
436 1698 553 1738 scripta
577 1700 632 1728 tua
655 1697 816 1738 quaedam
839 1696 1026 1737 rescribere,
1049 1707 1089 1727 ne
1114 1697 1139 1726 si
1155 1706 1387 1738 usquequaque
1412 1707 1507 1737 super
1530 1696 1590 1727 hoc
1614 1696 1804 1736 siluerimus,
1821 1708 1884 1728 non
1907 1701 1942 1729 ut

287 1750 526 1781 contentionem
555 1749 702 1786 vitantes,
729 1751 778 1780 set
808 1748 900 1790 quasi
928 1748 1053 1779 ratione
1084 1747 1264 1786 convincti1‚
1295 1747 1418 1778 siluisse
1447 1747 1488 1778 ab
1515 1747 1736 1789 insipientibus
1763 1748 1940 1781 videamur.

396 1800 521 1832 Indicat
555 1801 664 1841 itaque
698 1799 826 1831 dilectio
859 1802 914 1830 tua
943 1810 976 1830 se
1008 1799 1215 1831 maledictum
1245 1799 1327 1840 legis
1361 1809 1545 1840 pavescere,
1577 1802 1609 1830 et
1637 1799 1756 1831 idcirco
1787 1801 1939 1832 terminos

286 1856 434 1884 aeternos
468 1851 640 1883 transferre
671 1854 704 1882 et
733 1855 877 1883 veterum
913 1852 1144 1892 imperatorum
1175 1851 1294 1882 formas
1328 1853 1525 1882 commutare
1561 1861 1598 1882 ac
1625 1854 1755 1892 praeter
1785 1853 1939 1884 canonica

286 1915 323 1936 ac
346 1908 479 1945 paterna
503 1906 678 1945 praecepta
701 1904 883 1935 conversari
903 1906 1040 1934 rennuat
1063 1906 1095 1934 et
1118 1905 1255 1935 recuset.
1300 1902 1341 1933 Et
1364 1906 1471 1934 tamen
1493 1903 1547 1944 qui
1570 1906 1642 1933 sunt
1663 1902 1709 1934 illi
1732 1904 1784 1934 vel
1806 1904 1861 1935 ubi
1885 1907 1940 1936 aut

284 1956 368 1987 unde
393 1956 511 1987 fuerint
526 1955 642 1997 prolati
665 1956 793 1987 termini
816 1956 938 1986 aeterni
961 1955 1013 1986 vel
1036 1958 1163 1986 veteres
1187 1954 1310 1985 formae
1335 1957 1390 1985 aut
1404 1954 1460 1984 illa
1476 1955 1629 1985 canonica
1646 1957 1679 1986 et
1694 1958 1828 1996 paterna
1844 1966 1938 1997 prae-

280 2011 383 2049 cepta,
400 2009 530 2039 minusm
547 2010 659 2048 aperte
676 2007 828 2045 declarat,
843 2007 902 2037 nisi
926 2006 1008 2037 forte
1033 2016 1129 2047 super
1144 2006 1348 2047 imperatoris
1364 1998 1481 2037 nomen
1497 2005 1575 2037 velit
1590 2006 1672 2038 haec
1688 2009 1800 2038 cuncta
1817 2007 1936 2039 sentiri.

280 2060 401 2091 Verum
433 2060 518 2101 apud
549 2069 606 2090 nos
635 2059 736 2090 multa
759 2058 843 2089 lecta
867 2061 948 2097 sunt,
972 2058 1074 2089 multa
1103 2058 1232 2099 quidem
1261 2057 1422 2089 indefesse
1453 2058 1616 2098 leguntur;
1640 2069 1803 2100 nunquam
1828 2062 1937 2090 tamen

279 2112 458 2143 invenimus
474 2112 627 2142 terminos
644 2111 766 2152 positos
782 2110 834 2141 vel
850 2110 968 2141 formas
992 2113 1046 2141 aut
1068 2113 1243 2151 praecepta
1259 2109 1394 2150 prolata,
1416 2110 1578 2140 neminem
1601 2110 1831 2151 appellandum
1848 2111 1935 2142 basi-

280 2163 332 2195 lea
344 2164 404 2194 nisi
421 2174 504 2203 eum,
519 2173 614 2204 quem
630 2163 663 2193 in
675 2162 754 2193 urbe
767 2162 1142 2202 Constantinopolitanau
1159 2162 1286 2203 imperii
1297 2164 1409 2192 tenere
1422 2161 1639 2202 gubernacula
1653 2162 1847 2204 contigisset,
1862 2172 1934 2193 cum

279 2216 423 2256 gentium
441 2215 636 2256 singularum
652 2214 875 2245 monimentis0
898 2214 1025 2244 interim
1047 2213 1233 2254 postpositis
1249 2223 1360 2244 sacrae
1383 2213 1475 2244 nobis
1497 2213 1667 2244 affluenter
1687 2214 1826 2254 ystoriae
1843 2224 1936 2245 mon-

280 2270 399 2298 strantp
422 2267 577 2308 plurimos
601 2266 697 2297 fuisse
714 2265 864 2296 basileisq
887 2268 1095 2306 nuncupatos,
1120 2275 1183 2296 non
1200 2265 1302 2295 solum
1319 2265 1439 2296 electos
1463 2269 1633 2306 quosque‘,
1658 2265 1769 2306 quales
1785 2265 1936 2297 videlicet

278 2319 368 2350 fuere
385 2318 625 2350 Melchisedech
642 2320 673 2348 et
685 2317 800 2357 David,
818 2328 928 2348 verum
945 2317 1042 2348 etiam
1058 2316 1223 2358 reprobos,
1241 2317 1351 2358 quales
1367 2317 1524 2358 primores
1539 2316 1734 2348 Assiriorum
1751 2316 1934 2358 Aegyptio-

382 2465 405 2496 2)
424 2468 507 2489 monis
528 2474 549 2490 c.
640 2464 663 2495 b)
683 2455 796 2497 ipfilbius
815 2472 836 2494 c,
855 2466 873 2487 1‘1
893 2467 916 2487 et
934 2454 949 2487 b
969 2461 1003 2495 (52)
1018 2463 1117 2495 partim
1140 2471 1224 2488 erasa.
1313 2462 1335 2493 c)
1354 2463 1586 2495 probabilissimum
1605 2463 1687 2488 Pertz.
1770 2462 1794 2494 d)
1814 2463 1894 2488 milex
1912 2471 1933 2488 c.

277 2508 300 2540 θ)
320 2509 336 2533 11
356 2517 421 2533 eras.
436 2517 455 2533 c.
553 2507 572 2539 s)
599 2516 615 2539 q
643 2507 725 2539 (linea
752 2510 858 2531 curvata
885 2506 973 2534 erasa)
1001 2515 1021 2530 c.
1118 2506 1142 2536 Β)
1173 2506 1273 2531 euanuit
1300 2514 1321 2530 c.
1420 2504 1445 2538 h)
1472 2507 1574 2531 evanuit
1601 2515 1626 2535 c,·
1661 2515 1731 2532 nunc
1756 2514 1833 2538 quam
1861 2514 1896 2530 m.
1909 2507 1932 2531 2.

276 2551 294 2582 i)
315 2561 338 2576 m
351 2552 467 2583 (cubans,
485 2552 553 2583 quod
571 2551 672 2583 saepius
692 2550 802 2575 invenies
822 2549 849 2574 in
868 2548 964 2581 codice)
983 2557 1048 2573 eras.
1061 2557 1081 2573 c.
1146 2547 1171 2580 k)
1191 2550 1301 2581 gloriose
1314 2548 1397 2574 Pertz.
1462 2547 1480 2580 1)
1500 2550 1612 2574 convicti
1625 2549 1708 2574 Perta.
1770 2548 1803 2581 m)
1823 2549 1899 2573 nimis
1912 2556 1932 2573 c.

277 2594 303 2625 ι1)
323 2595 544 2627 Constantinopoli
566 2594 649 2619 Pcrtz.
733 2592 757 2624 o)
778 2593 882 2617 monitis
902 2601 922 2617 c.
1010 2591 1034 2622 Ρ)
1054 2595 1179 2617 mostrant
1198 2601 1218 2623 c,
1236 2592 1272 2617 sic
1289 2592 1398 2624 saepius.
1487 2592 1511 2623 (1)
1525 2596 1585 2624 post
1603 2593 1681 2618 fuisse
1699 2601 1753 2617 una
1772 2593 1857 2617 littera
1877 2592 1898 2623 (t
1912 2590 1932 2623 2)

276 2646 367 2668 erasm
383 2639 448 2663 basil
462 2646 467 2664 :
480 2646 502 2663 z:
523 2646 542 2668 c,
562 2646 605 2662 eos
624 2645 689 2662 corr.
703 2645 735 2661 m.
750 2638 772 2662 2.
842 2634 864 2666 ¹¹)
884 2644 914 2660 ex
932 2636 1105 2667 electoresque
1124 2644 1189 2660 corr.
1204 2644 1224 2660 c.

378 2733 404 2759 1'>
424 2732 467 2758 De
486 2740 538 2765 quo
557 2732 591 2763 cf.
605 2739 690 2764 supra
704 2738 731 2764 p.
746 2733 795 2756 186
814 2737 879 2755 ann.
893 2733 915 2756 5.

1972 724 1996 744 10

1972 982 1995 1002 15

1971 1241 1997 1261 20

1969 1500 1995 1520 25

1968 1759 1993 1778 30

1967 2017 1991 2036 ³5

1962 2274 1988 2293 4⁰

1960 2599 1985 2619 45
