2189 3042
153 629 206 649 Luc.
218 632 237 652 ε,
247 631 279 649 37.

137 1043 193 1065 Gen.
203 1045 234 1068 18,
248 1047 280 1065 21.

136 1146 190 1167 st.
201 1149 232 1171 1⁹,
244 1149 275 1167 14.

104 1198 166 1219 Rom.
178 1201 207 1223 14,
216 1201 275 1223 resq.

84 1978 114 1998 ct.
120 1976 216 1998 1:1¹110ss.
222 1977 276 2001 ὅθι.

300 130 358 158 421
540 124 731 150 ANASTAsn
753 124 1052 151 fflBLIO'rHEcARII
1073 123 1269 151 EPISTOLAE
1288 124 1368 151 SIVE
1390 125 1667 153 PRAEFATIONES
1684 129 1709 154 9.

297 212 410 243 erroris
440 214 562 241 tantum
595 210 800 251 deceptione,
833 213 985 252 quantum
1015 221 1057 242 ex
1087 211 1244 242 electione
1275 221 1337 242 non
1367 215 1455 242 recta
1485 215 1517 243 et
1547 213 1746 245 contentiosa
1777 215 1949 256 pertinatia

296 266 477 303 generetur.
524 262 602 298 Quis
626 264 733 293 autem
756 263 825 303 erit,
857 263 910 304 qui
935 262 1025 293 nobis
1053 262 1180 293 interim
1211 262 1306 302 dicat,
1338 266 1445 294 utrum
1475 264 1544 304 ipse
1573 274 1631 305 pro
1664 268 1750 297 certo
1782 266 1951 298 dictaverit

297 313 477 354 epistolam,
503 313 542 344 de
568 323 630 354 qua
653 313 743 344 illum
767 313 1059 345 anathematizandi
1082 313 1228 345 fomitem
1252 314 1500 346 calumniatores
1523 320 1741 357 susceperunt,
1758 328 1829 349 cum
1854 321 1886 349 et
1910 329 1950 350 ex

296 364 457 405 scriptoris
473 364 523 395 vel
540 364 850 406 indisciplinatione·¹
865 365 916 396 vel
931 365 962 395 in
980 364 1164 405 pontificem
1180 364 1253 397 odio
1269 365 1346 407 quid
1363 366 1549 407 contingere
1566 367 1631 399 tale
1648 369 1819 409 potuerit¹‚
1836 379 1949 411 quam-

296 416 342 446 vis
367 426 427 446 non
451 416 634 457 ignoremus
658 416 794 447 docente
818 419 927 448 sancto
966 415 1108 447 Maximo
1133 417 1164 447 in
1189 417 1326 458 epistola
1350 427 1416 458 sua⁷
1442 428 1537 459 quam
1561 417 1685 450 Marino
1710 421 1836 462 scripsit
1859 431 1948 462 pres-

296 467 398 498 bitero
409 467 432 506 2,
462 468 696 499 sanctissimum
720 467 801 499 hanc
825 469 987 509 scripsisse
1012 467 1190 499 Iohannem
1214 468 1375 500 abbatem.
1411 468 1498 508 Esto,
1524 472 1557 500 et
1579 470 1646 511 ipse
1672 470 1809 503 dictator
1832 473 1948 504 extitit.

296 519 374 555 Quis
407 518 479 550 hinc
510 519 599 549 illum
629 519 858 560 interrogavit?
905 519 1002 556 Quisb
1033 520 1242 551 intentionem
1273 520 1518 561 investigavit-¹³?
1561 521 1639 557 Quis
1671 522 1755 554 hunc
1787 524 1948 565 corrigere

293 571 394 602 voluit
417 574 449 602 et
471 570 526 602 ille
550 572 749 611 percontanti
773 575 829 602 aut
852 571 1025 602 emendare
1050 572 1179 603 conanti
1202 572 1320 603 restitit
1335 572 1386 603 vel
1410 573 1666 604 contentionibus
1689 575 1832 606 serviens
1847 575 1949 607 resul-

295 623 394 653 tavit?
440 621 636 654 Praesertim
660 633 732 653 cum
756 623 787 653 in
812 623 980 665 evangelio
1005 623 1070 663 illo,
1103 633 1165 665 quo
1189 623 1319 654 dicitur:
1351 623 1470 656 ‘Nolite
1500 625 1642 656 iudicare
1672 629 1704 657 et
1734 637 1797 657 non
1825 627 1948 658 iudica-

292 673 413 704 bimini'
438 677 470 704 et
493 677 612 714 cetera,
642 674 720 705 nihil
744 674 830 705 aliud
854 675 998 716 praecipi
1023 675 1147 715 magnis
1171 675 1269 706 etiam
1293 676 1454 716 magistris
1479 676 1634 708 ecclesiae
1659 677 1795 718 videtur,
1826 678 1886 709 nisi
1913 682 1949 710 ut

291 736 330 756 ea
353 725 448 765 facta,
480 736 563 767 quae
588 725 719 757 dubium
743 729 791 757 est
815 737 877 768 quo
902 727 1009 757 animo
1033 726 1121 766 fiant,
1150 727 1181 757 in
1213 726 1379 758 meliorem
1409 730 1535 768 partem
1564 728 1821 770 interpretemur.
1870 729 1950 761 Sunt

291 778 411 818 quippe
435 777 593 819 quaedam
617 777 703 809 facta
725 778 843 818 media,
865 788 947 819 quae
970 779 1156 820 ignoramus
1180 788 1242 819 quo
1266 779 1372 809 animo
1397 778 1485 819 fiant,
1510 789 1582 810 cum
1605 779 1690 811 bono
1715 783 1748 812 et
1770 780 1856 812 malo
1879 781 1949 813 fieri

291 829 422 870 possint,
455 829 494 861 de
524 829 638 871 quibus
667 831 873 861 temerarium
904 833 952 862 est
980 829 1133 869 iudicare,
1164 830 1305 861 maxime
1333 833 1368 861 ut
1399 830 1658 863 condemnemus.
1705 831 1853 874 Denique
1885 833 1948 864 duo

291 885 372 916 sunt,
402 882 434 912 in
462 881 576 922 quibus
607 881 811 913 temerarium
840 882 993 913 iudicium
1023 892 1137 913 cavere
1169 881 1335 920 debemus,
1367 892 1439 913 cum
1469 882 1626 914 incertum
1657 886 1715 924 est,
1747 894 1809 925 quo
1842 885 1948 916 auimo

291 933 462 974 quicquam
487 933 607 964 factum
630 933 680 973 sit,
704 933 755 964 vel
780 943 851 964 cum
875 934 1032 965 incertum
1057 936 1114 973 est,
1145 934 1248 975 qualis
1271 933 1395 964 futurus
1419 934 1469 974 sit,
1501 935 1554 976 qui
1582 945 1665 966 nunc
1689 935 1741 966 vel
1770 936 1874 967 malus
1897 936 1948 968 vel

293 984 395 1015 bonus
419 988 565 1026 apparet.
601 985 762 1021 Quantum
787 989 894 1016 autem
919 985 1125 1016 temerarium
1149 985 1190 1016 sit
1205 984 1358 1016 iudicium
1375 986 1646 1026 praecavendum,
1663 990 1775 1027 aperte
1792 987 1950 1019 Dominus

295 1036 425 1076 indicat,
457 1037 510 1078 qui
535 1036 574 1067 de
599 1036 773 1068 Sodomitis
801 1047 891 1068 more
922 1039 1030 1068 nostro
1060 1037 1201 1078 loquitur
1225 1036 1347 1068 dicens:
1379 1036 1593 1068 ‘Descendam
1624 1042 1656 1069 et
1685 1038 1812 1079 videbo,
1843 1042 1949 1071 utrum

293 1087 478 1128 clamorem,
504 1089 557 1129 qui
581 1089 668 1120 venit
691 1088 732 1120 ad
755 1099 817 1129 me,
848 1098 946 1129 opere
971 1088 1212 1129 compleverint,
1245 1099 1285 1119 an
1308 1099 1370 1119 non
1397 1091 1445 1119 est
1469 1090 1524 1128 ita,
1556 1092 1591 1120 ut
1614 1089 1732 1121 sciam’.
1779 1089 1821 1121 Et
1843 1101 1950 1122 rursus

292 1149 351 1180 per
374 1139 522 1181 Moysen:
552 1138 613 1170 ‘Ne
642 1140 818 1171 maledicas
847 1139 954 1171 surdo'
984 1141 1030 1170 ait
1058 1140 1130 1171 ‘nec
1159 1150 1267 1171 coram
1297 1150 1393 1171 caeco
1424 1151 1525 1181 ponas
1559 1140 1808 1174 offendiculum’.
1855 1143 1949 1179 Quod

292 1191 414 1223 eisdem
437 1202 521 1233 pene
545 1191 651 1222 verbis
678 1192 842 1233 apostolus
872 1194 994 1223 monet:
1018 1190 1268 1233 ‘Unusquisque'
1290 1192 1438 1233 inquiens
1460 1193 1614 1223 ‘nostrum
1638 1204 1695 1233 pro
1727 1203 1761 1224 se
1790 1194 1949 1225 rationem

295 1243 410 1275 reddet
432 1243 514 1276 Deo.
560 1243 634 1274 Non
658 1254 734 1284 ergo
759 1244 896 1284 amplius
919 1244 1056 1274 invicem
1079 1243 1267 1283 iudicemus,
1291 1243 1349 1274 sed
1373 1243 1434 1274 hoc
1458 1244 1598 1275 iudicate
1621 1245 1735 1286 magis,
1760 1255 1800 1276 ne
1823 1246 1950 1286 ponatis

292 1295 518 1326 offendiculum
542 1295 633 1326 fratri
657 1296 707 1327 vel
731 1295 937 1326 scandalum³.
985 1294 1063 1331 Quis
1089 1297 1198 1326 autem
1230 1296 1332 1336 magis
1361 1295 1474 1326 surdus
1498 1295 1549 1327 vel
1579 1299 1686 1327 mutus
1717 1295 1871 1327 dicendus
1902 1299 1951 1328 est

292 1358 389 1389 quam
411 1348 447 1388 is,
478 1348 527 1379 cui
551 1357 623 1378 cum
647 1347 804 1378 exanimis
829 1350 862 1378 et
885 1346 1058 1378 dissolutus
1086 1347 1171 1378 iacet
1200 1347 1232 1378 iu
1262 1346 1420 1388 sepulcro,
1453 1357 1510 1378 nec
1535 1348 1620 1378 auris
1644 1350 1734 1388 patet
1757 1348 1799 1379 ad
1823 1348 1951 1380 obiecta

293 1399 480 1430 solemniter
502 1398 699 1430 audiendum
721 1408 780 1429 uec
805 1409 840 1429 os
863 1399 1006 1439 aperitur
1028 1398 1070 1429 ad
1093 1398 1222 1429 obiecta
1245 1398 1481 1430 rationabiliter
1496 1399 1734 1431 refellendum?
1764 1400 1885 1431 Verum
1910 1400 1950 1432 de

290 1450 472 1482 huiusmodi
500 1450 626 1481 iudiciis
655 1450 825 1490 sufficiunt,
855 1460 938 1491 quae
966 1449 1158 1481 venerabilis
1180 1450 1371 1481 Anastasius
1401 1450 1599 1491 apostolicae
1629 1451 1716 1482 sedis
1746 1452 1875 1492 praesul
1908 1451 1950 1483 ad

289 1503 497 1533 Anastasium
520 1503 749 1543 imperatorem
773 1502 915 1533 scribens
939 1512 1048 1533 sacrae
1072 1502 1248 1542 scripturae
1273 1502 1473 1533 auctoritatis
1496 1502 1639 1543 pondere
1663 1502 1796 1544 gravida
1820 1503 1946 1534 docet3.

292 1554 356 1585 Sed
379 1564 418 1584 ne
435 1553 602 1585 videamur
617 1557 683 1584 tam
707 1556 850 1584 sanctam
873 1556 1004 1594 tamque
1029 1553 1258 1584 reverendamc
1274 1553 1431 1594 synodum
1455 1563 1606 1585 accusare
1623 1554 1675 1586 vel
1694 1558 1815 1586 temere
1837 1565 1947 1596 repre-

290 1605 442 1645 hendere,
471 1605 570 1636 licere
594 1605 686 1635 nobis
710 1605 878 1646 opinamur
902 1605 942 1635 de
966 1604 1021 1635 illa
1044 1605 1172 1644 sentire,
1205 1614 1288 1646 quae
1313 1607 1440 1635 sanctos
1464 1607 1571 1646 patres
1594 1609 1720 1636 nostros
1744 1605 1784 1637 de
1810 1605 1944 1637 Chalce-

293 1656 427 1688 donensi
449 1666 567 1697 magna
590 1655 711 1697 synodo
737 1656 873 1687 sensisse
903 1666 968 1686 non
996 1656 1191 1696 ignoramus.
1239 1655 1381 1692 Quorum
1411 1666 1501 1695 unus,
1533 1659 1661 1687 sanctus
1684 1656 1836 1688 videlicet
1864 1668 1949 1698 papa

293 1708 478 1749 Gregorius,
507 1719 596 1745 usque
617 1711 655 1736 ad
676 1710 863 1744 prolationem
886 1707 1108 1738 tantummodo
1132 1719 1271 1737 canonum
1299 1707 1382 1738 hanc
1412 1708 1649 1749 suscipiendam
1680 1708 1750 1739 fore
1781 1709 1948 1750 signavit&

290 1760 412 1791 Beatus
440 1762 549 1790 autem
580 1769 682 1800 aeque
712 1769 798 1799 papa
825 1758 973 1789 Gelasius
1002 1759 1034 1789 in
1064 1761 1151 1789 tomo
1182 1758 1222 1789 de
1255 1758 1471 1789 anathematis
1500 1759 1636 1799 vinculo,
1669 1759 1806 1801 qualiter
1836 1760 1952 1791 eadem

290 1811 429 1851 synodus
452 1810 638 1851 recipienda
665 1811 714 1850 sit,
746 1810 915 1841 luculentis
943 1810 1101 1851 exemplis
1132 1813 1165 1841 et
1194 1810 1354 1841 nonnullis
1385 1810 1499 1841 divinis
1530 1811 1722 1842 testimoniis
1752 1812 1864 1852 innuit,
1896 1811 1951 1843 ubi

291 1864 405 1894 horum
429 1863 699 1894 circumstantiam
726 1861 783 1892 tali
806 1861 1039 1893 deliberatione
1070 1861 1268 1892 concludit⁵:
1299 1864 1376 1891 Haec
1406 1862 1552 1903 inquiens
1582 1867 1611 1890 et
1639 1865 1801 1892 huiusmodi
1823 1866 1953 1900 exempla

292 1927 342 1944 nos
364 1918 482 1944 edocent
504 1920 532 1943 et
555 1917 718 1943 testimonia
744 1916 845 1942 divina
868 1916 1034 1943 confirmant
1057 1924 1113 1942 non
1136 1917 1230 1943 omnia
1254 1915 1358 1950 passim
1382 1925 1399 1942 a
1422 1925 1589 1950 quocunque
1617 1917 1696 1943 dieta
1717 1917 1763 1943 vel
1792 1917 1951 1952 ubicunque

291 1971 395 2003 scripta
412 1969 602 1995 indifferenter
617 1969 750 2002 accipere,
767 1968 816 1994 sed
830 1968 947 1994 retentis
963 1968 1043 1994 bonis
1059 1976 1131 2002 quae
1146 1970 1267 1994 noceant
1281 1967 1412 1994 refutare.
1445 1964 1529 1996 Nam
1554 1968 1586 1996 et
1608 1964 1690 1996 hanc
1707 1975 1836 2007 quoque
1860 1976 1951 1997 Sanc-

291 2022 356 2049 tam
380 2017 557 2058 synodum⁶
574 2017 727 2047 canoniea
751 2015 913 2058 quaedam
934 2016 1076 2057 capitula
1099 2016 1321 2057 promulgasse
1339 2015 1516 2047 Grecorum
1539 2017 1659 2057 scripta
1680 2019 1847 2058 testantur,
1869 2027 1951 2058 quae

293 2074 401 2101 tamen
432 2079 515 2110 pene
540 2069 661 2107 omnia,
693 2068 768 2109 quia
796 2067 890 2099 sedes
919 2068 1096 2109 apostolica
1125 2078 1188 2098 non
1219 2067 1440 2109 approbavi&⁷
1470 2071 1538 2099 tota
1566 2068 1724 2099 Latinitas
1756 2068 1950 2109 reprobavit.

295 2121 359 2153 Sed
384 2120 459 2162 quid
490 2119 530 2151 de
560 2119 620 2150 hac
651 2120 719 2150 sola
749 2119 893 2157 dicimus,
923 2129 994 2150 cum
1025 2123 1058 2150 et
1088 2118 1261 2150 secundam
1291 2119 1505 2151 universalem
1536 2119 1703 2160 synodum,
1735 2130 1817 2160 quae
1847 2120 1950 2161 primo

294 2171 572 2212 Constantinopoli
598 2171 761 2203 celebrata
791 2173 849 2210 est,
879 2171 910 2201 in
934 2181 1030 2201 causa
1053 2172 1208 2211 primatus
1233 2171 1441 2202 ecclesiarum
1472 2170 1566 2202 sedes
1594 2171 1772 2212 apostolica
1800 2181 1862 2202 non
1893 2171 1949 2202 ad-

292 2225 429 2264 mittat7‚
458 2225 533 2265 quin
556 2227 589 2255 et
612 2233 723 2254 omnes
746 2222 884 2263 synodos
907 2223 951 2253 sic
975 2222 1177 2263 recipiendas
1206 2222 1368 2261 decernat,
1399 2225 1434 2253 ut
1464 2221 1762 2254 Chalcedonensem
1792 2223 1949 2263 synodum

293 2275 525 2307 admittendam
558 2275 625 2305 fore
655 2274 838 2315 praedictus
869 2277 997 2305 sanctus
1028 2273 1177 2305 Gelasius
1210 2284 1295 2315 papa
1330 2274 1514 2314 describas,
1546 2285 1598 2311 pro
1629 2277 1695 2303 fidei
1725 2274 1846 2305 scilicet
1876 2286 1949 2304 com-

397 2441 421 2471 a)
441 2448 507 2465 corr.
520 2439 576 2464 ead.
591 2448 623 2463 m.
637 2447 667 2464 ex
678 2439 839 2470 indiscipline
859 2438 888 2462 P.
959 2437 984 2470 b)
1004 2439 1273 2471 quis—investigavit
1283 2439 1317 2463 αἰ.
1333 2439 1440 2470 antiqua
1457 2447 1490 2462 m.
1505 2439 1530 2463 in
1550 2447 1630 2471 mar-y.
1646 2439 1707 2464 add.
1722 2439 1751 2463 P.
1816 2440 1839 2470 ⁰)
1850 2447 1949 2464 reuere-

296 2483 324 2507 ἱη
342 2491 394 2507 ras.
409 2484 442 2507 al.
457 2483 563 2514 amiqua
581 2491 614 2507 m.
627 2483 674 2514 (cf.
689 2490 749 2506 ann.
764 2482 789 2512 b)
809 2481 840 2506 P.
929 2480 953 2512 (¹)
973 2490 1041 2506 corr.
1056 2486 1146 2506 recent.
1169 2490 1201 2505 m.
1216 2490 1246 2506 ex
1267 2482 1421 2514 approbabit
1439 2482 1470 2506 P.

400 2577 424 2609 l)
448 2576 486 2607 Cf.
503 2576 590 2602 Perels
607 2577 623 2602 l.
637 2576 653 2602 l.
672 2584 698 2609 p.
714 2579 767 2602 277.
895 2575 922 2601 2»
945 2574 1033 2607 Quam
1052 2574 1217 2601 Anastasius
1239 2575 1339 2601 Latine
1364 2574 1450 2607 vertit,
1476 2575 1512 2607 cf.
1532 2575 1626 2608 Miyrw
1651 2574 1728 2600 Patr.
1743 2575 1789 2601 lat.
1806 2574 1948 2608 CXXIX,

295 2623 341 2646 572
353 2619 379 2646 C.
484 2619 512 2652 3)
532 2619 593 2652 Req.
603 2618 678 2651 Jafie
692 2623 748 2650 744,
767 2618 805 2644 ed.
818 2618 913 2651 Miyne
932 2617 1006 2644 Patr.
1021 2618 1066 2644 lat.
1080 2617 1208 2649 LXVII,
1221 2620 1266 2644 311
1290 2626 1312 2644 c.
1331 2622 1353 2644 52.
1452 2619 1479 2650 4)
1507 2617 1630 2650 Greqowii
1648 2617 1670 2644 Ι.
1696 2617 1808 2651 Βεςίειν.
1823 2617 1877 2649 ΙΧ,
1891 2621 1945 2649 147,

295 2662 332 2689 ed.
351 2661 419 2688 ΜΘ.
441 2661 531 2694 Epist.
551 2661 594 2691 H,
610 2665 662 2688 145.
784 2662 810 2693 5)
840 2660 901 2693 Ray.
920 2660 993 2692 ιῙαῆἱὲ
1020 2665 1073 2693 701,
1101 2661 1140 2688 ed.
1169 2661 1243 2687 leiel
1266 2661 1405 2695 Epistolae
1429 2664 1506 2694 pont.
1524 2661 1600 2687 Rom.
1614 2661 1638 2692 Ι,
1652 2664 1707 2688 559.
1829 2661 1856 2694 6)
1884 2660 1949 2687 Scit.

298 2704 538 2737 chalcedonensem,
558 2704 594 2736 cf.
607 2712 692 2738 supra
706 2713 734 2737 p.
750 2708 799 2730 414
817 2711 882 2729 ann.
899 2707 911 2729 7
928 2706 951 2729 et
972 2706 996 2730 8.
1103 2704 1129 2737 7)
1153 2704 1269 2730 Secundi
1285 2704 1394 2731 concilii
1415 2704 1578 2730 universalis
1596 2712 1655 2731 ean.
1670 2707 1686 2731 3
1704 2712 1721 2730 α
1741 2703 1867 2730 Romana
1891 2703 1949 2730 sede

294 2748 435 2780 reprobata
460 2750 504 2780 est,
524 2749 559 2780 cs.
573 2755 657 2781 supra
671 2756 700 2781 p.
715 2751 763 2773 414
781 2755 846 2773 ann.
860 2750 876 2772 4
895 2748 919 2772 et
937 2750 958 2772 5.
1064 2746 1090 2778 8)
1110 2746 1162 2773 Ed.
1180 2747 1258 2773 ,Thiel
1275 2747 1291 2773 I.
1306 2747 1420 2780 l.11.558
1437 2755 1495 2772 omn
1515 2754 1579 2773 ann.
1595 2750 1619 2773 5.

1978 688 2001 707 10

1978 949 2000 967 15

1978 1205 2004 1224 20

1979 1463 2003 1481 25

1979 1720 2004 1739 30

1979 1977 2003 1995 35

1977 2235 2003 2253 40

1973 2629 1997 2649 45
