2189 3042
293 147 354 176 422
522 141 714 167 ANASTASH
735 140 1032 168 BIBLIOTHECARII
1053 140 1252 168 EPISTOLAE
1270 140 1353 167 SIVE
1372 140 1654 168 PRAEFATIONES
1672 142 1697 168 8.
1710 143 1736 169 9.

283 231 395 261 patrum
413 226 559 260 (Luyclmii
577 230 652 259 1677)
677 227 748 259 XII,
763 231 814 253 842
828 239 858 249 =
879 227 1046 253 Gallandius
1066 226 1228 253 Bibliotheca
1252 229 1366 253 veterum
1389 229 1500 260 patrum
1519 226 1651 260 (Venetiis
1670 228 1742 261 1779)
1761 228 1850 261 XIII,
1865 232 1898 255 43
1911 241 1944 251 =

289 271 382 304 Milmc
400 271 474 296 Patr.
488 270 533 296 Iol.
549 269 680 302 CXXIX,
694 274 749 297 585.
772 286 800 289 -
825 270 865 303 C's'.
880 269 1008 296 Bolland.
1022 270 1089 297 Bibl.
1102 269 1162 303 hay.
1175 269 1220 296 lai.
1234 278 1261 296 ot.
1274 272 1446 296 5592—5594.

286 365 490 391 BEA'risSlMo
515 367 558 391 Ac
584 367 824 391 CELEBERRIMO
850 366 1008 392 MARTINO
1033 366 1189 391 SANCTAE
1213 366 1415 391 NARNOENSIS
1441 366 1628 391 ECCLESIAE
1653 367 1837 392 PRAESUL1¹
1863 368 1943 392 ANA-

406 410 543 434 STASIUS
568 410 716 435 EXIGUUS
735 409 971 434 APOSTOLICAE
995 409 1090 434 sums
1108 409 1420 435 BfflLIOTHECARIUs
1441 410 1475 434 IN
1495 410 1630 435 DOMINO
1649 410 1820 435 SALUTEM.

392 469 474 505 Quia
498 480 569 501 cum
593 470 817 511 episcopatus*
833 470 925 510 apice
950 469 1174 510 praepositura
1197 469 1359 500 sanctitati
1383 472 1458 501 tuae
1483 470 1524 501 ob
1541 470 1689 501 meritum
1706 479 1851 502 summae
1868 470 1942 501 reli·
1984 486 1996 504 ⁵

283 521 386 561 gionis
409 521 497 552 beati
514 521 643 552 Martini
667 521 855 552 monasterii
871 531 971 562 penes
988 521 1102 552 urbem
1118 520 1255 562 positib²
1273 524 1321 552 eet
1337 532 1355 552 a
1372 522 1523 553 summisc
1539 521 1742 563 pontificibus
1759 521 1911 563 delegata
1919 519 1944 561 ¹¹,

285 572 406 603 hortari
430 583 481 604 me
506 574 573 604 visa
597 577 655 612 est,
680 574 839 614 quatinu3‚
862 583 946 614 quae
972 572 1058 614 apud
1083 572 1205 604 Grecos
1229 573 1444 614 repperissem
1468 583 1509 604 ex
1533 573 1592 614 his,
1610 583 1693 615 quae
1717 573 1814 604 beato
1838 583 1943 614 papae

284 623 442 655 Martino³
467 635 524 665 pro
554 624 617 656 fide
648 635 685 656 ac
716 625 810 656 rectis
840 624 1045 666 dogmatibus
1076 624 1271 665 acciderunt,
1303 625 1335 655 in
1366 624 1517 656 Latinum
1547 625 1654 656 stilum
1694 627 1944 665 convertereme,

284 676 430 717 quamvis
450 675 548 707 aliusf
561 677 602 707 sit
617 676 783 716 Martinus,
801 678 889 708 euius
906 677 1046 708 cerneris
1063 676 1240 708 coenobiog
1262 677 1314 717 pie
1337 686 1498 717 praeesse,
1524 680 1556 707 et
1577 676 1668 717 alius,
1686 676 1774 707 ouius
1790 675 1943 708 affectasb

283 727 324 758 ad
348 727 505 769 liquidum
527 727 721 759 accidentia¹
745 739 849 760 nosse.
896 728 955 760 Ille
980 728 1100 770 quippe
1120 726 1306 767 Turonicus,
1331 728 1391 758 iste
1413 727 1509 758 verok
1525 727 1691 759 Romanus
1715 728 1775 758 fuit
1798 728 1940 759 antistes.
1971 743 1996 762 ιο

283 778 381 810 Parui
405 790 482 821 ergo
508 779 798 811 exhortationibus¹
823 781 895 821 tuis,
919 784 1013 821 pater
1037 779 1240 819 venerabilis,
1265 789 1328 810 non
1352 782 1418 810 tam
1445 779 1579 810 scientia
1603 790 1700 821 quam
1727 779 1943 812 oboedientia.

147 830 272 882 05-1231225133
287 829 358 862 Scio
389 841 515 873 nanque
546 830 673 862 dicente
698 831 848 862 Samuele
872 832 1039 863 meliorem
1064 840 1134 862 esse
1160 830 1400 861 oboedientiam
1425 841 1521 871 quam
1544 831 1733 862 sacrificium
1758 834 1790 862 et
1818 831 1943 862 auscul-

284 885 352 914 tare
372 883 475 924 magis
493 894 589 924 quam
607 883 722 915 offerre
746 883 944 923 holocausta,
963 883 1125 924 ‘quoniam
1150 882 1240 923 qnasi
1264 885 1434 923 peccatum
1459 882 1617 913 ariolandi
1641 886 1690 914 est
1713 893 1893 924 repugnare
1911 885 1946 914 et

286 935 377 975 quasi
394 935 498 966 scelus
520 935 690 966 idolatriae
714 935 799 967 nolle
824 933 1056 977 adquiescere‘.
1084 934 1187 975 Igitur
1203 934 1302 965 malui
1321 933 1484 975 imperitia
1507 944 1604 975 quam
1626 944 1762 975 peccare
1784 933 1943 966 idolatria.

284 985 406 1017 Verum
429 987 523 1018 huius
546 987 652 1028 operis
675 986 784 1018 media
806 987 836 1017 in
861 987 932 1018 aliis
955 986 1128 1028 implicitus
1152 986 1221 1027 ipse
1246 996 1309 1016 non
1332 985 1488 1026 transtuli,
1505 985 1563 1017 sed
1587 985 1628 1017 ab
1642 986 1705 1017 alio
1724 986 1855 1027 petitum
1870 996 1943 1018 meo
1973 1001 1995 1020 ιε

283 1039 496 1079 interpretata
520 1038 724 1080 postmodum
748 1039 779 1069 in
804 1038 996 1080 quibusdam
1013 1039 1149 1070 correxi.
1184 1037 1267 1073 Quia
1284 1047 1359 1069 vero
1378 1037 1538 1079 quaedam
1556 1048 1597 1069 ex
1612 1038 1691 1069 actis
1707 1037 1795 1069 beati
1810 1037 1944 1070 Maximi

285 1090 454 1121 monachj4
470 1101 507 1121 ac
525 1090 753 1131 discipulorum
775 1091 843 1122 eius
863 1090 957 1122 huicu
974 1090 1064 1131 operi
1088 1100 1212 1121 conexa
1234 1093 1267 1121 et
1289 1089 1476 1121 continuata
1500 1090 1639 1131 repperi,
1657 1093 1689 1121 et
1710 1090 1781 1131 ipsa
1803 1099 1942 1132 quoque,

281 1142 307 1171 si
331 1142 396 1172 vita
419 1153 528 1174 eomes
553 1142 656 1177 fuerit
682 1142 853 1174 transferre
871 1141 942 1173 Deo
967 1141 1129 1183 praeduce
1153 1142 1283 1172 minime
1308 1140 1474 1180 recusabo,
1491 1142 1690 1173 sanctissime
1715 1145 1772 1172 acc*
1789 1151 1941 1173 reveren-

288 1193 408 1224 tissime
432 1197 533 1234 pater.

388 1244 473 1276 Data
496 1245 669 1276 indictione
694 1248 826 1277 octava¹'
851 1249 997 1287 tempore
1023 1245 1132 1277 domni
1156 1245 1327 1276 Iohannis*
1352 1245 1473 1276 octavi¹'
1496 1246 1636 1286 papaess.
1971 1259 1997 1278 πο

1100 1463 1129 1492 9.

389 1528 583 1560 Anastasius
610 1528 863 1560 bibliothecarius
886 1529 1026 1561 Iohanni
1054 1529 1185 1560 diacono
1208 1529 1395 1561 collectanea
1424 1529 1467 1560 ad
1494 1529 1660 1561 historiam
1691 1527 1933 1566 ecclesiasticam

281 1579 457 1620 spectantia
479 1589 518 1610 ex
543 1578 662 1611 Graeco
685 1589 822 1612 sermone
844 1580 880 1611 in
903 1580 1054 1612 Latinum
1078 1590 1166 1612 versa
1189 1580 1294 1613 mittit.
1688 1580 1766 1620 (874
1789 1579 1851 1619 ex.)

386 1647 460 1674 Coris
481 1647 545 1673 Par.
557 1648 602 1674 lat.
615 1651 679 1675 5095
698 1650 719 1681 f.
732 1651 748 1674 3
766 1650 812 1682 (cf.
825 1656 911 1681 supra
929 1656 956 1674 n.
970 1650 1005 1681 8),
1026 1650 1097 1675 cont.
1111 1648 1228 1682 Lebeyue
1247 1649 1291 1681 (=
1308 1648 1351 1682 P).

390 1804 415 1835 ²¹³)
435 1804 590 1837 Sequuntur
608 1804 638 1829 iu
657 1803 789 1830 codicibus
806 1803 911 1837 aliquot
929 1811 1025 1835 versus,
1046 1811 1112 1836 quos
1130 1803 1174 1829 liic
1192 1803 1333 1834 acldz’mzts‚·
1350 1805 1444 1829 entant
1459 1805 1600 1836 praeterea
1612 1802 1642 1828 in
1655 1801 1804 1828 codd.Vat.
1817 1801 1864 1827 lat.
1877 1804 1942 1827 1192

438 1847 469 1880 (s.
484 1846 567 1880 XII.)
586 1847 606 1879 f.
620 1850 655 1873 49
673 1846 715 1879 (=
734 1846 787 1880 Vl)
806 1849 831 1872 et
854 1846 913 1872 Vat.
932 1846 978 1872 lat.
998 1849 1062 1872 6076
1079 1846 1111 1878 (s.
1130 1845 1240 1879 XVII.)
1260 1848 1279 1880 f.
1292 1847 1339 1872 88¹
1359 1846 1402 1878 (=
1416 1845 1481 1879 1⁷2).
1507 1848 1576 1871 cont.
1587 1844 1621 1871 E.
1633 1844 1738 1871 Perels:
1759 1844 1860 1870 Huiusss
1873 1852 1940 1870 sane
1969 1852 1993 1871 25

437 1889 551 1916 initium
569 1889 660 1924 operis
679 1889 759 1916 iuxta
778 1897 874 1916 sensus
892 1888 1040 1915 dumtaxat
1058 1888 1207 1915 virtutem*
1224 1888 1267 1915 ita
1287 1897 1315 1915 se
1333 1889 1450 1915 habetssz

643 1940 731 1967 Unice
750 1942 815 1968 nate
834 1940 929 1967 Deusu
948 1940 1082 1966 verbumv
1101 1939 1190 1974 patris
1209 1939 1417 1971 omnitenentis,

646 1984 699 2016 Qui
717 1984 776 2010 sola
795 1983 904 2017 pietate
923 1983 1019 2010 volens
1037 1983 1120 2010 homo
1138 1984 1230 2010 factus
1250 1983 1364 2010 haberis

645 2027 705 2053 Etw
724 2035 810 2061 genus
829 2026 981 2052 humanum
1000 2025 1112 2060 patiens
1130 2026 1159 2052 in
1179 2034 1260 2053 carne
1281 2025 1376 2060 piasti,

645 2069 789 2096 Auxiliare
808 2070 914 2103 tegens,
934 2069 1026 2095 salvos
1044 2069 1097 2100 fac,
1117 2077 1181 2095 erue
1200 2077 1310 2103 semper
1970 2074 1995 2093 ³0

648 2112 711 2138 Tux
729 2111 848 2138 famulos
866 2111 1024 2145 ubicunque
1044 2113 1106 2138 tuos
1126 2120 1143 2138 a
1162 2111 1278 2138 crimine
1296 2113 1396 2146 pestey

645 2155 770 2189 Virginis
789 2155 920 2189 egregiae
938 2155 1068 2189 precibus
1087 2154 1233 2189 genitricis
1253 2154 1390 2181 amandae

646 2199 700 2225 Etx
718 2198 906 2224 duodenorum
925 2206 1070 2232 procerum
1089 2197 1172 2224 simul
1190 2199 1275 2232 atque
1294 2197 1405 2232 piorum
1413 2203 1435 2230 Ζ,

647 2240 815 2268 Cunctorum
833 2240 892 2267 sine
911 2240 964 2267 fine
984 2241 1067 2268 decus
1087 2240 1133 2267 via
1153 2240 1213 2267 vita
1232 2242 1351 2267 tuorum.

385 2330 408 2362 ¹)
428 2331 602 2363 episcopatum
622 2329 648 2355 V.
732 2328 754 2360 b)
773 2329 870 2362 positus
888 2328 916 2354 V.
998 2328 1020 2360 c)
1039 2330 1120 2354 sumis
1138 2329 1168 2354 P.
1256 2327 1281 2360 (1)
1300 2329 1445 2361 delegatam
1466 2327 1495 2353 Γ.
1584 2329 1606 2356 ⁸)
1627 2336 1696 2352 corr.
1709 2335 1740 2352 ex
1758 2328 1934 2352 converterem
1969 2332 1993 2352 ³5

280 2374 368 2399 stilum
386 2374 464 2406 siquis
481 2373 539 2398 ead.
552 2381 585 2397 m.
599 2373 777 2405 superscriptis
789 2372 824 2402 P‚·
842 2372 929 2397 stilum
949 2376 1097 2397 convertere
1116 2372 1143 2397 V.
1219 2370 1237 2401 f)
1259 2372 1324 2397 aliut
1342 2369 1371 2396 V.
1444 2371 1468 2400 Β)
1489 2379 1556 2396 corr.
1570 2374 1598 2395 ul
1614 2370 1665 2396 vicl,
1679 2378 1709 2395 ex
1727 2369 1853 2395 coenubio
1872 2367 1935 2393 ead.

282 2426 313 2442 m.
328 2417 358 2442 P.
429 2415 454 2448 h)
474 2417 576 2442 effectas
592 2415 622 2441 V.
692 2414 710 2446 i)
729 2415 889 2441 accidentiae
905 2414 929 2438 V
929 2433 934 2440 .
1017 2414 1042 2446 k)
1057 2423 1103 2440 om.
1118 2415 1148 2440 V.
1231 2414 1249 2446 l)
1266 2415 1445 2440 excreantibus
1462 2414 1489 2440 V.
1569 2415 1599 2443 ¹²²)
1621 2413 1682 2446 petii
1700 2421 1767 2438 corr.
1779 2415 1808 2436 ut
1829 2410 1879 2436 vid.
1905 2418 1938 2435 ex

282 2461 363 2493 petitu
386 2460 414 2485 V.
530 2460 555 2492 u)
583 2469 631 2486 om.
654 2460 682 2486 V.
789 2458 814 2491 0)
839 2463 865 2485 et
888 2459 916 2484 V.
1013 2458 1036 2490 Ρ)
1062 2460 1152 2492 quinta
1173 2460 1272 2484 decima
1297 2459 1325 2485 V.
1426 2458 1450 2491 q)
1472 2459 1567 2484 Marini
1593 2458 1620 2483 V.
1726 2455 1748 2490 r)
1770 2456 1878 2482 iunioris
1905 2453 1933 2479 V.

281 2504 302 2535 s)
330 2504 540 2529 Huius—habet
562 2512 611 2529 om.
635 2503 662 2527 V.
785 2502 804 2533 t)
824 2503 955 2528 veritatem
976 2502 1025 2534 Vl,
1047 2502 1104 2533 V:?;
1130 2503 1175 2528 sed
1200 2502 1233 2535 cf'.
1252 2511 1334 2534 snpra
1358 2511 1385 2534 p.
1405 2504 1455 2527 420
1483 2502 1498 2526 l.
1521 2504 1557 2527 19.
1680 2501 1706 2532 u)
1730 2500 1771 2525 dei
1794 2499 1848 2528 V1,
1877 2497 1935 2522 Vs.

283 2547 308 2579 v)
327 2547 423 2572 uebum
433 2547 461 2572 P.
533 2546 562 2579 w)
581 2551 611 2572 ut
629 2546 656 2577 V,
673 2545 721 2571 1⁷1.
792 2544 818 2577 x)
837 2549 866 2570 ut
883 2544 911 2570 V.
982 2545 1006 2576 Υ)
1026 2554 1070 2578 per
1088 2550 1113 2571 te
1134 2545 1180 2576 VJ,
1197 2545 1248 2572 1⁷2.
1320 2544 1342 2578 z)
1361 2546 1492 2571 Coneerua
1519 2544 1666 2576 meritisque
1691 2544 1766 2569 bonis
1791 2544 1831 2567 fae
1849 2542 1936 2567 uisere
1966 2546 1992 2566 40

284 2591 353 2622 celos
372 2590 434 2616 add,
450 2590 500 2621 Vr,
516 2590 568 2615 1⁷2.

390 2679 416 2711 1)
434 2686 475 2705 ea.
488 2681 629 2705 861-879.
734 2677 761 2711 2)
779 2677 833 2704 Siti
850 2679 927 2703 wera
944 2685 1043 2709 nmros,
1058 2685 1144 2711 prope
1162 2677 1298 2704 ecclesiam
1315 2685 1336 2704 s.
1351 2676 1432 2710 Petri,
1451 2678 1487 2710 cf.
1505 2676 1625 2703 Huaelsen
1635 2675 1686 2702 ‘Le
1706 2675 1789 2702 chiese
1806 2673 1835 2700 di
1847 2669 1941 2699 Roma’

287 2723 376 2755 (1927)
391 2730 420 2755 p.
431 2725 492 2748 384.
588 2721 616 2754 3)
635 2720 670 2754 1.,
682 2723 822 2753 649—653,
842 2720 889 2754 qui
906 2719 937 2746 in
954 2720 1033 2746 atilio
1052 2728 1077 2746 a.
1092 2723 1138 2747 655
1155 2722 1276 2746 mortuus
1293 2721 1337 2746 est.
1436 2720 1464 2752 4)
1483 2727 1525 2746 ca.
1540 2721 1595 2746 580
1605 2721 1700 2751 -662,
1718 2717 1766 2751 qui
1778 2716 1865 2751 paulo
1882 2717 1942 2749 post

291 2763 444 2790 Martinam
463 2764 484 2790 I.
507 2772 610 2798 papam
628 2763 755 2798 Byzantii
773 2763 908 2790 tormentis
926 2763 1064 2790 cruciatus
1083 2765 1107 2789 et
1124 2763 1155 2789 in
1173 2763 1283 2789 emiliam
1300 2763 1396 2789 missus
1414 2765 1463 2794 est‚·
1488 2764 1523 2795 cf.
1542 2762 1623 2789 etiam
1641 2760 1731 2788 Perels
1749 2760 1765 2787 l.
1776 2760 1792 2786 Ζ.
1808 2767 1837 2793 p.
1851 2762 1941 2792 259sq.
