2189 3042
60 1568 89 1588 cf.
101 1566 200 1588 2.Thess.
207 1569 225 1592 2,
232 1569 252 1588 3.

265 157 326 186 214
687 150 865 177 IOHANNIS
885 149 958 176 VIII.
978 149 1095 175 PAPAE
1118 148 1318 176 EPISTOLAE
1340 149 1494 175 244—246.

266 241 367 270 tinere
396 238 535 277 videtur,
565 237 614 268 his
643 237 763 278 perfrui
792 236 896 267 modis
925 235 1070 267 omnibus
1098 236 1204 267 liceat.
1250 235 1335 266 Nam
1368 236 1394 266 si
1422 236 1571 267 continuo
1601 236 1743 276 prefatas
1772 246 1823 267 res
1852 247 1915 268 non

265 289 457 328 reddideris,
491 298 659 319 monemus
695 291 727 319 et
757 287 934 328 apostolica
968 288 1160 318 auctoritate
1190 288 1398 328 precipimus,
1432 291 1468 318 ut
1498 288 1581 318 intra
1610 287 1748 328 spatium
1780 287 1915 319 duorum

265 351 431 372 mensuum
455 339 592 371 Romam
622 339 663 370 ad
687 339 905 370 reddendama
927 349 985 380 pro
1009 339 1058 369 his
1081 340 1239 370 rationem
1264 349 1411 370 occurras
1439 342 1471 370 et
1495 349 1602 370 coram
1626 338 1718 369 nobis
1741 348 1915 379 congruam

265 392 514 422 satisfactionem
542 391 711 427 exhibeas;
743 391 883 432 alioquin
912 391 1034 422 tamdiu
1059 391 1354 422 excommunicatus
1378 391 1511 431 existas,
1537 390 1689 432 quamdiu
1712 391 1785 421 huic
1807 393 1915 430 nostre

265 443 505 474 commonitioni
529 442 757 484 obtemperans
782 443 850 483 hec,
875 453 936 484 que
961 443 1140 483 statuimus,
1164 442 1342 483 adimplere
1367 452 1529 483 procures,
1947 459 1959 478 5

368 513 462 537 DATA
481 513 564 538 XIIII.
585 513 768 537 KALENDAS
792 513 997 543 NOVEMBRIS,
1019 512 1217 537 INDICTIONE
1236 512 1305 537 XIII.

1056 685 1127 714 245.

373 743 531 774 Iohannes
554 742 650 773 VIII.
668 753 759 782 papa
785 743 935 782 Greyorio
957 743 1134 782 spathario,
1161 742 1390 783 Theophytacto
1413 742 1626 780 turmarchae,
1655 741 1791 781 Dioyem·
1814 742 1919 773 comiti

262 795 447 835 yratzdatar
470 794 504 825 ob
527 794 690 825 victoriam
713 805 733 825 a
757 794 927 826 Saracenis
949 795 1038 834 apud
1060 795 1227 834 Neapolim
1250 796 1458 834 reportatam
1484 796 1521 824 itt
1543 793 1678 825 Romam
1703 803 1774 824 omn
1797 793 1917 825 dromo-

267 847 361 877 nibus
383 846 519 884 veniant,
538 846 628 884 petit.
1757 845 1830 876 879.

379 913 452 940 Cod.:
482 913 509 939 R
527 915 546 947 f.
562 915 603 939 95¹
622 921 648 939 n.
663 916 718 939 247.
1935 920 1961 939 10

368 965 450 991 Edax
479 964 577 990 Editio
592 964 719 991 Romana
732 963 816 998 (1591)
830 965 887 997 ΙΙΙ,
901 969 952 991 464
972 969 1067 992 719240,
1099 966 1193 991 Mansi
1208 966 1284 992 Corte.
1299 966 1356 992 coll.
1371 965 1470 998 XVII,
1484 969 1533 991 176
1549 974 1576 992 n.
1589 969 1646 992 240.
1678 965 1769 999 Miyne
1781 965 1856 992 Patr.
1871 966 1916 993 zat.

268 1008 404 1041 CXXVI,
425 1013 476 1035 899
496 1017 521 1034 n.
536 1012 593 1034 256.
614 1023 646 1026 —
665 1008 738 1039 Jafft
757 1008 821 1042 Rey.
835 1011 902 1034 3303
921 1008 1014 1041 (2533).

417 1105 572 1129 DILECTIS
591 1105 679 1129 VIRIS
704 1105 877 1129 GREGORIO
900 1105 1083 1129 SPATARIO¹
1103 1105 1372 1130 THEOPHILACTO
1395 1105 1629 1129 TURMARCHOa
1647 1105 1763 1136 ATQUE

808 1148 950 1172 DIOGENI
974 1148 1106 1178 COMITI,
1125 1148 1377 1172 IMPERIALIBUS.

374 1197 552 1228 Audientes
587 1208 642 1228 vos
674 1208 732 1239 per
759 1198 821 1229 Dei
851 1198 1006 1229 auxilium
1043 1202 1075 1229 et
1105 1198 1279 1229 secundum
1312 1199 1464 1239 spiritalis
1498 1198 1554 1229 filii
1584 1199 1683 1229 nostri
1712 1198 1916 1239 imperatoris
1936 1211 1959 1230 15

265 1249 462 1280 voluntatem
490 1249 662 1290 Neapolim
694 1251 818 1281 venisse
854 1261 890 1281 ac
921 1250 1159 1282 multitudinem
1188 1250 1422 1282 Saracenorum
1453 1250 1497 1280 ibi
1535 1250 1762 1281 consistentem
1792 1250 1917 1290 potenti

266 1301 396 1332 brachio
421 1311 587 1342 superasse
597 1301 618 1341 2',
643 1301 698 1340 leti
722 1312 830 1331 sumus
854 1301 959 1332 effecti
984 1305 1016 1332 et
1039 1303 1145 1332 statim
1170 1301 1296 1333 debitas
1321 1302 1532 1342 omnipotenti
1548 1301 1687 1332 Domino
1711 1302 1830 1342 gratias
1847 1301 1915 1342 egi-

266 1363 336 1383 mus
366 1363 462 1393 super
488 1353 621 1383 victoria
649 1356 755 1383 vestra
784 1355 816 1383 et
845 1353 1045 1395 inimicorum
1075 1354 1275 1384 contritione.
1323 1352 1388 1384 Sed
1415 1354 1532 1384 iterum
1555 1353 1662 1384 mirati
1685 1363 1808 1393 sumus,
1842 1354 1917 1394 quia

264 1403 403 1450 Romam
421 1404 528 1435 venire
545 1407 750 1445 nostramque
768 1404 976 1445 apostolicam
993 1405 1182 1445 neglexistis
1202 1404 1312 1435 videre
1328 1405 1535 1446 presentiam,
1559 1407 1594 1435 ut
1609 1415 1666 1445 pro
1683 1405 1782 1435 vestri
1797 1404 1916 1436 laboris

266 1456 440 1486 certamine
469 1455 678 1496 multiplicem
706 1456 843 1496 gratiam
871 1459 903 1487 et
933 1456 1191 1487 benedictionem
1219 1467 1238 1487 a
1264 1456 1357 1487 nobis
1381 1458 1413 1488 et
1436 1456 1513 1487 sede
1538 1455 1716 1497 apostolica
1740 1466 1835 1498 super
1858 1466 1914 1487 vos
1933 1469 1959 1488 20

266 1507 454 1547 reciperetis
485 1506 631 1546 effusam,
661 1510 817 1548 quatenus
845 1510 1026 1538 sanctorum
1054 1508 1273 1548 apostolorum
1296 1507 1386 1539 Petri
1414 1510 1446 1539 et
1467 1507 1563 1539 Pauli
1591 1507 1787 1539 orationibus
1816 1507 1917 1539 adiuti

267 1559 417 1599 omnique
446 1559 581 1599 spiritali
612 1559 835 1590 benedictione
865 1560 977 1590 muniti
1010 1563 1119 1590 contra
1149 1559 1280 1590 eosdem
1311 1559 1500 1600 perditionis
1527 1559 1609 1590 filios
1637 1559 1758 1590 victrici
1789 1569 1918 1600 semper

267 1610 402 1641 dextera
425 1610 574 1641 valeretis
599 1610 772 1641 efficaciter
796 1610 957 1641 dimicare.
1003 1610 1097 1646 Quod
1121 1614 1229 1642 tamen
1251 1614 1286 1641 ut
1309 1611 1480 1642 salubriter
1503 1611 1609 1642 facere
1633 1611 1770 1652 possitis,
1794 1614 1829 1642 ut
1852 1614 1915 1641 ter-

267 1672 366 1702 raque
394 1662 539 1703 marique
569 1662 608 1693 de
637 1662 771 1692 inimicis
807 1665 838 1693 et
869 1662 1051 1693 infidelibus
1082 1663 1217 1693 victores
1251 1662 1388 1693 feliciter
1417 1662 1590 1702 existatisb,
1622 1662 1696 1693 ideo
1725 1662 1915 1693 mandamus

267 1713 371 1753 vobis,
399 1717 434 1744 ut
461 1724 531 1744 cum
561 1714 731 1754 aliquantis
760 1713 967 1744 dromonibus
996 1724 1053 1755 pro
1081 1714 1202 1745 honore
1231 1713 1374 1744 iamdicti
1403 1714 1553 1754 spiritalis
1576 1714 1632 1744 filii
1659 1714 1758 1745 nostri
1787 1714 1914 1754 augusti
1933 1723 1958 1743 25

266 1765 325 1795 has
354 1768 478 1796 nostras
512 1766 544 1795 in
576 1768 684 1805 partes
713 1766 830 1796 iterum
860 1766 968 1796 venire
1004 1766 1195 1796 omnimodis
1228 1766 1418 1807 satagatisss,
1454 1768 1610 1806 quatenus
1640 1768 1750 1796 contra
1784 1765 1915 1796 eosdem

267 1815 424 1846 nefandos
440 1816 609 1857 Agarenos
625 1827 800 1857 congruum
817 1816 909 1847 nobis
926 1816 1118 1848 adiutorium
1136 1817 1272 1858 prebere
1290 1817 1427 1858 possitis,
1451 1820 1486 1847 ut
1510 1828 1550 1849 ex
1573 1817 1634 1847 hoc
1657 1817 1726 1847 laus
1744 1818 1776 1847 et
1792 1826 1916 1847 merces

267 1868 454 1908 imperatori
477 1867 645 1899 adcrescat
675 1872 707 1899 et
734 1879 752 1899 a
775 1868 867 1899 nobis
891 1868 1003 1909 dignas
1027 1869 1253 1900 retributiones
1281 1870 1348 1899 sine
1373 1868 1470 1899 dubio
1494 1868 1664 1910 recipiatis.
1712 1868 1918 1908 Quapropter

267 1929 435 1950 monemus
452 1922 484 1949 et
503 1919 668 1950 hortamur
689 1930 754 1956 vos,
775 1922 810 1950 ut
830 1920 945 1951 nostris
961 1921 1089 1951 monitis
1108 1920 1219 1951 libenti
1236 1921 1341 1951 animo
1359 1919 1541 1951 adtendatis
1564 1923 1605 1960 et,
1630 1919 1782 1961 quicquid
1799 1919 1918 1950 acturic

269 1971 354 2011 estis,
379 1981 436 2011 per
459 1981 515 2001 vos
538 1971 692 2002 velociter
715 1981 935 2011 agnoscamus
1867 1982 1871 1985 ·
1936 1983 1961 2002 30

372 2036 466 2060 DATA
486 2036 531 2060 UT
550 2036 667 2061 SUPRA.
992 2055 1195 2057 W

1058 2173 1129 2203 246.

376 2232 536 2263 Iohannes
558 2231 652 2263 VIII.
672 2242 761 2271 papa
785 2231 915 2263 Petrum
939 2233 1116 2271 episcopam
1139 2235 1167 2263 et
1190 2231 1354 2262 Pzilcarim
1375 2232 1627 2271 qwaefccturz'um
1643 2231 1856 2270 Amalfitanos
1880 2231 1918 2262 ab

270 2283 413 2314 eeclesiae
436 2283 580 2314 societate
602 2285 737 2322 separat,
763 2284 840 2322 quia
857 2286 989 2322 pactum
1005 2294 1074 2315 cum
1092 2284 1263 2315 Saracenis
1282 2284 1377 2314 ictum
1392 2284 1520 2323 saepius
1542 2283 1654 2314 moniti
1676 2293 1740 2314 non
1762 2283 1916 2323 ruperint.

1609 2335 1672 2365 879
1699 2333 1762 2366 Oct.
1779 2336 1831 2367 24.

385 2376 460 2403 Cant:
489 2376 516 2402 R
533 2379 553 2409 f.
568 2380 598 2402 96
615 2385 642 2403 n.
657 2380 716 2403 248.
1937 2385 1962 2404 35

373 2427 462 2453 EcleL:
488 2427 583 2453 Editio
598 2427 721 2453 Romana
735 2428 820 2462 (1591)
836 2428 892 2461 III,
907 2433 953 2455 455
968 2432 1061 2455 71.:22.5.
1094 2429 1187 2455 Mansi
1209 2429 1286 2455 Cone.
1301 2429 1357 2455 coll.
1375 2429 1476 2461 XVII,
1492 2433 1538 2455 167
1548 2437 1575 2455 n.
1585 2432 1639 2455 225.
1671 2428 1764 2462 Miqne
1783 2428 1861 2454 Patr.
1873 2429 1918 2454 lat.

273 2470 413 2502 CXXVI,
432 2473 481 2497 889
499 2478 525 2496 n.
540 2473 594 2496 269.
615 2486 646 2489 —
666 2471 738 2502 Jaffe}
758 2471 818 2504 Περ.
832 2473 897 2497 3304
917 2472 1011 2505 (2516).

374 2579 397 2610 ⁸)
416 2587 432 2604 a
451 2587 517 2604 corr.
534 2588 564 2603 ea:
581 2588 598 2604 u
618 2580 648 2604 R.

374 2629 432 2655 245.
461 2630 485 2661 a)
504 2637 652 2655 TURMAcno
671 2631 702 2655 R.
790 2630 815 2662 b)
835 2636 859 2656 et
878 2632 927 2657 del.
944 2637 1001 2663 post
1020 2633 1135 2657 existatis
1155 2633 1186 2658 R.
1276 2632 1298 2665 ⁰)
1317 2634 1417 2658 aucturi
1434 2633 1467 2658 R.

376 2715 400 2747 1)
420 2715 461 2740 De
478 2722 529 2747 quo
547 2715 580 2746 cf.
599 2723 645 2740 nrt.
660 2719 699 2747 47,
720 2718 774 2746 177,
793 2718 850 2741 185.
942 2716 968 2748 2)
990 2716 1029 2748 Cf.
1048 2724 1075 2742 n.
1090 2719 1148 2748 263,
1171 2716 1218 2742 uhi
1236 2715 1267 2742 de
1285 2716 1376 2743 eadem
1393 2716 1505 2742 victoria
1523 2716 1569 2750 aqi
1586 2716 1701 2749 videtur,-
1729 2716 1800 2742 alias
1818 2716 1849 2742 de
1866 2716 1917 2742 hac
1935 2722 1961 2742 40

272 2757 379 2783 rictoria
398 2761 421 2784 ct
440 2757 470 2783 de
488 2760 600 2790 tempore
618 2758 674 2783 cias
692 2758 802 2783 notitias
820 2766 876 2784 non
893 2757 1024 2784 habemus
1109 2760 1134 2792 3)
1154 2759 1195 2785 De
1214 2759 1386 2785 dromonibus
1404 2759 1454 2785 sibi
1472 2759 1559 2785 missis
1575 2759 1680 2793 gratias
1698 2759 1753 2792 aqit
1771 2759 1802 2785 in
1820 2767 1847 2785 n.
1861 2761 1917 2786 259.
