2189 3042
643 158 819 184 IOHANNIS
838 158 912 185 VIII.
932 158 1051 184 PAPAE
1075 158 1273 185 EPISTOLAE
1298 158 1338 185 73.
1358 159 1398 184 74.
1806 161 1844 189 65]

197 246 299 277 altare
323 246 424 276 sancti
443 245 533 275 Petri
556 254 615 275 nec
639 244 769 285 aliquod
793 244 837 275 ibi
860 237 1049 275 nocturnum
1066 244 1116 275 vel
1141 243 1287 275 diurnum
1305 244 1444 275 officium
1461 255 1501 276 ex
1518 255 1606 276 more
1631 244 1845 277 celebratum:

197 307 280 328 nunc
308 297 405 327 etiam
436 296 574 326 minatur
601 295 692 325 nobis
720 297 832 336 peiora
860 295 993 336 inferre,
1024 296 1082 325 nisi
1116 295 1184 326 eius
1212 295 1470 336 obtemperemus
1493 296 1656 327 humiliter
1679 297 1844 327 voluntati.

197 348 290 379 Unde
315 349 516 379 sanctitatem
540 350 678 378 vestram
702 348 755 387 pio
780 348 918 387 fraterne
943 347 1122 378 dilectionis
1146 347 1263 378 affectu
1288 347 1488 378 coniunctam
1517 347 1694 387 hortamur,
1725 351 1760 378 ut
1789 358 1845 389 pro

198 400 293 430 tantis
324 398 549 430 afflictionibus
580 401 612 429 et
634 399 770 429 miseriis
794 399 890 439 capiti
914 401 1021 429 nostro
1046 397 1141 428 illatis
1175 408 1215 428 ex
1243 398 1317 428 totis
1342 398 1516 439 precordiis
1539 399 1651 429 vestris
1680 398 1845 429 nobiscum

167 461 177 479 5
197 451 317 491 pariter
349 450 547 481 condoleatis
579 452 611 480 et
642 452 751 480 contra
784 451 1059 481 evidentissimum
1092 453 1143 481 eta
1173 451 1366 481 immanema
1396 451 1556 481 inimicum
1592 454 1734 482 nostrum
1769 461 1844 482 con—

197 512 328 543 surgere
354 505 419 533 toto
444 501 555 531 annisu
579 500 745 531 studeatis.
791 501 859 532 Nos
882 512 1019 542 namque
1044 502 1127 532 illius
1151 512 1212 532 non
1229 502 1373 533 valentes
1397 503 1552 532 sustinere
1577 505 1681 533 tantas
1705 502 1844 542 insidias,

197 554 271 594 quia
295 564 352 594 per
377 556 493 583 terram
517 553 563 583 ire
587 553 765 593 nequimus⁷
792 563 849 594 per
865 553 1022 584 marinum
1046 554 1108 583 iter
1130 553 1200 584 Deo
1225 553 1362 593 propitio
1386 553 1554 584 Franciam
1572 553 1729 594 proficisci
1746 554 1845 585 debe-

196 615 276 640 mus,
302 605 459 645 gloriosos
483 603 605 634 scilicet
628 605 742 645 reges¹
768 604 980 645 deprecaturi,
1004 608 1039 635 ut
1063 604 1231 635 ecclesiam
1255 605 1355 634 sancti
1379 604 1467 635 Petri
1492 608 1524 635 et
1548 605 1708 636 civitatem
1725 605 1845 636 Roma-

197 667 281 696 nam,
307 657 403 687 totius
426 654 537 686 mundi
561 658 658 696 caput
682 658 714 685 et
738 655 911 695 dominam,
936 666 954 686 a
978 656 1074 686 tantis
1099 655 1358 696 oppressionibus
1382 659 1414 687 et
1438 656 1674 687 calamitatibus
1698 656 1845 696 liberent,

154 718 178 736 10
197 707 318 738 salvam
343 710 375 738 et
391 707 554 748 quietam¹’
578 707 682 737 sinant
705 718 835 738 manere
863 708 1069 748 potentiquec
1095 717 1190 737 manu
1213 707 1253 737 ab
1277 707 1426 746 hostium,
1452 718 1530 748 quas
1554 709 1701 748 patImur,
1726 708 1846 738 insidiis

197 758 382 795 tueantu1·‘¹;
412 768 472 789 nec
495 769 552 789 nos
577 758 616 789 ob
641 758 728 788 aliud
752 758 826 789 illuc
850 759 959 796 ituros,
984 759 1041 789 nisi
1068 769 1122 799 pro
1140 759 1298 789 communi
1323 759 1436 794 salute,
1461 760 1570 799 procul
1595 759 1690 789 dubio
1715 759 1844 790 credite.

197 810 262 841 Sed
285 811 366 841 sicut
388 809 528 840 veridico
552 809 725 840 multorum
748 810 851 840 relatu
876 810 1053 847 didicimus,
1078 820 1150 840 cuni
1173 820 1230 840 nos
1255 809 1294 840 de
1318 809 1396 840 urbe
1421 810 1525 841 Roma
1548 811 1701 841 fuerimus
1725 811 1846 851 egressi

197 865 390 903 ceptumque
415 862 476 892 iter
500 862 676 902 egerimus,
706 861 852 892 audimus
884 861 1020 892 eundem
1045 861 1254 891 Lambertum
1285 861 1459 892 satellites⁰
1483 872 1556 892 suos
1580 862 1662 892 velle
1693 862 1846 902 colligere

196 913 399 954 Romamque
429 923 536 943 rursus
569 912 826 954 expugnaturus-f
854 912 942 943 adire
953 913 975 942 2.
1025 912 1092 942 Nos
1122 922 1198 942 vero
1227 912 1287 942 hoc
1311 913 1448 943 scientes
1476 913 1689 943 anathematis
1719 916 1845 943 senten-

154 975 177 994 15
197 966 295 996 tiamg
318 965 350 995 in
374 975 447 995 eum
473 968 505 995 ct
528 965 559 994 in
583 975 694 995 omnes
717 974 873 1005 sequaces
897 964 974 1003 eius,
999 964 1025 993 si
1050 967 1159 994 contra
1183 963 1295 994 urbem
1318 963 1455 994 Romam
1481 967 1512 994 et
1536 964 1706 994 ecclesiam
1727 963 1846 994 Roma-

195 1027 269 1047 nam
300 1016 441 1057 aliquam
476 1026 582 1046 rursus
606 1016 736 1046 veniens
767 1016 1026 1046 contrarietatem
1050 1015 1100 1045 vel
1131 1014 1311 1045 molestiam
1343 1018 1397 1045 aut
1426 1015 1699 1056 perturbationem
1730 1016 1846 1046 inferre

197 1067 343 1109 quolibet
370 1067 465 1098 modo
497 1068 742 1108 presumpserit,
774 1068 805 1098 in
837 1067 973 1098 ecclesia
1001 1066 1087 1097 beati
1111 1066 1204 1096 Pauli
1229 1066 1367 1097 doctoris
1390 1067 1533 1107 gentium
1558 1066 1781 1107 protulimus&
1816 1070 1848 1097 et

196 1119 315 1150 idcirco
340 1119 445 1150 nullus
463 1122 603 1149 vestrum
628 1120 695 1150 eius
719 1120 834 1160 iniquis
859 1118 1009 1159 operibus
1026 1118 1143 1158 faveat,
1168 1118 1242 1158 quin
1267 1118 1373 1158 potius
1395 1118 1495 1149 libere
1521 1121 1644 1159 arguat,
1668 1119 1693 1148 si
1718 1121 1846 1159 aposto-

196 1172 257 1212 lice
282 1171 366 1202 sedis
391 1171 485 1201 vultis
509 1181 636 1211 semper
660 1170 763 1201 fulciri
787 1170 916 1201 auxilio.
964 1170 1168 1210 Quapropter
1194 1169 1253 1209 hec
1282 1170 1402 1208 omnia,
1433 1173 1468 1200 ut
1494 1170 1608 1200 vestris
1638 1170 1848 1210 suffraganeis

155 1231 180 1250 20
200 1223 360 1264 episcopis
383 1223 511 1264 cognita
540 1222 678 1259 faciatis,
709 1223 929 1253 incunctanter
957 1221 1123 1251 hortamur
1149 1221 1392 1252 sanctimoniam
1416 1224 1567 1259 vestram,
1600 1221 1747 1262 quatinus
1778 1222 1847 1262 ipsi,

197 1275 251 1316 qui
276 1274 422 1305 membra
446 1274 587 1314 corporis
605 1273 723 1304 Christi
747 1274 897 1313 existunt,
914 1272 1078 1304 vobiscum
1095 1273 1216 1313 pariter
1232 1283 1289 1313 pro
1306 1272 1480 1313 apostolice
1503 1272 1633 1314 [sedis]¹'
1652 1272 1847 1303 exaltatione

196 1326 347 1357 studeant
371 1325 540 1356 desudare.

998 1431 1047 1459 74.

307 1484 466 1515 Iohannes
497 1483 592 1514 VIII.
618 1493 707 1522 papa
730 1483 925 1523 Berenqario
956 1483 1061 1514 comiti
1093 1484 1156 1523 (ΙΙ.
1181 1482 1396 1514 Foroiuliensi
1419 1482 1607 1523 ήκω-(1110111)
1633 1483 1755 1522 matius
1784 1483 1849 1522 assit

198 1537 235 1567 (le
264 1536 378 1567 litteris
405 1535 466 1566 sibi
490 1535 625 1572 directis,
648 1536 779 1566 nuntiat
805 1535 841 1566 de
864 1535 1026 1566 Lamberti
1049 1535 1242 1566 marchionis
1271 1534 1428 1566 violentiis
1457 1537 1485 1565 et
1515 1535 1850 1565 excommunicatione:

156 1597 180 1616 2⁵
199 1591 297 1628 royat,
321 1590 357 1618 ut
374 1586 648 1617 Karolomanmcm
671 1597 770 1626 rcyem
794 1587 838 1617 (αἱ
860 1586 1112 1625 compescendum
1134 1586 1232 1619 fillum.
1255 1587 1311 1626 qui
1333 1587 1402 1617 eius
1424 1586 1583 1617 voluntate
1605 1597 1636 1616 sc
1659 1585 1738 1616 talia
1761 1596 1850 1625 agere

197 1640 341 1676 iactetur,
364 1638 505 1669 inducat.
1497 1638 1575 1677 (378
1598 1638 1679 1676 Apr.
1706 1638 1763 1677 m.)

312 1698 388 1724 Cod.:
417 1698 443 1724 R
461 1699 481 1731 f.
495 1701 527 1724 37
545 1706 571 1723 τι.
588 1701 602 1722 7
620 1718 623 1722 ,

303 1745 388 1772 EM.-
416 1745 509 1771 Ech‘tio
526 1746 653 1772 Romana
672 1746 756 1779 (1591)
777 1745 831 1777 ΙΙΙ,
851 1748 900 1771 360
918 1749 997 1771 11051
1036 1745 1130 1771 Mmzsi
1151 1745 1227 1771 Come.
1241 1745 1299 1771 coll.
1320 1745 1419 1776 XVII,
1441 1747 1469 1770 53
1488 1753 1514 1771 21.
1528 1748 1564 1771 85».
1603 1744 1697 1777 Miywc
1716 1744 1790 1770 Patr.
1805 1745 1849 1770 lul.

198 1789 335 1821 CXXVI,
358 1793 400 1815 75⁵
419 1797 445 1814 η.
464 1793 516 1815 106.
537 1804 569 1807 —
589 1789 661 1820 Jaffe'
679 1788 746 1822 Rey.
761 1792 826 1814 3123
845 1789 940 1821 (2355).

153 1871 178 1890 30
386 1869 534 1892 DILECTO
554 1868 645 1892 FILIO
665 1868 874 1892 BERINGARIO
893 1868 1062 1892 GLOIHOSO
1081 1867 1201 1891 COMITI
1224 1868 1328 1891 REGIA
1348 1867 1513 1891 PROSAPIA
1533 1867 1667 1891 ORTO⁸⁴.

304 1915 413 1946 Lectis
443 1914 619 1945 nobilitatis
642 1918 747 1955 vestre
779 1904 924 1952 litteris⁵⁷
956 1914 1030 1954 quia
1061 1914 1279 1944 sinceritatem
1310 1924 1347 1944 ac
1379 1913 1583 1944 devotionem
1614 1923 1702 1944 more
1732 1912 1851 1943 scilicet

200 1971 369 2009 parentum
386 1970 565 1998 vestrorum
589 1967 673 1997 circa
696 1977 754 1997 nos
778 1976 835 2007 pro
857 1976 967 1996 amore
984 1966 1058 1996 Iesu
1076 1965 1194 1996 Christi
1218 1965 1337 1996 domini
1362 1968 1394 1995 et
1417 1965 1505 1995 beati
1521 1964 1609 1995 Petri
1634 1963 1853 2005 apostolorum

196 2019 348 2060 principis
365 2018 580 2049 reverentiam
598 2028 654 2048 vos
676 2017 796 2048 habere
814 2019 978 2059 ingentem
1002 2018 1213 2058 repperimuS,
1237 2017 1338 2047 multa
1354 2020 1458 2056 vestre
1482 2016 1635 2056 melliflue
1660 2016 1852 2056 loquutionis

198 2071 368 2102 dulcedine
393 2081 501 2101 sumus
526 2071 653 2100 omnino
678 2070 809 2110 repleti,
841 2070 885 2100 ita
916 2073 951 2100 ut
978 2079 1049 2099 cum
1079 2068 1245 2109 psalmista
1269 2068 1376 2099 dicere
1401 2068 1572 2109 possimus:
1604 2067 1720 2103 ‘Quam
1745 2067 1850 2097 dulcia

154 2134 178 2152 35
198 2122 344 2153 faucibus
374 2122 454 2153 meis
486 2122 614 2162 eloquia
647 2122 724 2152 tua?
768 2121 873 2152 Huius
901 2131 1039 2162 namque
1067 2121 1220 2151 bonitatis
1248 2120 1346 2151 decus
1375 2121 1527 2150 eximium
1558 2130 1597 2149 ex
1625 2119 1766 2150 moribus
1798 2119 1849 2159 pie

199 2174 354 2214 memorie
379 2173 567 2204 nobilissimi
585 2173 748 2214 quondam
772 2173 925 2214 genitoris
950 2173 1046 2203 vestri
1070 2183 1126 2202 vos
1151 2172 1278 2203 trahere
1302 2171 1521 2202 indubitanter
1545 2171 1774 2211 cognoscimus,
1800 2171 1851 2210 qui

199 2225 329 2266 (lignum
362 2236 490 2266 semper
521 2225 676 2255 honorem
707 2228 739 2255 et
768 2225 854 2265 piam
884 2225 1097 2255 reverentiam
1126 2223 1383 2254 antecessoribus
1412 2223 1539 2258 nostris,
1574 2223 1670 2253 sacris
1700 2222 1851 2252 videlicet

198 2276 416 2317 pontificibus,
447 2276 603 2307 exhibere
628 2280 696 2307 tota
718 2277 835 2307 mentis
859 2276 1026 2307 alacritate
1051 2275 1215 2313 studebat,
1245 2278 1277 2305 et
1300 2275 1372 2305 ideo
1397 2274 1529 2315 pulchre
1552 2274 1723 2304 iuventutis
1748 2276 1850 2312 vestre

197 2329 309 2360 florem
335 2328 374 2359 de
398 2327 506 2359 radice
530 2328 635 2358 iustab
659 2328 873 2369 prodeuntem
897 2327 1057 2358 Dominus
1081 2327 1279 2358 exercituum
1304 2327 1433 2367 pietatis
1461 2337 1515 2366 sue
1544 2326 1647 2366 gratia
1675 2324 1851 2355 custodietc

156 2431 181 2449 40
304 2423 327 2455 ²³)
349 2428 373 2448 -t
392 2424 414 2447 i<
433 2423 460 2447 iu
479 2432 532 2448 ras,
552 2423 584 2448 R.
654 2422 679 2454 b)
699 2424 809 2455 quietem
829 2423 860 2447 Ie.
932 2424 954 2454 e)
974 2422 1136 2455 protentique
1154 2421 1186 2446 R.
1258 2419 1282 2452 d)
1302 2430 1368 2445 corr.
1382 2429 1411 2445 ea·
1430 2424 1531 2445 tueatur
1550 2419 1581 2444 11¹.
1662 2419 1685 2446 e)
1704 2419 1799 2443 sallites
1820 2418 1850 2442 Il.

199 2466 219 2499 f)
239 2467 274 2492 sic
293 2466 326 2491 R.
415 2466 438 2498 8)
458 2476 524 2492 corr.
538 2475 568 2491 ex
586 2467 693 2491 sentiam
712 2467 747 2491 al.
766 2475 835 2491 man.
855 2466 885 2491 R.
975 2465 999 2497 l¹)
1019 2474 1067 2490 om.
1086 2465 1118 2490 Il.

305 2518 347 2543 74.
375 2518 398 2550 a)
419 2526 445 2542 >o
464 2527 531 2544 corr.
545 2527 575 2543 ex
597 2525 626 2543 -U
644 2518 719 2550 ⁷22⁴qu
738 2523 880 2543 atramento
899 2518 930 2542 R.
1020 2516 1044 2547 b)
1063 2526 1130 2542 corr.
1144 2525 1174 2541 ea:
1192 2517 1261 2541 iussa
1279 2516 1311 2540 11¹.
1399 2516 1422 2545 c)
1441 2515 1568 2539 custodiat
1586 2514 1617 2538 11¹.

308 2574 332 2604 1)
349 2573 414 2598 Tam
428 2573 596 2599 occidentalis
609 2581 689 2606 quam
699 2573 837 2599 orientalis
848 2572 993 2604 Franci'ae,
1006 2572 1038 2603 cf.
1047 2574 1191 2597 τιδι’-89.
1253 2570 1279 2602 2)
1292 2568 1449 2595 Lambertus
1458 2568 1543 2602 igilur
1551 2570 1611 2600 post
1623 2571 1657 2593 :⁷¹0
1666 2567 1767 2592 dierum
1778 2575 1851 2592 occir-

196 2616 332 2649 patwnem
351 2617 398 2649 (cf.
409 2624 437 2648 p.
450 2619 484 2641 68
504 2618 596 2644 annot.
610 2617 637 2650 8)
650 2618 760 2642 exeunte
776 2624 865 2641 mense
878 2615 983 2641 Martio
1002 2615 1110 2640 abierat.
1181 2614 1207 2645 3)
1227 2612 1347 2638 Ecclesia
1366 2612 1387 2638 b.
1400 2611 1473 2636 Petri
1487 2619 1536 2643 pci-
1550 2611 1641 2643 plnres
1659 2610 1713 2635 dies
1730 2610 1763 2634 ab
1780 2609 1851 2634 omui

156 2668 182 2686 45
202 2659 292 2685 divino
310 2659 399 2691 officio
418 2659 455 2684 acl
466 2659 634 2692 expiandum
646 2659 798 2691 interdicta,
817 2667 839 2685 υ.
853 2666 938 2691 supra
957 2658 972 2684 l.
984 2662 996 2683 1
1015 2660 1038 2683 ct
1052 2658 1125 2683 Anu.
1138 2655 1269 2682 Fumacz
1283 2664 1307 2681 (ι.
1318 2658 1374 2687 878,
1390 2654 1429 2680 ed.
1441 2654 1532 2679 Kurze
1547 2661 1576 2686 p.
1588 2656 1627 2678 91.
1648 2666 1680 2670 —
1700 2652 1734 2677 In
1752 2650 1851 2685 synodo

199 2702 281 2734 paulo
290 2705 352 2735 post
365 2701 457 2728 habita
470 2702 500 2727 in
512 2701 621 2728 ecclesia
631 2702 730 2728 s.Petr2·
739 2702 896 2728 Lambertus
905 2701 1000 2726 iterum
1010 2700 1249 2726 excommunicatus
1259 2702 1303 2730 est,
1316 2698 1351 2730 cf.
1361 2700 1422 2723 acta
1432 2696 1526 2730 synodi
1538 2695 1668 2721 Trecensis
1682 2704 1706 2720 α,
1715 2698 1770 2725 878,
1781 2694 1850 2719 actio

206 2745 235 2777 V,
246 2749 262 2770 2
275 2744 325 2778 (etl.
339 2745 435 2771 Mansi
450 2744 547 2777 XVII,
563 2747 635 2778 348),
649 2745 785 2771 Dammler
798 2745 813 2771 l.
824 2745 840 2771 l.
853 2744 931 2776 111²,
947 2748 975 2770 75
989 2746 1081 2770 (mmet.
1092 2748 1115 2769 4.
1186 2743 1212 2774 4)
1232 2741 1304 2767 Filio
1315 2739 1469 2766 Ebcrlzardi
1483 2738 1644 2764 marchionis
1656 2736 1851 2763 Foroiuliensi&

202 2790 225 2814 et
248 2788 338 2814 Gislae
356 2787 428 2820 filine
441 2786 571 2814 Isuclom'ci
584 2787 629 2814 Pii
644 2788 819 2821 imperatoris,
837 2788 884 2820 qui
901 2790 991 2819 postea
1004 2796 1029 2813 a.
1039 2790 1177 2812 888—924
1191 2793 1239 2811 γεω
1254 2784 1348 2809 Italiae
1361 2783 1423 2814 fuit.
1495 2782 1521 2813 5)
1542 2781 1616 2814 Quae
1629 2788 1682 2805 ozon
1698 2781 1850 2811 supersunt.

1870 2078 1904 2098 rs.
1917 2081 1961 2103 118,
1973 2080 2017 2098 103.
