2189 3042
343 209 382 237 (γ)
790 201 967 230 IOHANNIS
988 202 1060 228 vm.
1081 201 1198 228 PAPAE
1220 201 1421 229 EPISTOLAE
1443 201 1485 228 98.
1504 201 1545 229 99.

345 231 350 238 ι
366 231 382 238 ,-

340 291 535 322 Francorum
570 289 721 320 mentitus
756 298 825 319 esse
858 288 984 319 videtur
1014 290 1047 319 et
1081 288 1259 329 inquietare
1292 288 1459 329 pacificum
1489 297 1623 329 regnum
1657 287 1794 329 predicti
1825 289 1924 330 regis,
1959 292 1991 320 et

340 342 529 373 Emmonem
541 341 561 379 ¹,
586 339 740 371 Bernardi
758 339 903 371 eomitis²
918 349 1116 381 germanum,
1134 339 1324 380 complicem
1344 340 1376 370 in
1392 339 1585 380 excessibus,
1602 340 1662 370 nisi
1678 340 1760 370 intra
1777 339 1844 371 dies
1861 340 1990 381 triginta

339 393 380 424 ad
397 392 574 433 predictum
591 391 749 422 seniorem
765 401 856 422 suum
873 391 1027 422 redierint
1043 393 1076 422 et
1091 390 1131 421 ab
1148 391 1367 432 inquietudine
1384 391 1475 432 regni
1492 391 1691 432 resipuerint,
1708 391 1794 423 omni
1811 390 1991 422 Christiana

339 444 561 475 communione
590 444 750 484 privamus
760 443 781 474 ³.
828 442 1053 482 Postmodum,
1085 443 1110 472 si
1138 443 1401 483 perseverarinta,
1432 443 1534 474 sciant
1561 453 1594 474 se
1622 442 1835 474 anathematis
1858 442 1991 473 vinculis

339 494 545 527 innodandos.

441 547 535 571 DATA
556 547 600 571 UT
619 546 735 571 SUPRA.

1140 667 1190 695 99.

446 725 604 756 Iohannes
623 723 716 755 VIII.
736 733 826 763 papa
849 725 992 756 omuibus
1014 725 1166 764 episeopis
1180 724 1364 756 Galliarum
1380 724 1576 765 Rostaymmz
1598 725 1863 765 archiepiscopum
1876 725 1990 757 Arela-

339 780 452 808 tmzsem
475 776 630 807 vicarium
655 775 859 815 apostolieum
883 776 919 807 in
940 786 1033 816 reyno
1052 775 1235 807 Galliarmn
1257 776 1463 807 constitutum
1484 777 1623 814 nuntiat,
1647 777 1828 808 verbotenus
1849 780 1990 816 repetens

339 832 472 860 tenorem
490 827 651 867 privileyr'i
677 828 822 867 Greyoriz'
838 828 867 859 I.
892 828 1049 859 universis
1072 828 1224 867 episeopis
1249 827 1432 859 Galliarum
1455 828 1567 860 directi
1588 838 1620 862 a.
1636 828 1699 859 595
1721 829 1868 868 Auy.12.

453 913 529 939 Coct:
561 912 588 938 R
605 915 625 946 f,
640 916 674 938 48
692 920 718 938 n,
735 916 772 939 97,
1701 881 1765 911 878
1788 880 1903 920 (Mai.)

442 964 528 991 EM.-
556 963 649 990 Editio
670 963 795 990 Romana
814 964 899 997 (1591)
919 964 977 997 III,
997 967 1046 991 370
1063 972 1090 990 n.
1102 968 1132 990 95
1151 975 1183 985 =
1202 963 1329 990 Sirmomd
1348 964 1426 990 Cone.
1440 967 1494 991 ant.
1511 963 1616 991 Galliae
1634 965 1691 997 111,
1711 968 1763 991 467
1780 973 1806 991 ⁷1.
1820 968 1859 991 27.
1898 965 1992 991 Mansi

340 1008 417 1034 Cone.
431 1008 490 1035 coll.
511 1007 609 1039 XVII,
629 1011 661 1033 82
679 1015 706 1033 oz.
720 1010 761 1033 95.
798 1007 892 1041 Miyne
913 1007 988 1033 Patr.
1003 1007 1049 1034 lat.
1065 1007 1204 1038 CXXVI,
1227 1010 1273 1033 777
1289 1015 1316 1033 n.
1331 1010 1386 1034 124.
1406 1023 1439 1026 —
1457 1007 1536 1039 Jaffe'
1555 1007 1620 1041 Refy.
1633 1011 1701 1034 3149
1719 1008 1815 1041 (2372).

401 1104 553 1128 OMNLBUS
578 1103 881 1127 REVERENTISSIMIS
904 1104 948 1127 ET
971 1103 1202 1127 SANCTISSIMIS
1225 1103 1395 1128 EPISCOPIS
1419 1103 1462 1127 ET
1485 1103 1674 1128 FRATRIBUS
1696 1104 1761 1127 PER
1784 1103 1930 1128 GALLIAS

1050 1146 1281 1171 CONSTITUTIS.

447 1196 508 1222 Ad4
529 1196 580 1222 hoc
600 1195 693 1229 divine
719 1195 935 1229 dispensationis
959 1195 1082 1229 provisio
1105 1196 1208 1229 gradus
1232 1198 1261 1222 et
1283 1195 1405 1222 diversos
1425 1195 1575 1222 constituit
1593 1195 1701 1222 ordines
1720 1201 1797 1222 essea
1815 1196 1991 1227 distinctosb,

341 1249 385 1278 ut,
405 1247 470 1273 dum
491 1246 676 1274 reverentiam
697 1246 816 1273 minores
835 1247 992 1280 potioribus
1012 1247 1194 1274 exhiberente
1213 1249 1242 1274 et
1260 1248 1382 1281 potiores
1401 1247 1553 1274 minoribus
1572 1247 1771 1274 dilectionemd
1790 1247 1991 1281 impenderent,

343 1308 398 1325 una
422 1299 570 1334 concordie
595 1300 674 1326 fieret
695 1305 714 1325 a
731 1299 896 1326 diversitate
918 1300 1062 1326 contextio
1084 1301 1113 1326 et
1133 1302 1209 1327 recte
1226 1300 1381 1327 officiorum
1397 1300 1562 1334 gerereture
1578 1300 1787 1327 administratio
1804 1300 1977 1335 singulorum
1984 1311 1990 1332 ;

342 1358 429 1383 neque
450 1349 523 1376 enim
544 1349 712 1376 universitas
732 1349 789 1376 alia
808 1351 921 1383 poterat
939 1350 1046 1377 ratione
1066 1351 1227 1382 subsistere,
1251 1351 1304 1377 nisi
1323 1350 1499 1377 huiusmodif
1516 1359 1632 1384 magnus
1651 1355 1733 1377 eam&
1751 1349 1907 1385 differentie
1926 1351 1991 1377 ordo

340 1402 471 1428 servaret.
502 1401 573 1433 Quia
593 1410 657 1428 vero
677 1403 805 1428 creatura
823 1401 851 1426 in
871 1410 926 1427 una
945 1402 1097 1435 eademque
1116 1402 1272 1435 equalitate
1290 1402 1460 1437 gubernarih
1480 1402 1524 1428 vel
1544 1401 1636 1429 vivere
1655 1410 1707 1428 non
1724 1404 1827 1436 potest,
1846 1401 1991 1436 celestium

342 1452 507 1479 militiarum
527 1453 654 1486 exempla
673 1461 721 1479 nos
741 1452 895 1484 instruunt,
914 1453 993 1486 quia,
1017 1453 1080 1479 dum
1100 1453 1169 1479 sinti
1189 1453 1295 1488 angeli,
1320 1453 1388 1480 sinti
1407 1453 1580 1487 archangeli,
1600 1453 1701 1486 liquet,
1720 1453 1787 1486 quia
1805 1461 1860 1479 non
1880 1453 1993 1487 equales

342 1506 415 1535 sunt,
434 1504 481 1531 sed
501 1504 529 1530 in
548 1506 689 1538 potestate
709 1506 737 1531 et
756 1504 859 1535 ordine,
878 1504 951 1530 sieut
971 1504 1065 1535 nostis,
1085 1504 1177 1531 differt
1197 1505 1268 1532 alter
1286 1505 1321 1531 ab
1335 1505 1432 1531 altero.
1461 1505 1489 1530 Si
1503 1513 1568 1539 ergo
1581 1504 1654 1531 inter
1665 1504 1723 1535 hos,
1743 1503 1862 1538 quisine
1876 1506 1992 1538 peccato

343 1557 421 1588 sunt,
442 1555 496 1582 ista
516 1557 628 1582 constat
646 1564 703 1582 esse
724 1555 880 1586 distinctio,
901 1555 963 1589 quis
982 1555 1124 1582 hominum
1144 1556 1263 1587 abnuat,
1283 1556 1347 1582 huic
1366 1565 1395 1582 se
1414 1556 1533 1583 libenter
1551 1555 1729 1590 dispositioni
1747 1555 1923 1586 submittere,
1948 1555 1992 1582 cui

343 1607 422 1633 novit,
441 1606 527 1633 etiam
546 1607 660 1640 angelos
679 1606 812 1640 obedire?
841 1606 912 1633 Hinc
931 1606 1034 1634 etenim
1054 1616 1109 1641 pax
1129 1607 1177 1633 etk
1199 1607 1301 1633 caritas
1320 1609 1417 1634 mutua
1436 1616 1464 1634 se
1484 1607 1543 1634 vice
1557 1607 1754 1641 complectitur
1766 1609 1794 1633 et
1806 1609 1902 1634 manet
1914 1607 1991 1633 firma

341 1657 486 1691 concordie
512 1657 541 1683 in
567 1658 677 1685 alterna
701 1661 729 1685 et
748 1659 805 1685 Deo
830 1659 937 1693 placita
961 1659 1111 1686 dilectione
1136 1659 1288 1686 sinceritas.
1326 1659 1396 1690 Quia
1418 1659 1505 1694 igitur
1524 1659 1736 1693 unumquodque
1755 1661 1821 1686 tunc
1844 1658 1992 1685 salubriter

340 1709 510 1742 completurl
530 1709 659 1741 officium,
680 1719 741 1736 cum
760 1710 844 1737 fuerit
863 1720 941 1741 unus,
966 1711 1001 1737 ad
1020 1720 1102 1744 quem
1122 1711 1210 1745 possit
1228 1711 1339 1742 recurri,
1359 1711 1526 1745 prepositus,
1549 1711 1651 1737 idcirco
1670 1712 1836 1744 oportunum
1856 1719 1912 1737 esse
1932 1719 1991 1744 per-

341 1761 511 1795 speximusm
528 1760 671 1788 nostrasn
694 1762 723 1788 in
747 1763 880 1795 ecclesiis,
905 1772 959 1799 que
984 1763 1034 1790 sub
1058 1772 1144 1798 regno
1162 1758 1340 1790 Galliarum
1363 1763 1476 1796 [sunt]⁰,
1500 1763 1652 1790 secundum
1675 1763 1821 1797 antiquam
1845 1765 1992 1790 consuetu-

340 1812 434 1839 dinem
458 1813 540 1839 fratri
563 1814 661 1839 nostro
685 1808 850 1840 Rostanno
875 1814 1051 1841 Arelatensis
1076 1814 1202 1842 civitatis
1227 1810 1380 1848 episcopo⁵
1404 1815 1478 1841 vices
1501 1816 1613 1841 nostras
1636 1815 1773 1846 tribuere,
1802 1814 1936 1848 quatinus
1964 1816 1992 1841 et

341 1863 480 1897 catholice
506 1863 569 1889 fidei
598 1863 758 1898 integritaS,
784 1864 813 1890 id
838 1866 881 1891 est
908 1867 1067 1891 sanctarum
1092 1867 1212 1898 quatuor
1235 1865 1400 1898 synodorum
1424 1865 1481 1891 Deo
1507 1867 1673 1899 protegente
1697 1865 1820 1892 sollicita
1845 1864 1992 1891 devotione

339 1916 477 1946 servetur,
501 1916 543 1944 et,
563 1914 586 1940 si
605 1914 679 1940 inter
699 1914 797 1941 fratres
817 1916 1081 1949 consacerdotesque
1102 1918 1208 1942 nostros
1227 1916 1324 1949 aliqua
1343 1916 1467 1943 evenerit
1485 1917 1555 1943 forte
1574 1917 1728 1949 contentio,
1748 1916 1925 1943 auctoritatis
1944 1923 1991 1951 sue

341 1965 442 1998 vigore,
458 1965 567 1991 vicibus
586 1974 686 2000 nempe
704 1966 776 1992 sedis
790 1967 945 2002 apostolice
959 1967 1078 1999 functus,
1098 1968 1220 1994 discreta
1232 1967 1422 1994 moderatione
1442 1969 1609 2001 compescat.
1641 1968 1691 1994 Cui
1710 1967 1796 1995 etiam
1815 1967 1992 1998 iniunximus,

340 2017 383 2046 ut,
409 2016 431 2041 si
452 2017 624 2049 quarundam
648 2026 793 2043 causarum
817 2017 893 2044 talev
912 2018 997 2045 fuerit
1022 2020 1162 2045 certamen
1181 2020 1319 2049 exortum,
1343 2019 1371 2044 in
1391 2027 1445 2052 quo
1465 2019 1580 2045 aliorum
1600 2019 1743 2053 presentia
1765 2028 1834 2053 opus
1856 2019 1905 2050 sit,
1931 2027 1992 2045 con-

339 2067 463 2101 gregatis
487 2067 540 2093 sibi
565 2077 678 2095 numero
703 2069 875 2102 competenti
894 2069 1028 2096 fratribus
1051 2071 1081 2096 et
1105 2070 1277 2104 coepiscopis
1300 2070 1401 2097 nostris
1423 2070 1574 2097 salubriter
1591 2073 1702 2097 servata
1723 2071 1774 2097 hoc
1794 2070 1920 2104 equitate
1939 2070 1992 2096 dis-

340 2118 430 2145 cutiat
450 2121 478 2145 et
497 2119 630 2146 canonica
650 2119 819 2146 auctoritate
833 2120 955 2147 definiat.
988 2121 1113 2154 Siquam
1127 2130 1190 2148 vero
1208 2121 1423 2152 contentionem,
1442 2121 1516 2154 quod
1534 2121 1617 2156 longe
1635 2122 1723 2148 faciat
1741 2121 1837 2147 divina
1855 2121 1991 2155 potentia,

340 2170 373 2197 de
393 2171 455 2197 fidei
475 2180 558 2198 causa
578 2172 688 2198 evenire
708 2172 860 2206 contigerit
879 2175 928 2200 aut
947 2173 1090 2207 negotium
1110 2173 1266 2204 emerserit,
1287 2173 1365 2200 cuius
1384 2174 1531 2200 vehemens
1550 2173 1588 2200 sit
1608 2173 1724 2200 fortasse
1743 2172 1871 2199 dubietas
1890 2175 1917 2200 et
1942 2181 1991 2207 pro

340 2222 382 2248 sui
407 2223 600 2256 magnitudine
626 2223 731 2249 iudicio
754 2224 909 2259 apostolice
934 2225 1006 2251 sedis
1030 2225 1167 2259 indigeat,
1194 2225 1374 2252 examinatas
1393 2225 1557 2259 diligentius
1581 2224 1699 2251 veritate
1722 2224 1858 2251 relatione
1883 2232 1932 2251 sua
1956 2225 1991 2251 ad

444 2326 468 2358 a)
487 2334 544 2351 -ra-
564 2334 645 2358 supra
664 2328 758 2352 lineam
777 2329 838 2353 add.
852 2329 888 2354 al.
901 2337 969 2354 man.
989 2329 1021 2354 R.

443 2384 484 2410 99.
513 2385 536 2417 ⁹⁴)
555 2394 571 2410 a
589 2394 616 2411 se
635 2386 667 2417 R,
686 2388 791 2412 cancell.
806 2389 840 2412 al.
854 2397 922 2413 man.
1001 2388 1025 2420 b)
1045 2398 1058 2414 o
1077 2398 1144 2415 corr.
1158 2398 1188 2414 ese
1207 2399 1225 2415 u
1243 2390 1275 2414 R.
1352 2389 1374 2420 c)
1394 2390 1410 2415 b
1429 2398 1496 2415 corr.
1510 2397 1540 2414 ex
1559 2398 1575 2414 u
1595 2390 1630 2414 al.
1643 2398 1712 2414 man.
1732 2389 1764 2413 R.
1840 2387 1864 2421 d)
1884 2389 1992 2421 diligen-

340 2429 400 2453 tiam
419 2428 451 2452 Β.
531 2427 554 2461 e)
574 2438 620 2453 -ur
639 2430 700 2454 add.
715 2431 749 2454 al.
764 2439 833 2455 man.
853 2431 884 2456 R.
963 2430 981 2463 f)
1001 2441 1025 2456 m
1044 2433 1071 2456 ἰη
1089 2441 1141 2457 ras.
1161 2432 1192 2456 R.
1269 2431 1294 2464 8)
1314 2440 1345 2457 ea
1363 2432 1395 2457 R.
1475 2431 1500 2462 ¹¹)
1520 2441 1585 2457 corr.
1600 2440 1630 2457 erc
1648 2432 1802 2464 gubernavit
1821 2432 1856 2456 al.
1871 2439 1939 2456 man.
1958 2431 1990 2456 R.

342 2469 360 2502 i)
381 2479 448 2495 corr.
462 2479 492 2496 ez
511 2472 566 2496 sine
587 2471 616 2496 R.
686 2471 711 2503 k)
731 2481 798 2497 corr.
811 2482 842 2498 em
860 2474 954 2498 etenim
973 2475 1008 2499 al.
1022 2484 1091 2500 mmz.
1111 2475 1143 2500 R.
1213 2474 1231 2506 1)
1250 2484 1262 2500 r
1281 2484 1347 2500 corr.
1360 2484 1391 2500 επ
1409 2484 1434 2499 111
1453 2475 1488 2499 αἶ.
1501 2483 1570 2500 man.
1584 2475 1616 2500 R.
1686 2473 1719 2507 Π1)
1738 2483 1827 2507 persp-
1844 2475 1872 2499 in
1890 2483 1942 2499 ras.
1957 2474 1989 2500 R.

341 2514 366 2543 ι1)
384 2514 419 2538 sie
438 2513 469 2538 R.
549 2512 573 2545 0)
593 2522 640 2539 om.
654 2514 686 2539 R.
766 2516 789 2546 1‘)
809 2516 865 2541 cale
884 2516 916 2547 R,
934 2517 1002 2548 quod
1020 2518 1069 2542 del.
1083 2519 1118 2543 al.
1131 2527 1200 2542 man.
1215 2518 1246 2543 R.
1326 2517 1350 2549 (1)
1369 2518 1479 2548 primum
1499 2526 1515 2543 a
1533 2526 1614 2550 supra
1633 2518 1728 2542 lineam
1746 2518 1808 2543 add.
1822 2517 1857 2542 al.
1870 2525 1939 2542 man.
1958 2517 1990 2542 R.

446 2593 470 2626 1)
493 2593 533 2624 Cf.
547 2601 630 2626 supra
647 2602 674 2620 n.
686 2599 722 2620 11.
792 2596 819 2627 2)
840 2596 1010 2622 Mar-chionis
1025 2597 1138 2623 Gothiae
1155 2599 1190 2631 cf.
1203 2605 1250 2622 rm.
1262 2600 1316 2628 119,
1333 2599 1385 2629 135,
1405 2600 1459 2629 142,
1480 2601 1532 2630 149,
1548 2601 1598 2624 155.
1669 2597 1696 2631 3)
1717 2596 1795 2630 Quod
1808 2597 1862 2623 IV.
1875 2596 1912 2623 id.
1923 2596 1990 2630 Sept.

339 2635 441 2667 factum
458 2638 502 2667 est,
521 2639 583 2662 teste
598 2637 745 2663 Hincmaro
763 2638 794 2663 in
806 2638 880 2664 Ama.
899 2638 935 2664 ad
953 2648 977 2665 α.
993 2642 1042 2666 878
1060 2639 1112 2673 (ed.
1134 2639 1218 2665 Waz't:
1233 2639 1345 2673 1>.144).
1427 2640 1454 2671 4)
1476 2641 1517 2672 Cf.
1533 2640 1655 2673 Greyorii
1674 2640 1696 2666 I.
1718 2640 1782 2673 Rea.
1802 2639 1845 2666 lib.
1863 2639 1888 2665 V
1903 2647 1942 2674 ep.
1957 2643 1992 2666 59

341 2677 358 2710 [
363 2677 392 2710 V,
411 2682 456 2710 54;
479 2678 531 2710 IV,
549 2680 602 2713 52],
627 2679 665 2705 ecl.
686 2680 841 2714 MG.EP1›.
862 2681 887 2713 I,
909 2683 969 2713 371,
993 2681 1067 2713 Jaffe'
1087 2682 1228 2716 Rey.1375
1246 2682 1346 2715 (1005).
1367 2697 1399 2700 —
1419 2682 1514 2709 Noster
1532 2683 1652 2716 seqnitur
1675 2685 1773 2709 teretmn
1793 2682 1913 2716 Reyistri
1931 2690 1953 2715 q.
1968 2691 1990 2708 r.

341 2720 483 2746 Hadriam*
502 2722 535 2754 (v.
548 2721 564 2747 l.
576 2722 591 2747 I.
608 2722 697 2755 praef.
708 2730 735 2755 p.
748 2722 831 2756 VIII)
845 2726 868 2749 et
880 2723 986 2756 quidem
1001 2725 1031 2749 in
1043 2725 1162 2750 omnibns
1176 2724 1259 2757 plane
1277 2732 1335 2750 oum
1353 2724 1406 2751 cod.
1419 2733 1434 2750 r
1445 2729 1457 2751 1
1475 2725 1578 2758 (Paris.
1591 2726 1637 2752 lat.
1648 2728 1720 2757 2279,
1740 2725 1802 2751 olim
1820 2733 1840 2752 s.
1852 2725 1991 2751 Martialis

342 2762 540 2796 Lcmovicensis,
559 2772 579 2790 s.
596 2764 631 2797 X,
651 2765 685 2796 cf.
698 2765 764 2792 ibid.
774 2774 802 2798 p.
816 2765 889 2799 XII)
903 2770 1038 2793 consonat.
1054 2783 1083 2786 —
1097 2767 1138 2793 De
1150 2767 1283 2793 vicariatu
1302 2767 1446 2800 apostolico
1457 2768 1619 2794 Arelatensis
1633 2767 1822 2801 archiepiscopi
1835 2767 1991 2794 norissimus

341 2806 391 2838 egit
412 2805 525 2832 Sehmitz
544 2807 572 2832 in
589 2807 670 2833 ιΗίει.
687 2807 820 2834 „lam-buch
841 2808 866 2834 d.
882 2808 1037 2843 Gora-emes?
1057 2810 1120 2836 XII
1136 2810 1233 2842 (1891).
1322 2811 1349 2841 5)
1369 2811 1402 2836 Α,
1423 2813 1560 2837 871-913.

2010 895 2036 914 10

2010 1151 2035 1170 15

2011 1408 2036 1428 20

2010 1664 2035 1683 25

2011 1922 2036 1941 30

2010 2178 2034 2197 35

2007 2482 2033 2501 40

2009 2733 2034 2752 45
