2189 3042
181 770 206 788 10

181 1025 205 1044 15

179 1282 205 1301 20

178 1932 203 1951 30

178 2188 202 2206 35

177 2495 203 2513 40

178 2732 202 2751 45

652 210 830 237 IOHANNIS
849 210 922 236 VIII.
942 209 1060 236 PAPAE
1084 209 1282 236 EPISTOLAE
1304 209 1362 237 308.
1381 210 1440 237 309.
1808 214 1869 244 267

226 297 302 328 olim
337 296 445 328 lumen
479 297 704 338 splendescere
733 296 809 327 fecit
838 300 870 327 ct
897 296 938 327 ad
966 296 1101 327 salutem
1136 296 1308 327 multorum
1344 296 1606 338 benignissimum
1642 307 1696 328 cor
1730 301 1870 329 vestrum

225 349 329 389 gratia
352 359 407 388 sue
432 349 574 389 potentie
598 348 795 378 inusti-avita.
841 346 904 378 Sed
929 350 961 377 et
983 347 1056 378 hinc
1080 347 1241 378 devotioni
1265 351 1370 388 vestre
1395 348 1525 389 dignum
1551 348 1698 379 duximus
1714 359 1871 390 congruas

226 402 334 440 grates
361 399 497 437 referre,
529 399 615 440 quod
642 400 759 439 partim
786 398 855 429 finis
884 398 1036 437 ostendit,
1068 409 1163 440 quam
1195 399 1384 430 fidelitatem
1418 410 1494 441 erga
1525 403 1667 431 sanctam
1691 400 1870 431 Romanam

226 451 395 481 ecclesiam
426 450 567 480 omnium
601 452 758 480 terrarum
791 452 927 480 matrem
956 452 988 480 et
1016 453 1112 490 caput
1142 449 1313 481 observare
1342 452 1472 487 curetis,
1505 462 1576 481 cum
1607 451 1689 482 hanc
1719 454 1751 482 et
1781 452 1870 483 initio

225 504 329 540 vestre
355 501 569 531 conversionis
593 501 792 541 quesieritisl
810 503 842 531 et
864 500 905 531 ad
922 511 1052 541 presens
1068 501 1324 532 auxiliatricemb
1348 502 1467 532 habere
1484 502 1525 532 ad
1542 505 1732 543 perpetuam
1750 503 1872 534 scilicet

224 555 364 583 vestram
388 551 598 582 salvationem
621 555 797 582 monstrare
825 562 888 582 non
918 553 1104 591 omiseritis,
1135 556 1261 583 sanctos
1285 553 1434 584 videlicet
1463 554 1625 594 apostolos
1652 554 1810 585 visitando
1839 558 1872 586 et

225 608 364 641 eorum0,
389 605 422 633 ut
446 603 594 643 diximus,
623 602 775 643 suffragia
797 603 998 644 postulando.
1044 604 1146 644 Igitur
1169 604 1342 635 absurdum
1366 604 1460 635 valde
1491 608 1539 635 est
1568 615 1605 636 ac
1636 606 1870 646 inconveniens,

225 654 310 695 quod
334 654 387 695 pia
410 657 515 685 vestra
539 654 684 685 voluntas
708 654 801 685 aliter
824 665 857 685 se
882 658 954 695 post
978 655 1097 686 habere
1121 655 1230 695 voluit,
1255 666 1367 696 quam,
1397 656 1479 686 sicut
1503 656 1648 687 omnibus
1671 661 1780 688 notum
1813 660 1870 697 est,

223 706 370 746 primum.
405 706 472 737 Vos
488 706 573 736 enim
587 705 737 736 divinitus
752 706 897 746 inspirati
912 709 1048 736 matrem
1066 707 1167 736 omnis
1188 705 1361 747 religionis,
1380 709 1521 737 sanctam
1540 708 1678 748 quipped
1692 708 1871 739 Romanam

225 757 410 795 ecclesiam,
438 756 613 788 ductricem
637 759 669 787 et
691 757 791 796 viam,
815 767 873 797 per
896 767 989 798 quarn
1015 757 1056 787 ad
1081 757 1258 788 eternitatis
1282 767 1401 797 pascua
1430 757 1639 795 duceremini,
1669 760 1783 790 merito
1814 770 1870 790 ex-

223 809 350 848 petistis
379 810 412 838 et
434 807 499 847 illa,
525 809 599 848 quia
623 808 770 838 omnibus
793 807 941 839 fidelibus
962 809 1084 839 viscera
1106 811 1251 838 materna
1268 808 1400 848 prebete
1418 819 1454 839 ac
1471 809 1607 849 prebuit,
1629 820 1685 840 vos
1708 810 1872 851 expansisf

224 859 265 890 ad
280 859 386 890 Deum
409 859 491 890 ulnis
516 858 642 890 Christo
666 860 785 900 gratias
809 869 908 900 agens
932 861 1063 900 recepit.
1110 859 1318 900 Consequens
1335 859 1404 897 fuit,
1428 863 1463 890 ut
1483 870 1502 890 a
1523 861 1601 891 recti
1623 871 1735 901 gressu
1750 863 1872 893 itineris

222 911 254 941 in
277 914 401 951 partem
425 921 488 941 non
514 911 724 942 flecteremini
747 921 806 941 nec
830 921 958 942 manum
982 912 1145 941 mittentes
1168 912 1200 941 in
1223 913 1363 941 aratrum
1388 912 1618 951 retroaspicere
1645 914 1871 954 cuiuscumque

224 962 305 993 forte
330 962 530 993 suasionibus
553 962 743 993 niteremini.
789 962 953 1003 Numquid
976 972 1053 1001 non,
1084 961 1129 992 fili
1151 962 1334 1001 karissime,
1364 965 1508 992 sanctum
1539 963 1742 1004 evangelium
1776 964 1871 995 surda

225 1023 301 1044 aure
326 1013 451 1052 auditis,
477 1024 539 1054 quo
563 1014 694 1054 legitur:
727 1013 801 1049 ‘Qui
824 1014 1081 1054 perseveraverit
1104 1024 1205 1054 usque
1228 1013 1260 1043 in
1284 1013 1389 1052 finem,
1414 1013 1465 1043 hic
1490 1014 1595 1044 salvus
1619 1014 1710 1045 erit'?
1755 1016 1821 1045 Aut
1844 1017 1869 1046 si

223 1064 356 1095 audistis
380 1068 412 1095 et
435 1064 609 1105 obauditis,
640 1065 742 1096 redite
766 1064 808 1096 ad
832 1067 972 1096 mentem
995 1067 1150 1103 vestram,
1174 1064 1288 1095 ‘redite
1318 1064 1359 1095 ad
1388 1064 1455 1095 cor³
1482 1067 1534 1095 etss
1557 1068 1661 1105 vestre
1695 1067 1871 1106 sponsionis

225 1116 475 1155 reminiscimini,
500 1117 573 1157 quia
597 1116 668 1157 plus
692 1127 782 1147 amor
806 1119 838 1147 et
858 1117 953 1146 timor
968 1116 1030 1147 Dei
1053 1126 1108 1146 vos
1132 1116 1208 1146 fecit
1232 1125 1302 1146 esse
1328 1115 1494 1146 credulum
1519 1116 1686 1156 apostolici
1702 1117 1871 1158 privilegii,

224 1178 330 1208 quam,
354 1171 390 1198 ut
412 1168 457 1198 ita
481 1167 626 1206 dixerim,
657 1167 806 1209 exempla
830 1168 1012 1198 multorum.
1059 1166 1092 1197 Si
1125 1168 1224 1205 enim,
1256 1166 1341 1207 quod
1366 1167 1560 1208 quicumque
1583 1167 1654 1198 Deo
1683 1169 1782 1209 vovit,
1812 1169 1873 1200 hoc

225 1219 325 1250 debet
348 1221 381 1250 et
403 1219 550 1258 reddere,
574 1219 668 1250 valde
693 1222 829 1260 oportet,
853 1222 889 1249 ut
911 1229 978 1259 vos,
1003 1218 1089 1260 quod
1113 1222 1221 1258 sancte
1246 1218 1393 1258 Romane
1425 1219 1560 1258 ecclesie
1588 1222 1702 1259 sponte
1730 1221 1870 1260 vovistis,

223 1270 381 1302 finetenus
405 1270 540 1302 reddere
564 1271 730 1311 studeatis,
753 1281 817 1301 non
839 1271 1034 1311 ignorantes,
1059 1269 1146 1311 quod
1169 1269 1283 1300 beatus
1300 1269 1418 1300 Petrus
1442 1270 1607 1310 apostolus
1630 1271 1721 1311 regni
1743 1272 1869 1311 celestis

225 1321 331 1353 claves
355 1333 373 1353 a
397 1322 525 1353 domino
549 1323 623 1353 Iesu
647 1321 773 1352 Christo
802 1323 964 1362 acceperit
988 1324 1021 1352 et
1045 1320 1221 1362 quibusque
1251 1321 1399 1352 fidelibus
1432 1321 1630 1362 aperiendih,
1661 1322 1732 1353 aliis
1763 1326 1871 1354 autem

226 1372 409 1404 claudendii
433 1374 647 1414 promeruerit
670 1376 874 1414 potestatem.
910 1372 981 1403 Hac
997 1373 1104 1414 igitur,
1129 1373 1210 1403 sicut
1230 1375 1263 1402 et
1282 1373 1382 1402 nostri
1400 1382 1613 1413 precessoreS,
1638 1383 1695 1403 nos
1712 1377 1872 1414 potestate

222 1425 298 1456 licet
324 1424 446 1465 indigni
473 1428 599 1456 utentes
623 1425 775 1466 cogimur,
806 1425 868 1454 utsi
892 1435 955 1454 non
980 1423 1249 1455 emendaveritisk
1273 1423 1374 1465 quodl
1398 1424 1578 1464 gessistism‚
1611 1427 1644 1455 et
1673 1424 1714 1455 ad
1744 1436 1873 1465 presens

222 1487 279 1507 vos
302 1477 333 1507 in
356 1477 417 1507 hoc
440 1477 548 1516 seculo
565 1476 660 1517 digne
685 1476 846 1516 corripere
872 1479 912 1515 et,
937 1478 972 1505 ut
991 1476 1023 1505 in
1039 1475 1156 1514 futuro,
1181 1478 1333 1516 quantum
1352 1476 1383 1505 in
1400 1475 1491 1505 nobis
1509 1480 1566 1515 est,
1590 1475 1869 1508 maledictionibus

195 1538 204 1555 ’π
223 1527 427 1568 repleamini,
460 1538 522 1558 non
552 1527 717 1567 preterire.
763 1526 867 1557 Huius
896 1527 943 1557 rei
971 1526 1088 1567 gratia,
1117 1526 1161 1556 fili
1189 1526 1373 1566 karissime,
1405 1526 1555 1558 festinate
1585 1528 1759 1568 corrigere,
1784 1528 1870 1569 quod

221 1579 330 1620 inique
355 1579 508 1620 gessistis,
533 1581 566 1609 et
589 1579 675 1609 omni
699 1578 865 1609 occasione
890 1578 1038 1618 omnique
1058 1587 1149 1608 mora
1165 1579 1344 1618 postposita
1369 1577 1461 1609 nobis
1484 1588 1542 1619 per
1557 1581 1698 1609 vestrum
1715 1579 1869 1621 legatum,

224 1630 376 1671 quicquid
391 1640 486 1671 super
502 1630 562 1660 hoc
586 1629 759 1661 emendare
783 1629 887 1668 vultis,
911 1628 1074 1665 mandate,
1099 1629 1174 1670 quia
1196 1639 1254 1659 nos
1271 1628 1341 1660 Deo
1366 1629 1495 1660 iuvante
1520 1639 1647 1660 omnem
1672 1629 1869 1661 voluntatem

222 1684 327 1721 vestre
363 1681 567 1712 correctionis
598 1680 823 1722 implebimus¹1
859 1684 891 1711 et
924 1691 980 1711 vos
1015 1681 1121 1711 anima
1156 1682 1188 1710 et
1222 1690 1356 1721 corpore
1392 1681 1497 1711 salvos
1527 1682 1667 1712 existere
1703 1682 1868 1722 cupientes

223 1742 351 1763 causam
376 1731 550 1763 secundum
573 1732 679 1763 Deum
704 1732 850 1763 ordinare
875 1731 1102 1762 studebimus0.

1010 1861 1080 1891 309.

330 1919 489 1951 Iohannes
511 1919 605 1951 VIII.
625 1929 714 1960 papa
738 1918 897 1951 Richardc'
919 1919 1113 1958 ‘imperatrici
1135 1921 1163 1950 et
1186 1919 1372 1950 Liutwardo
1395 1919 1579 1951 Vercellerzsi
1601 1921 1741 1960 episcopo
1761 1931 1870 1961 yraves

220 1970 282 2002 sibi
303 1981 324 2002 a
347 1971 519 2003 Saracenis
542 1971 738 2002 «imminentes
761 1971 972 2011 oppressiones
994 1971 1141 2009 nuntiat;
1169 1973 1270 2010 νομαί,
1298 1973 1334 2001 ut
1357 1971 1396 2001 ab
1419 1971 1606 2010 'imperatore
1628 1972 1787 2003 auxilium
1809 1973 1870 2004 sibi

221 2025 377 2062 expetant,
393 2023 524 2054 Petram
540 2023 716 2062 episcopum
733 2022 861 2055 latorem
874 2023 1089 2062 praesentium
1105 2023 1307 2060 commendat,
1332 2022 1368 2053 (le
1384 2022 1488 2053 reditu
1503 2022 1711 2063 Angyilberyac
1734 2024 1868 2063 inspera—

221 2074 311 2105 trz‘cis
333 2074 447 2105 iterum
464 2075 553 2113 petit.
1544 2074 1622 2113 (882
1645 2074 1783 2116 Mart.)2

336 2133 410 2160 Cod.:
440 2133 467 2160 R
484 2136 567 2167 f2120
584 2142 610 2160 n.
624 2136 679 2160 311.

324 2180 410 2207 Edd:
440 2181 535 2207 Editio
548 2181 674 2207 Romana
687 2181 775 2214 (1591)
789 2181 847 2212 ΙΙΙ,
858 2184 910 2208 508
927 2190 954 2208 η.
965 2185 1020 2208 298.
1051 2181 1146 2207 Mami
1168 2182 1244 2208 Cone.
1257 2183 1314 2209 coll.
1331 2183 1430 2216 XVII,
1443 2187 1490 2210 218
1507 2192 1533 2209 ιι.
1546 2187 1601 2210 298.
1633 2184 1727 2218 Mifflze
1740 2185 1813 2211 Patr.
1824 2186 1867 2211 lat.

223 2221 358 2256 CXXVI,
381 2227 428 2249 949
446 2232 472 2250 η.
488 2226 540 2250 355.
560 2240 592 2243 -
610 2223 684 2255 Jaffe'
702 2223 767 2256 Rey.
782 2226 853 2250 3380
871 2224 970 2258 (2602).

353 2293 519 2318 RICHARDI
538 2293 714 2330 AUGUSTI}3
734 2294 797 2318 SEU
815 2294 1040 2318 LIUTUUARDO
1058 2294 1310 2320 VERCELLI-:Nsla
1328 2296 1509 2321 EPISCOPO4
1528 2297 1549 2320 Α
1569 2297 1713 2321 PARIBUS
1721 2298 1738 2321 ⁵.

331 2341 477 2385 mantal>
502 2343 605 2374 cordis
637 2345 785 2384 angustia
818 2346 989 2385 tantusque
1015 2344 1106 2375 dolor
1136 2348 1169 2376 et
1197 2346 1335 2387 gemitus
1366 2347 1438 2377 hinc
1469 2350 1502 2377 et
1532 2346 1606 2378 inde
1636 2358 1707 2378 cum
1737 2348 1868 2388 inriguis

221 2394 423 2426 lacrimarum
448 2395 556 2425 rivulis
580 2398 721 2426 nostram
746 2398 865 2435 etatem
889 2396 1034 2436 quatiunt
1064 2398 1096 2426 et
1124 2400 1337 2437 conquassant
1366 2401 1538 2439 tantusque
1563 2399 1660 2429 etiam
1684 2399 1786 2429 luctus
1810 2409 1867 2439 pro

325 2488 348 2520 ὃ)
366 2498 419 2514 ras.
434 2494 493 2521 poet
510 2499 528 2514 u
547 2490 578 2514 R.
677 2489 703 2521 b)
722 2491 889 2516 auxiatricem
908 2490 939 2515 R.
1039 2490 1062 2522 ⁰)
1081 2495 1142 2526 etoga
1159 2491 1190 2516 R.
1298 2491 1323 2524 d)
1343 2501 1446 2525 quoque
1464 2492 1497 2518 R.
1597 2493 1618 2525 εθ)
1636 2494 1652 2517 b
1671 2502 1737 2518 corr.
1752 2501 1782 2517 ex
1800 2501 1816 2517 ιι
1835 2493 1867 2517 R.

221 2530 240 2562 s)
260 2540 326 2556 corr.
340 2532 367 2556 in
385 2532 500 2564 expassis
519 2532 550 2557 R.
629 2532 654 2564 8)
672 2541 738 2558 corr.
752 2541 782 2558 ex
800 2541 814 2557 e
833 2532 864 2558 R.
945 2532 970 2565 h)
990 2542 1056 2558 corr.
1070 2542 1100 2558 ez
1118 2535 1261 2566 aperiendis
1280 2535 1312 2559 R.
1392 2534 1410 2567 i)
1430 2544 1496 2561 corr.
1510 2544 1540 2561 ex
1559 2536 1679 2561 laudendi
1698 2536 1733 2561 al.
1746 2544 1815 2559 man.
1835 2535 1866 2560 Ιί.

221 2572 247 2605 ¹‘)
266 2582 333 2599 corr.
347 2582 377 2599 ex
395 2575 571 2599 emendaveris
591 2575 622 2600 R.
697 2574 715 2606 l)
736 2575 797 2600 add.
817 2584 898 2608 supra
917 2576 1011 2601 lineam
1029 2577 1064 2601 al.
1078 2586 1146 2602 mcm.
1166 2577 1197 2603 R.
1268 2577 1301 2610 1Π)
1321 2579 1469 2610 exgessistis
1488 2578 1519 2603 R.
1591 2577 1617 2609 n)
1636 2579 1652 2602 b
1671 2586 1738 2602 corr.
1752 2585 1782 2601 ex
1800 2585 1816 2601 ιι
1836 2576 1866 2600 R.

222 2616 246 2647 0)
265 2617 280 2641 b
300 2625 366 2642 corr.
379 2625 410 2642 ex
428 2626 445 2641 u
464 2617 495 2642 R.

325 2658 382 2684 309.
411 2658 434 2690 ἢ)
453 2666 471 2684 v
490 2667 555 2685 corr.
569 2668 600 2685 ex
618 2667 634 2684 Β
653 2660 684 2684 B.
771 2660 796 2692 b)
816 2661 900 2686 littera
917 2662 1024 2686 initialis
1042 2662 1109 2687 deest
1128 2663 1159 2688 R.

326 2726 350 2757 1)
368 2725 417 2751 Sed
435 2728 468 2759 cf.
482 2734 508 2752 n.
521 2729 562 2759 66,
578 2734 607 2759 p.
622 2730 656 2753 59
673 2729 766 2753 annot.
780 2732 801 2754 1.
893 2728 920 2761 2)
939 2726 981 2754 De
998 2731 1113 2763 tempore
1130 2729 1211 2756 huius
1228 2730 1351 2763 epistolae
1370 2730 1404 2761 cf.
1426 2729 1490 2755 NA.
1512 2729 1658 2760 XXXVI,
1673 2732 1716 2754 156
1734 2730 1826 2753 annot.
1841 2732 1864 2752 2.

222 2767 249 2797 3)
273 2767 355 2794 Umorrz·
374 2768 473 2794 ΙίανοῖιΙ
490 2769 545 2794 ΠΙ.
564 2769 738 2802 «imperatoris.
843 2770 871 2802 4)
893 2770 934 2802 Cf.
958 2779 1042 2804 supra
1063 2780 1111 2798 rm.
1124 2776 1183 2805 224,
1203 2776 1264 2806 253,
1284 2776 1339 2799 291,
1446 2773 1473 2805 5)
1493 2772 1546 2798 Sed
1568 2773 1729 2804 praesentem
1753 2773 1866 2796 tenorem

223 2810 345 2842 epistolae
364 2810 399 2836 acl
416 2811 608 2845 imperatricem
626 2814 729 2838 tantam
747 2812 876 2839 directum
894 2821 945 2839 csse
962 2814 1134 2846 mmzifestwn
1152 2818 1197 2841 ese.

1611 2864 1660 2890 34*

1887 925 1914 947 εἲ.
1930 925 1982 946 Luc.
1993 926 2012 950 9,
2023 926 2057 946 62.

1885 1026 1960 1047 Matth.
1972 1030 2004 1052 10,
2015 1028 2047 1048 22.

1886 1077 1936 1098 lsai.
1949 1080 1983 1103 46,
1995 1081 2013 1099 8.
2027 1108 2031 1112 .

1884 1281 1912 1300 cx:
1920 1279 1995 1300 natm.
2003 1283 2034 1306 ιε,
2041 1282 2075 1301 19.
