2189 3042
82 1547 112 1568 ef.
121 1547 186 1568 Prov-
197 1548 230 1571 2⁹,
241 1548 276 1568 28.

291 110 352 140 368
820 103 975 130 FORMOSI
997 103 1115 129 PAPAE
1133 103 1332 130 EPISTOLAE
1350 104 1375 130 2.
1387 105 1411 130 3.

290 193 380 234 ipsoa
397 203 454 232 per
470 202 543 222 suos
565 191 701 221 vicarios
725 191 890 221 insistente
915 193 947 220 et
971 189 1207 231 que1·imonias¹’
1225 189 1469 230 multiplicante,
1487 200 1542 221 cur
1558 194 1646 222 tuam
1669 202 1731 222 non
1756 182 1940 224 enhibueris

290 243 504 284 praesentiam
530 242 634 272 saltim
660 252 717 282 per
741 242 945 273 defensorem
962 241 1125 280 vicarium,
1151 252 1210 272 non
1235 241 1396 272 modicum
1420 242 1582 273 miramur.
1624 243 1659 273 111
1683 253 1745 284 quo
1770 245 1940 285 0110910311(τ

290 295 440 324 tribuitur
456 304 659 334 summopere
675 293 913 324 contentionem
930 303 994 324 non
1011 292 1112 331 odire,
1130 294 1183 333 qui
1207 293 1315 324 iudicii
1339 293 1536 334 aequitatem
1554 299 1687 325 conatur
1707 294 1940 336 subterfugere.

288 346 484 376 Praesertim
509 355 581 375 cum
599 348 631 376 et
648 344 854 385 Maguutiaed
878 345 1095 375 sanctissimus
1119 345 1409 385 archiepiscopus¹,
1435 346 1483 376 cui
1509 345 1548 376 de
1574 346 1632 377 hac
1656 357 1690 377 re
1714 350 1748 377 ut
1771 347 1942 378 veritatem

288 398 462 437 inquireret
491 407 549 437 per
572 396 748 427 confratres
773 400 804 427 et
828 397 1071 427 conlimitaneos
1097 397 1266 437 episcopos
1296 397 1471 427 iniunctum
1495 396 1612 437 fuerat,
1643 397 1683 428 ad
1715 408 1770 429 nos
1801 398 1943 430 scribens

289 448 526 489 significaverit,
559 451 715 489 quatenus
748 448 948 479 venientibus
980 448 1246 479 reverentissimis
1282 449 1442 489 episcopis
1475 449 1517 479 ad
1546 449 1788 480 Frankenford⁸
1812 450 1852 480 de
1881 450 1942 481 hac

290 500 403 530 eadem
425 511 457 530 re
476 500 720 540 diligentissima
745 499 829 530 facta
853 499 949 531 fuerit
972 500 1148 541 inquisitio;
1174 510 1349 540 omnesque
1372 500 1555 531 dioecesani
1581 501 1726 531 eiusdem
1743 501 1942 533 Ooloniensis

287 550 545 592 archiepiscopis,
575 551 722 582 Francho
751 551 923 583 videlicetg
951 551 1197 592 Tungrensish2,
1218 551 1455 582 Vodclbaldusi
1475 551 1721 592 Traieotensis³,
1742 552 1943 584 wofelmusk

288 602 709 644 Mimige1·malfurdensis¹⁴,
723 603 881 645 Druogom
895 603 1200 641 Mimidomensisffi,
1218 603 1418 644 Egilmarus⁰
1432 603 1705 644 Osnabrugensis⁶
1721 604 1779 635 sub
1796 605 1942 637 testifica-

288 655 383 685 tionis
401 658 573 695 praetextu
589 655 751 686 testificati
772 659 844 686 sunt
859 665 960 697 usque
977 655 1018 686 ad
1035 658 1065 686 te
1082 655 1204 686 nullum
1223 655 1406 686 Bremensis
1430 655 1586 686 ecclesiae
1603 656 1787 697 praesulem
1810 656 1941 687 modum

288 706 495 737 subiectionis
509 705 693 737 Coloniensi
716 707 849 737 antistiti
872 706 1100 746 subtraxissev,
1118 706 1175 737 sed
1192 716 1321 747 semper
1339 706 1544 737 decessoresq
1558 710 1654 748 tuost,
1673 708 1725 748 qui
1743 708 1849 739 eidem
1862 707 1941 738 Bre-

287 758 389 788 mensi
413 758 570 789 ecclesiae
593 759 801 799 praefuerunt
823 769 842 789 a
858 758 1056 800 temporibus
1077 768 1154 789 suae
1178 758 1427 798 christianitatis,
1452 758 1521 788 sedi
1538 757 1721 789 Coloniensi
1745 759 1842 790 fuisse
1867 759 1942 790 sub-

287 810 418 841 iectos7.
448 809 570 840 Verum
588 811 661 851 quia
690 813 851 841 tantorum
868 811 1007 841 virorum
1025 810 1245 840 testimonium
1268 809 1412 841 frustrari
1432 821 1494 841 non
1511 810 1644 851 expedit
1661 813 1693 841 et
1708 810 1750 841 ad
1772 814 1943 842 statutum*

289 861 439 892 veniendi
472 865 599 902 tempus
626 862 780 893 festinare
806 862 856 893 vel
880 861 1031 903 delegare
1057 862 1209 892 vicarium
1234 861 1393 901 distulisti,
1423 863 1504 892 tanti
1533 863 1688 903 temporis
1711 863 1943 903 querimoniam

290 924 328 944 ac
365 913 546 954 legatorum
589 916 788 945 constantem
833 914 1017 944 instantiam
1054 913 1143 944 nihili
1182 913 1340 954 penderet
1376 914 1583 944 inhumanum
1622 914 1801 945 videbatur.
1855 914 1942 950 Qua-

290 969 422 1006 propter
445 966 550 1004 artati,
574 965 646 996 hinc
670 976 709 996 ne
727 965 927 997 Coloniensis
951 965 1088 996 ecclesia
1111 966 1264 996 iustitiam
1288 965 1450 1006 perderet,
1474 965 1548 996 inde
1572 976 1612 996 ne
1633 965 1943 1007 Hammaburgensis

288 1017 435 1055 ecclesia,
468 1028 550 1058 quae
582 1017 623 1048 ad
655 1018 799 1058 gentium
832 1018 1034 1049 vocationem
1065 1018 1211 1048 instituta
1248 1016 1381 1057 fueratu,
1414 1017 1556 1048 subsidio
1591 1017 1745 1048 destituta
1778 1017 1942 1059 deficeret,

292 1068 506 1109 dispensative
531 1070 721 1109 censuimus,
746 1073 903 1110 quatenus
927 1069 1135 1110 quoadusque
1161 1068 1267 1099 divina
1291 1069 1486 1109 suffragante
1510 1070 1614 1110 gratia
1637 1069 1817 1110 praelibata
1840 1069 1943 1100 Ham-

291 1120 513 1160 maburgensis
546 1120 682 1151 ecclesia
714 1121 745 1151 in
776 1124 900 1151 tantum
932 1120 1092 1160 dilatetur,
1124 1123 1158 1151 ut
1182 1121 1364 1161 episcopiav
1388 1121 1554 1151 instituere
1578 1121 1694 1159 valeat,
1725 1122 1789 1152 iam
1820 1131 1942 1152 memo-

291 1175 394 1202 ratam
419 1172 629 1203 Bremensem
653 1173 823 1203 ecclesiam
849 1172 890 1203 ad
916 1172 1092 1203 subsidium
1120 1172 1250 1210 habeat,
1275 1175 1308 1203 et
1335 1173 1483 1213 quotiens
1509 1173 1540 1202 in
1570 1173 1695 1214 magnis
1722 1177 1785 1203 acW
1808 1183 1943 1213 praene-

293 1223 437 1254 cessariis
454 1224 614 1254 canonicis
638 1224 775 1264 negotiis
799 1224 986 1265 oportuerit,
1011 1234 1073 1254 non
1097 1223 1296 1255 subiectione
1313 1223 1431 1264 aliqua,
1456 1223 1514 1254 sed
1536 1223 1655 1255 affectu
1679 1224 1839 1255 fraternae
1864 1225 1943 1255 cari-

292 1276 368 1305 tatis
385 1275 695 1316 Hammaburgensis
719 1276 990 1317 archiepiscopus,
1016 1276 1069 1317 qui
1093 1275 1238 1306 eiusdem
1255 1275 1438 1306 Bremensis
1462 1275 1618 1306 ecclesiae
1642 1276 1787 1316 regimen
1812 1275 1943 1316 obtinet,

290 1338 348 1368 per
382 1338 415 1358 se
450 1331 505 1358 aut
536 1328 689 1358 vicarium
724 1339 815 1358 suam
847 1328 950 1358 vicem
985 1331 1153 1368 gerentem
1189 1328 1219 1357 iu
1252 1326 1445 1358 adiutorium
1480 1326 1678 1357 Coloniensis
1710 1326 1944 1368 archiepiscopi

288 1379 438 1410 invitatus
461 1379 603 1410 accedat.
641 1380 786 1410 Dilatata
813 1384 921 1410 autem
947 1379 1241 1420 Hammaburgensi
1265 1378 1401 1410 ecclesia
1423 1378 1575 1420 largitore
1600 1379 1741 1409 omnium
1769 1378 1945 1409 bonorum¹

288 1431 548 1462 amminiculante
570 1435 602 1462 et
621 1431 760 1462 fundatis
782 1431 953 1471 episcopiis
977 1441 1075 1471 saepe
1098 1434 1317 1461 memorataey
1334 1429 1533 1461 Ooloniensis
1557 1430 1713 1460 ecelesiae
1738 1430 1849 1461 sedesy
1866 1429 1943 1460 Bre-

292 1494 437 1514 mensem
466 1484 615 1524 10019131Ζ
639 1483 818 1514 ecclesiam.
861 1482 1075 1513 Inhumanum
1105 1483 1225 1523 quippe
1251 1485 1299 1512 est
1328 1482 1412 1512 inter
1439 1482 1622 1512 saeculares
1646 1481 1752 1512 aliena
1778 1482 1846 1512 iura
1869 1491 1942 1522 per-

291 1535 419 1573 vadere,
450 1538 569 1576 quanto
604 1535 705 1575 magis
734 1534 949 1565 sanctissimos
977 1535 1167 1574 episcoposa
1190 1536 1326 1564 statutos
1357 1544 1376 1564 a
1405 1533 1548 1574 patribus
1581 1534 1762 1573 transgredi
1790 1535 1943 1565 terminos

288 1589 321 1617 et
352 1586 426 1617 eosb
456 1586 594 1628 litigare,
625 1586 680 1627 qui
710 1586 798 1626 pacis
830 1585 949 1616 debent
976 1584 1112 1615 subditis
1145 1585 1296 1625 exempla
1325 1585 1492 1625 praebere.
1542 1584 1634 1616 Haec
1667 1588 1774 1616 autem
1807 1585 1849 1615 ad
1880 1585 1942 1616 hoc

289 1637 420 1668 decreta
450 1640 499 1668 est
529 1637 734 1678 dispensatio,
764 1640 798 1667 ut
830 1647 893 1677 pax
922 1637 1039 1676 vigeat,
1073 1639 1176 1667 cesset
1205 1636 1366 1666 contentio
1397 1639 1431 1666 et
1461 1637 1600 1667 iustitiae
1631 1636 1792 1677 vigorem⁰
1816 1637 1940 1667 miseri-

291 1690 420 1721 cordiae
437 1689 617 1730 compassio
635 1692 803 1730 temperet,
821 1689 958 1719 scientes
974 1689 1041 1719 sine
1058 1688 1146 1728 pacis
1162 1687 1246 1718 bono
1264 1687 1385 1718 nullum
1401 1687 1471 1718 Deo
1489 1698 1602 1718 munus
1619 1687 1687 1718 fore
1708 1687 1908 1729 acceptabile
1916 1687 1939 1719 ¹¹.

395 1956 567 1986 Formosus
590 1965 678 1996 papa
703 1954 899 1986 Hermanno
930 1955 1162 1994 archiepiscopo
1191 1954 1367 1986 Coloniensi
1395 1954 1562 1993 siymficat,
1592 1953 1671 1993 quid
1701 1953 1738 1984 de
1769 1953 1944 1985 conditione

292 2007 473 2039 Bremensis
495 2006 638 2038 ecclesiae
659 2007 727 2037 sedi
751 2006 937 2045 apostolicae
958 2006 1110 2045 placitum
1133 2006 1183 2037 sit.
1749 2005 1854 2044 (893.)

393 2075 468 2101 Cod.:
490 2075 515 2100 T
528 2075 549 2106 f.
564 2078 599 2101 36
634 2078 662 2100 71
676 2094 682 2101 .

393 2126 478 2153 Eud„-
506 2127 585 2152 Mass
610 2075 632 2152 L(
640 2075 703 2159 l.)p.
721 2129 764 2152 130
788 2134 815 2152 n.
829 2130 863 2151 28
886 2137 917 2147 z
937 2126 1112 2159 Lappenberq
1131 2125 1291 2159 ‘fflzmbmrffl
1311 2125 1378 2152 UB.’
1397 2125 1421 2158 I,
1441 2129 1492 2152 780
1516 2134 1542 2151 n.
1558 2129 1612 2151 240
1636 2137 1665 2147 =
1690 2125 1781 2158 Miyne
1800 2125 1875 2152 Patr.
1894 2125 1940 2151 lat.

294 2169 436 2202 CXXIX,
451 2172 503 2195 843
521 2178 548 2195 n.
563 2174 586 2196 6.
607 2184 638 2188 —
657 2169 738 2203 1109.-
757 2169 833 2200 Joffe'
851 2172 920 2195 3488
938 2170 1033 2202 (2631).

393 2292 417 2322 ὃ)
437 2292 505 2323 quod
524 2300 553 2316 eo
571 2291 605 2315 K.
676 2290 701 2322 b)
720 2292 903 2322 querimoniam
925 2291 951 2316 Ο.
1023 2289 1045 2323 0)
1065 2292 1195 2323 suspicare
1209 2290 1236 2315 Ο.
1308 2289 1333 2321 d)
1354 2291 1487 2322 Moguntie
1505 2290 1538 2314 K.
1610 2290 1634 2322 θ)
1653 2290 1893 2314 Franeonefordiam
1907 2290 1941 2315 K.

289 2334 309 2367 s)
328 2335 438 2367 episcopi
459 2334 485 2359 O.
579 2336 604 2365 8)
623 2338 685 2367 puta
703 2335 818 2358 Francho
840 2334 871 2358 K.
967 2332 993 2365 h)
1012 2338 1074 2358 tunc
1093 2335 1192 2359 Gressis
1213 2334 1239 2358 O.
1337 2333 1354 2363 i)
1376 2333 1553 2365 VVydebaldus
1572 2332 1605 2358 K.
1694 2331 1720 2363 k)
1741 2333 1888 2357 Woselinus
1907 2331 1940 2358 K.

290 2376 308 2409 l)
327 2378 537 2403 Monasteriensis
557 2378 591 2402 K.
691 2376 723 2409 ¹¹¹)
742 2379 848 2410 Druggo
867 2377 900 2402 K.
995 2377 1019 2409 n)
1040 2378 1190 2409 Myndensis
1208 2377 1242 2401 K.
1332 2376 1355 2408 0)
1375 2377 1525 2409 Egelmarus
1544 2376 1577 2400 K.
1686 2374 1711 2407 P)
1731 2377 1896 2400 contemsisse
1916 2376 1942 2401 Ο.

291 2422 315 2450 q)
336 2422 525 2453 predecessores
545 2420 579 2445 K.
651 2420 672 2451 ¹)
691 2429 751 2444 suos
766 2420 791 2445 O.
857 2419 878 2450 s)
898 2424 992 2445 statum
1008 2419 1035 2444 C.
1105 2420 1123 2450 t)
1143 2420 1212 2444 1110111
1232 2420 1378 2452 impendere
1391 2419 1424 2444 K.
1496 2418 1521 2450 11)
1541 2422 1579 2444 est
1591 2419 1626 2444 K.
1697 2419 1721 2450 v)
1741 2419 1895 2451 episcopiam
1916 2419 1942 2443 Ο.

291 2463 322 2497 w)
341 2468 366 2488 et
385 2464 419 2488 K.
507 2465 533 2493 Χ)
552 2464 677 2488 bonorum
697 2464 809 2487 omniurn
830 2463 862 2488 Κ,
946 2464 970 2493 y)
990 2467 1128 2487 memorata
1146 2463 1266 2487 Coloniae
1284 2463 1356 2487 sedes
1377 2463 1403 2487 O.
1491 2461 1513 2492 z)
1527 2462 1637 2494 accipiat
1649 2461 1683 2486 K.
1769 2461 1793 2493 Β)
1813 2461 1942 2486 sanctissi-

292 2516 390 2532 morum
415 2508 590 2539 episcoporum
611 2505 644 2531 K.
736 2505 760 2537 b)
781 2506 884 2530 insimul
903 2506 965 2530 add.
980 2506 1012 2531 K.
1108 2505 1129 2536 ⁰)
1153 2506 1262 2537 rigorem
1281 2505 1314 2530 K.
1411 2503 1436 2536 d)
1461 2509 1603 2537 acceptum.
1640 2505 1711 2529 Nulli
1736 2505 1814 2537 igitur
1839 2505 1942 2529 omnino

290 2551 422 2575 hominum
442 2554 489 2575 etc.
512 2550 542 2575 K.

398 2637 421 2667 1)
444 2634 484 2667 Cf.
498 2643 583 2667 supra
597 2643 624 2667 p.
638 2637 689 2660 367
704 2642 770 2659 ann.
785 2637 808 2659 2.
909 2633 935 2666 2)
956 2633 997 2664 Cf.
1010 2641 1097 2666 supra
1112 2642 1141 2666 p.
1154 2636 1202 2659 358
1221 2642 1286 2659 arm.
1300 2638 1324 2659 4.
1421 2633 1448 2666 3)
1469 2633 1510 2664 Gf.
1524 2633 1540 2659 l.
1554 2640 1576 2659 0,
1588 2640 1654 2658 ann.
1667 2636 1689 2658 5.
1787 2632 1814 2661 4)
1836 2631 1877 2663 C'f.
1891 2632 1906 2658 l.
1921 2640 1941 2658 c.

291 2687 357 2705 ann.
371 2682 395 2705 6.
506 2679 531 2709 5)
552 2678 594 2712 C'f.
608 2678 623 2704 l.
638 2685 659 2703 c.
673 2685 737 2703 ann.
754 2681 773 2702 7.
878 2677 904 2708 6)
928 2676 967 2707 Cf.
982 2676 996 2701 Ζ,
1010 2684 1030 2702 e.
1043 2685 1109 2702 ann.
1123 2680 1139 2702 8
1157 2680 1180 2702 ει
1196 2685 1223 2709 p.
1238 2680 1285 2703 359
1304 2685 1329 2703 n.
1339 2680 1362 2703 3.
1469 2677 1494 2709 7)
1515 2675 1588 2701 Haec
1605 2673 1718 2706 epistola
1736 2677 1760 2700 et
1778 2677 1864 2700 cetera
1883 2677 1942 2700 acta

290 2722 388 2756 synodi
409 2721 636 2754 Frankf'urtensis
653 2719 788 2753 deperdita
807 2722 884 2748 smm-
906 2719 939 2750 ct‘.
951 2718 1089 2745 Drimmler
1105 2719 1270 2745 ‘Geschichte
1288 2719 1335 2745 des
1353 2719 1486 2752 ostsrdnk.
1498 2716 1637 2745 Reiches'2
1651 2716 1710 2749 III,
1725 2721 1786 2743 405.

1972 668 1995 686 10

1971 926 1995 945 15

1970 1183 1996 1202 20

1971 1440 1994 1460 25

1969 1698 1995 1717 ³0

1969 2179 1993 2198 ³5

1970 2723 1994 2742 45
