2189 3042
128 368 204 388 matth.
215 369 246 389 21,
255 370 287 386 ⁴21.

113 471 142 492 cf.
150 470 227 492 Matth.
236 472 255 494 3,
264 474 283 491 9.

125 522 154 542 cf.
165 522 213 541 Gal.
226 523 244 544 3,
253 525 286 542 22⁴.

149 992 281 1017 Rom-114².

90 1044 243 1069 oi.Rom.11‚ll
253 1050 285 1069 sq.

104 1147 134 1169 oi.
140 1147 201 1168 Rom.
211 1149 282 1171 ll,1⁷.

170 1234 199 1255 oi.
206 1234 268 1255 Rom.

150 1264 183 1284 11,
192 1262 243 1281 19—
250 1262 281 1281 20.

91 1294 282 1319 et.Matth.11,i5

100 1509 130 1532 ct„
137 1509 241 1533 Num.2⁰‚
252 1512 283 1531 17.

97 1815 127 1837 οἵ.
138 1816 210 1838 Iacob.
221 1819 239 1841 1,
250 1818 279 1837 17.

91 1967 123 1987 ct.
133 1970 153 1988 1.
164 1967 213 1988 Cor.
223 1969 284 1991 13,1.

305 123 365 152 390
781 115 953 142 LUDOVICI
973 116 1007 142 II.
1028 115 1277 143 IMPERATORIS
1296 117 1483 145 EPISTOLA.

407 204 503 244 Ergo,
539 203 638 234 frater
673 202 850 242 karissime,
882 202 992 234 desine
1030 203 1062 233 in
1097 202 1157 234 hoc
1190 204 1419 235 contentiosius
1449 215 1557 246 agere,
1592 205 1702 236 desine
1735 206 1955 240 adulatoribus

299 256 477 297 quibusque
502 253 631 285 tandem
655 264 749 285 aures
773 257 848 285 tuae
873 254 1041 295 pu1·itatis⁸·
1068 255 1241 287 inflectere.
1281 254 1430 297 Denique
1453 266 1532 297 gens
1556 256 1751 288 Francorum
1781 258 1898 290 multos
1922 264 1955 292 et

300 307 542 339 fecundissimos
571 305 709 336 Domino
740 305 860 337 fructus
881 305 997 345 attulit,
1022 316 1084 336 non
1107 306 1212 337 solum
1235 307 1298 338 cito
1321 307 1493 347 credendo,
1518 317 1629 339 verum
1661 309 1758 340 etiam
1785 311 1955 343 nonnullos

302 359 383 390 alios
412 358 577 389 salutifere
607 357 832 388 convertendo.
880 356 973 388 Unde
1004 357 1095 388 vobis
1126 368 1145 388 a
1170 357 1309 389 Domino
1339 359 1407 390 iure
1435 359 1636 400 praedictum
1661 363 1723 391 est:
1750 361 1954 393 ‘Aufereturb

300 422 318 442 a
344 410 432 441 vobis
457 420 591 451 regnum
615 409 677 441 Dei
705 413 737 441 et
767 410 894 441 dabitur
917 411 1006 451 genti
1030 410 1159 441 facienti
1184 410 1303 442 fructus
1327 411 1417 442 eius’.
1462 411 1551 442 Sicut
1575 422 1652 453 ergo
1676 413 1780 454 potuit
1801 413 1890 444 Deus
1914 414 1955 445 de

299 462 458 503 lapidibus
482 463 636 492 suscitare
659 461 741 493 filios
758 461 920 501 Abrahae,
944 463 988 493 ita
1013 462 1116 504 potuit
1140 462 1179 493 de
1196 462 1393 494 Francorum
1418 463 1536 495 duritia
1552 464 1691 495 Romani
1714 464 1868 496 suscitare
1884 475 1955 497 sue-

302 524 445 545 cessores
468 513 609 554 imperii;
635 516 667 544 et
690 514 771 544 sicut
795 514 821 544 si
843 514 961 545 Christi
985 525 1103 554 sumus,
1129 514 1304 545 secundum
1328 515 1511 556 apostolum
1535 515 1688 546 Abrahae
1712 526 1822 547 semen
1847 517 1956 548 existi-

298 577 378 604 mus,
408 566 453 597 ita
484 566 510 596 si
540 576 648 596 sumus
673 565 799 603 Christi,
832 566 939 597 omnia
969 576 1137 607 possumus
1166 576 1224 607 per
1253 567 1390 607 gratiam
1421 567 1530 608 ipsius,
1556 577 1640 608 quae
1665 571 1797 608 possunt
1820 568 1876 609 illi,
1901 569 1957 610 qui

299 618 444 649 videntur
475 618 613 649 existere
646 616 777 655 Christi5
809 620 840 649 et
872 618 954 649 sicut
982 628 1038 648 nos
1069 628 1126 658 per
1160 617 1257 649 fidem
1288 617 1406 650 Christi
1436 618 1611 650 Habrahae
1647 629 1758 650 semen
1789 620 1956 651 existimus

298 669 473 711 Iudaeique
504 672 636 710 propter
668 668 836 710 perfidiam
866 668 1020 700 Abrahae
1049 669 1105 700 filii
1133 680 1203 700 esse
1234 669 1411 709 desierunt,
1444 671 1489 702 ita
1519 681 1647 712 quoque
1682 670 1774 702 nobis
1806 674 1956 713 propter⁰

297 721 414 752 bonam
445 721 639 762 opinionem,
668 720 897 761 orthodosiam,
926 721 1071 762 regimen
1094 721 1222 762 imperii
1249 721 1389 753 Romani
1412 722 1623 763 suscepimus;
1655 721 1794 754 Graecid
1823 726 1956 764 propter

298 773 515 811 kacodosiam,
532 772 564 803 id
582 775 630 804 est
645 773 764 803 malam
781 773 974 813 opinionem,
990 772 1210 804 Romanorum
1233 773 1445 814 imperatores
1470 774 1609 805 existere
1626 777 1842 813 cessaverunt,
1861 774 1954 806 dese-

298 828 403 856 rentes
434 824 583 855 videlicet
605 835 668 856 non
692 825 796 855 solum
819 825 931 856 urbem
956 828 988 855 et
1011 824 1122 855 sedes⁹
1146 825 1282 866 imperii,
1308 827 1357 856 set
1380 828 1412 857 et
1435 828 1566 867 gentem
1591 826 1773 858 Romanam
1797 830 1829 858 et
1851 828 1955 868 ipsam

298 886 425 918 quoque
448 877 591 918 linguam
615 877 742 917 penitus
765 876 970 907 amittentesl
995 878 1090 917 atque
1121 875 1162 907 ad
1185 877 1282 908 aliam
1313 877 1426 908 urbem
1457 877 1568 909 sedem
1600 881 1732 919 gentem
1757 881 1790 910 et
1812 878 1955 920 linguam

299 939 357 970 per
380 929 487 959 omnia
511 928 784 969 transmigrantes.

406 979 463 1011 Set
494 990 544 1019 ne,
575 979 674 1011 frater
703 979 937 1020 desiderabilis,
965 980 1093 1011 tristitia
1122 990 1177 1011 cor
1199 982 1288 1011 tuum
1316 980 1451 1021 repleat,
1482 980 1557 1012 audi
1587 982 1756 1022 sequentia
1780 981 1853 1023 quif
1877 983 1954 1013 ‘non

297 1032 414 1072 repulit
437 1032 526 1063 Deus
555 1031 686 1073 plebem
716 1042 806 1063 suam
837 1042 932 1072 quam
955 1032 1146 1073 praescivit’.
1193 1031 1284 1063 ‘Dico
1309 1042 1402 1073 ergo:
1427 1032 1581 1074 numquid
1610 1033 1655 1064 sic
1683 1033 1895 1074 offenderunt,
1919 1037 1955 1066 ut

297 1083 459 1114 caderent.
499 1083 602 1114 Absit.
649 1083 706 1114 Set
728 1083 856 1114 illorum
880 1082 1030 1114 delicto'ss
1059 1083 1161 1114 honor
1184 1086 1292 1114 noster
1316 1086 1348 1114 et
1379 1082 1611 1115 diminutioneh
1628 1084 1771 1125 ipsorum
1787 1085 1953 1126 plenitudo

297 1138 405 1166 nostra
435 1135 551 1166 effecta
581 1138 638 1166 est.
685 1135 765 1166 Cum
796 1135 881 1166 enim
904 1134 996 1165 fracti
1020 1138 1093 1165 sunt
1116 1134 1206 1175 rami,
1230 1145 1288 1166 nos
1311 1135 1421 1166 inserti
1444 1145 1552 1166 sumus
1574 1136 1607 1167 in
1630 1136 1703 1176 illis,
1728 1147 1799 1168 eum
1824 1137 1955 1168 oleastri

299 1187 431 1228 quidem
460 1186 610 1217 ammodo
633 1186 814 1226 fuissemus,
841 1189 874 1217 et
909 1187 987 1217 socii
1016 1185 1211 1217 radicorumi
1235 1189 1268 1218 et
1298 1186 1530 1228 pinguedinum
1565 1187 1669 1219 olivae
1697 1199 1805 1219 sumus
1836 1188 1952 1223 effecti.

296 1239 440 1270 Dicimus
464 1249 554 1280 ergo:
580 1239 673 1270 fracti
695 1242 768 1270 sunt
790 1239 882 1278 rami,
905 1242 940 1269 ut
963 1249 1020 1270 nos
1043 1239 1299 1274 insereremurk3
1323 1239 1419 1275 bene;
1444 1249 1507 1270 non
1531 1239 1617 1270 enim
1646 1240 1706 1270 nisi
1729 1242 1861 1281 propter
1885 1250 1953 1272 cre-

298 1290 465 1322 dulitatem
494 1301 557 1321 non
587 1294 708 1322 rectam
739 1291 832 1321 fracti
857 1293 938 1330 sunt,
969 1301 1027 1321 nos
1057 1294 1166 1322 autem
1195 1291 1259 1322 fide
1283 1293 1413 1322 stamus.
1460 1290 1522 1327 Qui
1545 1290 1643 1323 habet
1666 1302 1760 1323 aures
1790 1291 1952 1333 audiendi,

296 1342 414 1373 audiat.
439 1342 504 1373 Sed
514 1342 603 1382 dicis,
614 1342 700 1384 quod
710 1345 795 1374 esset
805 1345 942 1383 tempus,
953 1342 1130 1374 secundum
1141 1342 1226 1384 quod
1236 1342 1430 1374 fraternitati
1440 1345 1569 1374 nostrae
1580 1343 1812 1384 repromiseris,
1825 1343 1953 1385 quando

298 1397 331 1425 et
357 1394 418 1425 hac
442 1395 618 1435 potiremur
647 1393 876 1435 appellatione,
900 1394 926 1424 si
948 1393 1037 1425 Deus
1066 1394 1098 1425 in
1128 1394 1225 1426 finem
1249 1404 1288 1426 ea
1311 1404 1394 1436 quae
1425 1394 1583 1425 consiliati
1616 1394 1746 1426 sumus2
1774 1395 1952 1436 perducere

296 1446 457 1477 voluisset.
492 1445 533 1476 Et
557 1445 688 1486 quidem
704 1445 744 1477 de
768 1445 899 1477 consilio
917 1445 1003 1486 quod
1027 1446 1151 1486 asseris,
1175 1456 1258 1487 quae
1278 1446 1426 1486 diximus,
1450 1446 1530 1477 haec
1553 1446 1623 1487 ipsa
1641 1449 1673 1477 et
1695 1457 1777 1478 nunc
1801 1446 1951 1484 dicimus;

298 1508 361 1528 non
386 1497 470 1528 enim
495 1499 543 1528 est
564 1497 597 1528 in
619 1497 710 1528 nobis
734 1496 803 1528 ‘est’
830 1499 862 1528 et
886 1497 971 1528 ‘non'
996 1500 1028 1528 et
1047 1508 1066 1528 a
1089 1497 1187 1528 verbo
1211 1500 1318 1529 nostro
1342 1508 1402 1529 nec
1425 1497 1467 1528 ad
1484 1497 1653 1529 dexteram
1669 1508 1774 1540 neque
1798 1498 1839 1529 ad
1859 1499 1951 1530 sinis-

296 1552 378 1580 tram
403 1548 599 1589 divertimus,
623 1552 672 1580 set
694 1550 726 1579 in
749 1549 817 1589 ipso
841 1549 966 1580 immoti
989 1549 1198 1590 persistimus.
1241 1549 1506 1590 Appellationem
1529 1552 1637 1580 autem
1660 1548 1749 1580 illam
1773 1549 1854 1581 sicut
1876 1550 1951 1581 hac-

296 1604 388 1632 tenus
417 1611 476 1632 nec
505 1610 562 1631 nos
591 1611 650 1631 nec
678 1603 788 1641 patres
818 1601 917 1631 nostri
941 1611 998 1641 per
1022 1610 1151 1632 carnem
1174 1603 1207 1631 et
1230 1600 1419 1641 sanguinem
1442 1599 1624 1641 possedisse
1656 1600 1881 1642 dignoscimur,
1906 1602 1951 1632 ita

296 1663 424 1694 quoque
456 1652 496 1682 de
527 1654 635 1683 cetero
665 1662 728 1683 non
757 1652 917 1683 immerito
947 1651 1112 1693 possidere
1137 1652 1377 1683 contemnimus
1424 1651 1489 1682 Per
1511 1655 1620 1693 patres
1648 1652 1767 1683 etenim
1795 1663 1864 1692 nos,
1888 1663 1951 1684 non

295 1714 353 1745 per
375 1704 466 1744 filios,
490 1705 712 1735 consuevimus
735 1703 885 1735 honorari
909 1706 941 1735 et
964 1703 1051 1745 apud
1074 1714 1131 1735 nos
1155 1704 1257 1734 omnis
1286 1703 1389 1744 gloria
1405 1714 1468 1735 non
1491 1713 1510 1734 a
1533 1703 1606 1734 filiis
1629 1703 1670 1734 ad
1699 1707 1833 1744 patrem,
1857 1707 1906 1735 set
1928 1714 1948 1735 a

296 1755 440 1797 patribus
461 1756 493 1786 in
516 1755 598 1786 filios
621 1755 791 1786 derivatur.
827 1755 921 1791 Quod
945 1756 1031 1787 enim
1054 1766 1111 1786 nos
1136 1765 1155 1786 a
1176 1758 1268 1796 patre
1292 1755 1457 1795 luminum,
1481 1765 1500 1786 a
1524 1765 1586 1796 quo
1611 1765 1705 1786 omne
1730 1754 1841 1786 datum
1865 1756 1947 1797 opti-

295 1817 382 1838 mum
413 1809 446 1838 et
475 1817 568 1838 omne
592 1806 712 1838 donum
734 1807 915 1848 perfectum
937 1807 1140 1848 sumpsimus,
1167 1816 1272 1848 neque
1297 1817 1316 1838 a
1338 1806 1403 1838 filio
1432 1817 1537 1848 neque
1561 1816 1619 1847 per
1642 1807 1806 1838 hominem
1830 1811 1885 1838 aut
1908 1807 1948 1839 ab

295 1857 490 1889 hominibus¹
513 1859 659 1900 accipere
683 1858 839 1889 volumus.

402 1910 572 1942 Postremo
597 1911 675 1942 scito
701 1911 775 1951 quia
799 1911 852 1952 qui
875 1909 989 1952 ‘riga‘3
1013 1920 1207 1951 quemquam
1233 1910 1387 1951 appellat,
1418 1910 1495 1952 quid
1519 1909 1641 1950 dicate,
1665 1920 1724 1942 nec
1754 1910 1823 1951 ipse
1851 1910 1948 1942 novit.

300 1961 467 2003 Siquidem
497 1963 595 1993 etiam
618 1963 645 1993 si
668 1962 783 2004 linguis
808 1962 954 1994 omnibus
977 1972 1066 1993 more
1087 1961 1316 2002 apostolorum,
1340 1962 1438 1993 immo
1462 1962 1661 2002 angelorum,
1685 1961 1836 2003 loquaris,
1860 1962 1949 1993 ouius

297 2014 426 2054 linguae
450 2013 490 2045 sit
512 2013 581 2044 ‘rix’
606 2014 658 2045 vel
682 2014 732 2045 cui
755 2013 903 2055 dignitati
919 2025 1014 2045 sonus
1037 2014 1092 2045 ille
1115 2013 1271 2045 barbarus
1295 2016 1480 2055 congruatn,
1498 2013 1585 2056 quod
1607 2014 1678 2045 ‘rix'
1703 2013 1826 2055 dicitur,
1850 2014 1948 2045 inter-

297 2066 417 2106 pretari
440 2076 502 2097 non
526 2066 655 2107 poteris.
689 2065 795 2098 Nichil
821 2066 905 2097 enim
929 2069 978 2097 est
1001 2066 1071 2104 hoc,
1087 2066 1146 2097 nisi
1169 2065 1252 2097 forte
1277 2065 1318 2097 ad
1341 2065 1462 2097 idioma
1485 2065 1635 2107 propriae
1659 2065 1787 2106 linguae
1811 2068 1948 2097 tractum

297 2117 388 2158 ‘riga'
412 2127 523 2158 regem
546 2117 725 2159 significare
748 2118 985 2149 monstraveris.
1032 2117 1126 2154 Quod
1149 2117 1175 2148 si
1198 2118 1243 2148 ita
1267 2120 1324 2157 est,
1343 2117 1417 2159 quia
1440 2127 1504 2148 non
1525 2117 1590 2149 iam
1613 2116 1796 2157 barbarum,
1813 2116 1871 2148 sed
1886 2117 1949 2148 La-

395 2281 418 2313 a)
438 2282 539 2315 pietatis
558 2282 640 2308 Pertz.
728 2282 751 2312 b)
770 2284 887 2308 aufertur
906 2283 987 2308 Pertz.
1067 2283 1089 2315 ⁰)
1109 2291 1155 2308 nos
1174 2291 1218 2316 per
1236 2282 1321 2308 Pertz.
1392 2280 1417 2313 d)
1436 2282 1614 2314 supscepimus
1632 2281 1662 2306 in
1680 2289 1733 2306 ras.
1747 2290 1779 2306 m.
1793 2283 1817 2312 2,
1834 2281 1948 2313 genuina

295 2325 399 2350 lectione
417 2330 444 2351 ut
461 2326 520 2355 vich,
539 2326 635 2355 delectu
652 2327 722 2358 greci
740 2334 761 2356 c,
779 2327 891 2358 sequitur
910 2327 995 2352 littera
1007 2335 1096 2356 erasa,-
1114 2334 1174 2351 vero
1194 2325 1255 2350 add.
1270 2325 1352 2350 Pertz.
1440 2325 1463 2356 θ)
1483 2325 1568 2349 sedem
1581 2324 1665 2349 Perta.
1752 2322 1771 2354 f)
1789 2325 1857 2356 forte
1870 2324 1948 2356 quia?

295 2371 320 2400 8)
339 2368 374 2392 sic
392 2376 418 2399 c;
436 2368 529 2393 delicta
549 2369 606 2400 leyit
625 2368 708 2394 Pertz.
778 2367 804 2400 11)
823 2369 952 2394 diminuco
970 2378 991 2394 c.
1060 2367 1078 2401 i)
1098 2369 1133 2394 sic
1151 2377 1175 2398 c,-
1193 2369 1260 2400 forte
1278 2368 1403 2393 radicum.
1473 2366 1499 2399 ¹1)
1518 2368 1660 2393 inseremur
1679 2376 1699 2393 c.
1782 2365 1801 2398 l)
1822 2367 1904 2399 offiib3
1925 2375 1946 2392 c.

296 2410 328 2444 ¹¹²)
348 2412 430 2436 dicam
449 2420 469 2436 c.
558 2411 583 2443 ¹²)
602 2412 721 2444 congruit
739 2412 822 2437 Perta.

400 2513 425 2547 1)
446 2512 487 2545 Os.
502 2512 612 2539 Nicolai
630 2513 653 2540 I.
684 2514 760 2547 epist.
783 2513 849 2547 Req.
868 2513 941 2545 Jaffe:
959 2517 1032 2546 2796,
1061 2513 1100 2540 ed.
1123 2513 1192 2540 ΜΘ.
1206 2512 1293 2546 Epist.
1310 2512 1356 2545 VI,
1370 2515 1421 2539 459
1443 2519 1503 2538 cum
1524 2520 1590 2538 ann.
1603 2516 1625 2538 2.
1749 2513 1775 2544 2)
1798 2512 1947 2538 Consilium

295 2559 361 2590 erat,
380 2559 412 2583 ut
427 2556 557 2583 Ludovici
573 2556 633 2588 filia
649 2556 749 2583 Basilii
764 2556 821 2588 fiilio
839 2557 963 2587 nuberet,·
985 2557 1020 2589 cf.
1031 2556 1129 2583 ‘Neues
1142 2556 1248 2583 Archiv’
1265 2555 1396 2588 XXXV,
1410 2557 1459 2582 673
1466 2563 1502 2588 sq.
1521 2557 1546 2581 et
1559 2555 1648 2581 Perels
1660 2555 1760 2588 ‘Papst
1772 2554 1910 2581 Nikolaus
1922 2554 1946 2581 I.

293 2600 353 2626 wnd
370 2599 534 2626 Anastasius
552 2599 776 2626 bailiotheoarius‘
794 2607 820 2632 p.
834 2603 890 2626 235.
1008 2600 1035 2632 3)
1055 2600 1144 2626 Antea
1161 2600 1330 2633 imperatores
1350 2598 1647 2631 Constantinopolitani
1664 2597 1813 2625 scribebant
1831 2601 1868 2631 τῷ
1886 2601 1946 2631 ρῒγι,

294 2645 329 2677 cf.
347 2642 380 2668 K.
395 2642 506 2668 Brandi
523 2642 590 2668 ‘Der
607 2642 806 2677 byzantinische
822 2642 993 2677 Kaiserbrief
1008 2650 1059 2668 aas
1077 2642 1115 2669 St.
1129 2642 1224 2668 Denis'
1246 2642 1276 2668 in
1294 2641 1401 2669 ‘Archiv
1418 2640 1468 2673 far
1485 2640 1787 2675 Urkumienforschuny’
1804 2641 1826 2674 I,
1840 2644 1870 2667 13
1888 2640 1904 2667 l.
1919 2644 1950 2667 17

293 2694 353 2712 cum
371 2694 437 2713 ann.
472 2685 566 2712 Etiam
584 2686 689 2712 saeculo
706 2688 765 2719 post
787 2685 818 2712 de
841 2686 890 2712 hoc
912 2685 991 2712 titulo
1011 2686 1145 2720 litigatum
1167 2687 1213 2719 est,
1237 2687 1272 2715 cf.
1286 2684 1464 2719 Liudprandi
1485 2684 1573 2711 Relat.
1591 2684 1622 2711 de
1649 2684 1724 2718 ἱεραί.
1740 2683 1947 2717 ConstantinOP.

294 2737 352 2762 cap.
367 2732 389 2761 2,
408 2729 445 2756 ed.
461 2729 562 2755 Becker
580 2730 669 2762 (1915)
684 2737 714 2762 p.
729 2733 779 2756 176.

1983 679 2008 698 10

1982 937 2006 956 15

1981 1200 2007 1220 20

1980 1458 2004 1478 2⁵

1977 1715 2002 1735 ³0

1977 1972 2001 1991 ³5

1974 2333 2001 2351 40

1974 2607 1997 2626 4⁵
