2189 3042
106 731 131 751 10

107 990 130 1008 15

108 1248 134 1267 20

107 1506 130 1525 25

107 1764 131 1783 30

106 2022 130 2041 35

106 2357 133 2376 40

108 2571 132 2590 45

633 167 807 196 LUDOVICI
826 168 860 195 II.
880 167 1129 195 IMPERATORIS
1148 167 1333 195 EPISTOLA.
1746 169 1804 199 391

156 258 258 289 tinum
282 261 339 296 est,
367 260 503 298 oportet,
526 260 562 287 ut
578 266 649 288 cum
662 255 704 287 ad
727 266 840 287 manus
856 258 978 286 vestras
1001 255 1193 297 pervenerit,
1209 255 1241 285 in
1257 254 1399 295 linguam
1414 257 1555 286 vestram
1572 253 1659 285 fideli
1677 254 1808 285 transla-

156 310 243 342 tione
267 312 416 341 vertatur.
465 308 557 345 Quod
587 309 613 339 si
636 308 755 339 factum
779 307 885 345 fuerit,
910 307 986 349 quid
1011 307 1097 338 aliud
1121 307 1181 337 nisi
1203 306 1264 337 hoc
1287 305 1415 337 nomine
1439 306 1594 346 βασυλευς
1616 306 1807 347 interpreta-

156 361 261 392 bitur?
307 361 401 397 Quod
429 371 493 392 non
517 360 619 391 solum
643 359 782 397 Veteris,
804 362 854 390 set
877 362 910 390 et
932 358 1016 390 Novi
1040 358 1239 389 Testamenti
1264 368 1374 389 omnes
1397 358 1589 398 interpretes
1607 361 1807 389 attestantur.

156 411 250 444 Unde
281 413 306 443 si
334 413 366 443 in
397 412 509 443 alienis
537 412 682 453 personis
712 411 774 441 hoc
804 410 974 441 detestaris
1004 410 1206 449 vocabulum,
1231 409 1323 441 stude
1350 419 1390 440 ex
1420 409 1566 440 omnibus
1596 412 1662 441 tam
1685 410 1809 440 Latinis

156 464 246 495 libris
270 474 367 505 quam
384 463 517 495 Graecis
533 464 600 495 sive
616 463 702 504 regis
720 463 787 493 sive
803 462 978 502 βοισυλευςὲι
998 472 1117 493 nomen
1141 461 1284 493 eradere.
1329 460 1413 492 Nam
1430 461 1546 492 nichilb
1569 461 1678 503 lingua
1692 462 1809 493 Latina

157 518 296 556 resonat,
321 525 417 557 quam
441 515 527 557 quod
551 514 677 546 Graeca
701 514 816 545 dicitur
837 513 1002 554 βασυλευς.

265 566 338 598 Hiis
361 567 458 608 igitur
481 577 577 607 super
599 566 660 597 hoc
683 566 727 596 ita
749 565 937 606 praelibatis
959 564 1212 605 obstupescimus
1234 565 1264 595 in
1281 565 1340 604 his,
1358 575 1440 606 quae
1457 566 1612 597 serenitas
1628 568 1683 597 tua
1699 576 1809 607 prose-

159 618 275 659 quitur,
301 618 410 649 dicens
433 618 508 658 suis,
530 617 563 648 id
587 620 636 648 est
658 616 800 655 Graecis,
823 616 952 647 Barim¹
977 626 1018 647 ex
1041 618 1132 657 parte
1155 626 1212 647 sua
1236 615 1472 647 debellantibus
1496 620 1528 648 et
1556 617 1676 649 elidere
1701 617 1810 649 decer-

157 669 299 701 tantibus
321 673 448 701 nostros
471 669 522 701 vel
551 669 653 700 solum
683 668 813 699 intuitos
836 668 888 698 vel
911 668 1054 709 prandiis
1083 667 1253 698 dissolutos
1276 666 1397 698 nullum
1419 669 1574 700 auxilium
1595 671 1811 711 praestitisse0

158 721 218 752 hac
242 721 315 753 ideo
340 722 501 753 civitatem
524 721 627 762 ipsam
652 719 742 761 capid
766 719 897 750 minime
921 719 1079 760 potuisse;
1109 729 1180 750 cum
1203 719 1303 750 nostri
1327 720 1395 750 sive
1418 720 1571 751 intuendo
1596 724 1719 753 tantum
1743 724 1809 755 sive

157 772 346 814 prandendo
358 774 425 804 sive
442 772 530 804 aliud
546 772 623 814 quid
646 771 783 813 agendo,
806 771 916 802 Barim
941 773 1050 802 tamen
1072 770 1149 801 licet
1172 771 1345 812 perpaucie
1362 773 1394 803 et
1415 771 1810 815 finetenusfimpugnasse

158 827 191 855 et
215 835 277 866 ope
301 825 408 856 divina
431 824 554 865 cepisse
577 826 758 856 noscantur.
794 823 902 854 Vestri
926 825 1034 853 autem
1059 822 1140 853 sicut
1156 822 1267 853 bruchi
1291 833 1369 863 prae
1387 823 1591 855 multitudine
1616 829 1809 866 apparentes

160 879 192 907 et
221 876 302 906 sicut
332 877 477 907 locustae
506 875 643 917 primum
666 875 821 916 impetum
846 873 969 914 dantes,
994 884 1033 905 eo
1056 874 1126 915 ipso
1151 884 1213 914 quo
1239 877 1388 905 conatum
1412 885 1503 906 suum
1527 876 1558 906 in
1582 877 1685 917 prima
1708 877 1812 909 fronte

158 930 426 968 monstraverunt,
463 927 727 969 pusillanimitate
767 926 909 967 superati
946 926 1090 967 protinus
1122 925 1273 957 infirmati
1310 929 1382 957 sunt
1411 929 1444 957 et
1474 932 1583 958 moreg
1618 928 1812 960 locustarum

158 982 292 1020 repente
317 979 447 1020 quidem
472 979 634 1018 salierunt,
659 981 708 1009 set
735 977 903 1009 confestim
926 977 1053 1019 fatigati
1077 978 1167 1018 quasi
1195 988 1214 1008 a
1240 977 1361 1008 nisibus
1384 978 1513 1009 volandi
1537 979 1745 1011 deciderunth
1774 991 1812 1012 ac

158 1040 217 1072 per
239 1030 300 1062 hoc
324 1041 428 1072 neque
452 1031 605 1062 intuendo
629 1040 734 1071 neque
757 1029 944 1070 prandendo
960 1039 1065 1070 neque
1081 1028 1232 1060 bellando
1249 1029 1445 1070 quibuslibet
1464 1030 1640 1071 insignibus
1660 1032 1814 1074 triumphi

157 1083 343 1113 monstratis
366 1084 455 1112 motu
472 1082 640 1113 subitaneo
667 1085 699 1113 et
721 1081 918 1113 clandestino
943 1080 1158 1112 recesserunti
1177 1083 1209 1112 et
1231 1081 1423 1121 inefficaces,
1442 1082 1630 1123 nonnullisk,
1654 1086 1686 1114 et
1702 1088 1813 1116 contra

161 1133 359 1174 christianos,
377 1133 578 1165 solummodo
596 1134 764 1175 captivatis
788 1133 828 1165 ad
852 1133 983 1175 propria
1005 1132 1265 1174 repedaveruntl.
1305 1132 1402 1174 Ergo,
1426 1133 1534 1175 frater,
1558 1135 1624 1166 noli
1648 1135 1688 1167 de
1706 1139 1814 1168 cetero

159 1184 302 1216 Francos
325 1185 442 1225 ridere,
459 1186 532 1227 quia
556 1186 654 1217 etiam
676 1186 758 1217 inter
779 1186 891 1217 mortis
907 1186 1011 1216 vicina
1033 1184 1163 1216 student
1186 1184 1349 1226 prandiam
1366 1188 1399 1216 et
1415 1186 1522 1217 omnia
1538 1188 1679 1218 caritatis
1698 1188 1816 1220 indicia

161 1237 337 1278 proximisn
369 1237 490 1268 habere
523 1240 554 1268 et
584 1241 692 1269 tamen
722 1248 740 1268 a
763 1237 928 1279 proposito
959 1247 1022 1268 non
1052 1237 1221 1277 lacessere,
1246 1236 1396 1278 quoniam
1426 1238 1600 1269 secundum
1629 1240 1812 1279 apostolum

161 1289 264 1320 sciunt
288 1292 320 1320 et
342 1288 530 1320 habundare
562 1292 595 1320 et
626 1289 792 1330 penuriam
816 1289 884 1330 pati
907 1291 939 1320 et
962 1289 1098 1320 saturari
1122 1291 1154 1319 et
1177 1290 1297 1320 esurire
1322 1292 1363 1329 et,
1387 1292 1423 1320 ut
1446 1289 1636 1331 compendio
1662 1290 1814 1333 dicamus,

161 1341 268 1372 omnia
289 1343 423 1381 possunt
445 1341 477 1371 in
501 1345 568 1380 eo0,
594 1341 647 1382 qui
670 1340 742 1372 illos
765 1340 934 1373 confortat.

267 1392 318 1423 De
341 1392 504 1433 paucitate
520 1401 596 1422 vero
622 1391 718 1433 quidp
741 1391 876 1431 miraris,
900 1392 926 1421 si
941 1391 1036 1432 pauci
1056 1391 1193 1422 fuerintq
1219 1394 1252 1422 et
1266 1394 1376 1423 tamen
1399 1392 1498 1423 multa
1515 1392 1603 1424 lucra
1620 1393 1812 1427 detulerint?

159 1444 337 1475 Praeterea
361 1454 424 1485 qua
443 1443 482 1474 de
500 1453 535 1474 re
553 1443 647 1484 pauci
670 1442 788 1474 fuerint
806 1443 915 1483 nostri,
939 1443 1064 1483 pridem
1084 1443 1247 1474 dilectioni
1264 1445 1338 1474 tuae
1354 1443 1580 1484 patefecimus;
1597 1448 1646 1476 set
1662 1447 1812 1486 quoniam

158 1506 216 1526 nos
240 1505 337 1537 super
348 1495 410 1526 hoc
431 1495 564 1536 pulsasti
588 1494 704 1534 denuo,
720 1496 864 1524 nostrum
881 1493 986 1524 denuo
1003 1504 1092 1524 sume
1109 1504 1307 1535 responsum.
1349 1494 1429 1526 Oum
1453 1496 1537 1526 enim
1554 1496 1609 1527 diu
1626 1496 1813 1530 demorante

158 1548 241 1578 stolo
272 1546 480 1578 fraternitatis
509 1548 584 1577 tuae
614 1545 698 1576 illius
729 1545 791 1576 iam
816 1545 946 1576 minime
969 1545 1241 1586 praestolaremur
1264 1545 1438 1577 adventum
1463 1549 1495 1578 et
1517 1548 1549 1578 in
1572 1558 1655 1579 anno
1678 1549 1747 1590 ipso
1772 1549 1812 1581 de

160 1599 325 1630 obsidione
348 1598 441 1628 Baris
463 1596 561 1628 nichil
585 1597 713 1628 omnino
736 1596 806 1628 fieri
829 1599 1026 1638 putaremus,
1049 1607 1160 1628 omnes
1184 1597 1226 1628 ad
1249 1602 1324 1628 suar
1346 1597 1453 1629 redire
1477 1600 1736 1640 permiseramus,
1763 1601 1813 1632 his

159 1649 359 1682 solummodo
388 1649 520 1680 retentis
551 1659 630 1690 quos
659 1648 701 1679 ad
725 1648 975 1690 prohibitionem
998 1648 1255 1690 recipiendorum
1279 1649 1505 1681 alimentorum
1529 1650 1676 1682 sufficere
1700 1652 1812 1684 crede-

158 1702 280 1742 bamus,
312 1705 345 1733 et
372 1701 433 1733 hoc
465 1705 523 1742 est,
554 1701 639 1743 quod
663 1701 763 1732 stolus
791 1701 972 1742 insperatus
995 1711 1155 1742 apparens
1178 1712 1240 1732 non
1267 1702 1327 1732 nisi
1357 1712 1476 1743 paucos
1498 1706 1625 1734 nostros
1647 1704 1813 1735 invenerit.

158 1754 281 1785 Verum
312 1756 421 1785 tamen
450 1753 503 1784 isti
532 1752 594 1794 ipsi
625 1752 719 1794 pauci
750 1754 783 1783 et
812 1752 917 1783 adhuc
946 1752 1114 1793 pauciores
1150 1752 1342 1794 quibusdam
1371 1753 1485 1785 horum
1516 1754 1642 1786 diverso
1675 1756 1813 1797 langore

158 1805 298 1848 gravatis
322 1804 429 1836 effecti
438 1810 458 1845 ⁸,
482 1807 654 1846 antequam
678 1804 784 1835 Barist
806 1807 986 1845 caperetur,
1011 1807 1076 1835 tres
1092 1804 1296 1846 ammiradas,
1321 1806 1374 1846 qui
1390 1809 1491 1836 totam
1509 1805 1692 1839 Calabriam
1717 1808 1814 1849 depo-

157 1857 360 1899 pulabantur,
368 1858 622 1888 innumeratamu
632 1855 868 1887 multitudinem
877 1855 1136 1897 Sarracenorum,
1144 1858 1385 1897 prostraverunt
1394 1856 1406 1876 2
1417 1860 1450 1888 et
1461 1868 1612 1898 magnam
1623 1859 1814 1890 vestratibus

158 1910 294 1940 salutern
319 1909 425 1939 divino
448 1908 579 1939 brachio
604 1908 838 1944 contulerunt”;
870 1917 933 1948 qua
963 1912 1027 1938 reW
1049 1917 1114 1938 non
1136 1907 1238 1938 solum
1263 1907 1540 1939 Oalabritanorum
1561 1909 1813 1942 Hismahelitum

157 1961 270 2001 ingens
305 1963 422 1991 extunc
452 1960 537 1990 facta
570 1962 619 1990 est
650 1959 828 1998 diminutio,
858 1961 908 1989 set
937 1961 970 1989 et
998 1959 1188 1990 Barensium
1218 1961 1405 2000 potentatus
1435 1961 1618 1992 omnimodo
1647 1961 1813 1994 dissolutio

158 2012 219 2043 hac
241 2022 300 2052 per
321 2011 355 2042 id
377 2011 419 2042 ad
437 2010 629 2052 capiendum
642 2010 745 2041 facilis
761 2010 1030 2041 adinventionem.
1078 2009 1176 2041 Cuius
1199 2010 1276 2042 facti
1300 2010 1424 2043 trofaea
1439 2015 1560 2043 vestros
1583 2012 1742 2044 credimus
1758 2017 1813 2045 tuo

158 2064 294 2104 imperio
318 2063 464 2094 retulisse
489 2065 521 2093 et
545 2072 644 2103 opera
665 2061 738 2100 Dei,
761 2071 843 2103 quae
868 2062 967 2093 taceri
989 2071 1053 2092 non
1077 2061 1204 2100 debent,
1227 2063 1415 2094 mirabiliter
1438 2073 1604 2095 enarrasse
1613 2064 1635 2096 ³.

268 2114 420 2146 Ceterum
444 2114 651 2145 fraternitatis
673 2116 748 2144 tuae
773 2113 978 2145 dilectionem
1002 2123 1153 2155 rogamus
1176 2114 1296 2145 nullam
1320 2114 1457 2146 Nicetae
1474 2116 1608 2156 patricio
1632 2116 1813 2148 molestiam

159 2168 303 2207 irrogare
315 2176 373 2207 pro
387 2176 435 2206 eo,
449 2165 535 2207 quod
548 2168 690 2196 nostrum
702 2168 768 2196 tam
780 2165 984 2196 insollerter¹
997 2164 1169 2196 offenderit
1181 2166 1332 2197 animum.
1367 2166 1450 2198 Nam
1463 2167 1539 2199 licet
1551 2167 1634 2199 adeo
1647 2171 1815 2209 protervus

265 2304 289 2336 ⁸)
307 2305 342 2330 sic
361 2314 386 2334 c,·
403 2306 470 2338 forle
488 2303 633 2336 βασυλεως.
704 2303 729 2337 b)
748 2313 793 2330 rex
812 2305 874 2330 add.
888 2305 972 2330 Pertz.
1044 2304 1067 2334 0)
1086 2303 1208 2338 null[um]
1227 2304 1375 2338 auxili[um]
1394 2305 1573 2339 praes[titi]sse
1586 2316 1605 2337 e,
1624 2309 1697 2333 uncis
1714 2308 1815 2333 inclusa

160 2349 221 2373 add.
236 2349 263 2373 in
282 2357 335 2373 ras.
348 2356 381 2373 m.
392 2350 415 2373 2.
504 2346 528 2379 d)
547 2348 660 2379 sequitur
678 2348 716 2372 ici
735 2356 754 2372 c.
827 2347 849 2378 Β)
867 2356 921 2373 ras.
938 2356 1006 2374 corr.
1018 2357 1049 2373 επ
1067 2349 1202 2381 perpaucis
1224 2357 1244 2374 c.
1315 2348 1334 2381 f)
1353 2350 1430 2375 finem
1449 2353 1524 2375 tenus
1542 2349 1627 2375 Pertz.
1704 2350 1728 2382 8)
1748 2359 1815 2376 corr.

160 2400 213 2417 ras.
235 2399 266 2416 επ
293 2399 376 2415 mores
395 2399 415 2415 c.
519 2389 545 2422 h)
564 2391 703 2416 deciderint
730 2391 812 2415 Per-iz.
919 2389 938 2423 i)
966 2395 1126 2416 recesserunt
1144 2399 1169 2421 c;
1199 2395 1210 2416 t
1227 2392 1255 2417 in
1273 2401 1370 2417 rasura
1388 2393 1450 2417 add.
1468 2402 1502 2418 m.
1515 2396 1544 2425 2,·
1568 2395 1719 2419 recesserint
1731 2394 1814 2419 Pertz.

159 2433 186 2465 k)
205 2435 327 2459 inficaces
340 2434 459 2459 nonnulli
477 2442 497 2458 c.
579 2431 598 2466 1)
617 2434 794 2466 repedaverint
807 2433 890 2459 Pertz.
971 2434 1003 2465 m)
1022 2435 1054 2459 ad
1073 2435 1134 2460 add.
1149 2443 1161 2460 c
1178 2435 1218 2460 vel
1236 2438 1306 2465 m.2;
1324 2437 1459 2468 prandiam
1478 2445 1498 2466 c,
1518 2445 1542 2461 m
1556 2445 1622 2461 eras.
1704 2437 1729 2469 n)
1748 2437 1816 2470 forte

160 2478 278 2510 proxima
291 2475 303 2500 ’.ἶ
373 2476 398 2509 ⁰)
415 2477 459 2502 illo
473 2477 556 2501 Pertz.
627 2476 652 2508 P)
671 2477 737 2509 quod
751 2485 771 2508 c,
792 2485 858 2502 corr.
872 2477 956 2502 Pertz.
1027 2476 1052 2510 q)
1065 2478 1169 2503 fuerunt
1184 2478 1263 2504 Pertz.
1333 2479 1354 2510 ¹')
1374 2488 1433 2504 suas
1446 2488 1467 2511 c,
1485 2488 1551 2505 corr.
1563 2479 1645 2505 Pertz.
1716 2479 1737 2511 ⁸)
1756 2489 1815 2513 gra-

160 2522 227 2546 vatis
240 2529 266 2551 05
285 2521 388 2554 gravati
401 2521 460 2553 leqit
471 2520 562 2551 Per-tm
580 2520 677 2545 affectis
696 2528 721 2551 c,·
739 2528 756 2545 a
771 2521 798 2545 in
811 2529 864 2546 ras.
878 2521 940 2546 add.
953 2530 986 2547 m.
997 2523 1020 2546 2.
1091 2520 1111 2553 t)
1130 2521 1207 2553 baris,
1227 2522 1243 2546 b
1256 2522 1283 2546 in
1297 2531 1349 2547 ras.
1364 2531 1383 2547 c.
1455 2522 1480 2553 ι1)
1498 2523 1686 2548 innumeratam
1704 2532 1725 2554 c,
1743 2524 1770 2548 in
1789 2524 1815 2548 in

161 2573 214 2590 ras.
228 2565 289 2589 add.
309 2573 321 2589 c
338 2565 378 2589 vel
396 2572 428 2588 m.
449 2566 480 2595 2,·
497 2567 550 2588 tam
569 2563 669 2588 evanuit
687 2563 757 2596 ferm
775 2572 936 2589 numerosam
963 2564 1052 2596 Pertz,
1070 2569 1180 2596 respecto
1205 2565 1315 2597 fortasse
1340 2566 1422 2598 capite
1440 2568 1488 2591 108
1515 2565 1578 2598 (SS.
1595 2566 1654 2597 III,
1667 2569 1715 2591 527
1732 2566 1748 2590 l.
1762 2565 1815 2601 28),

159 2608 202 2632 ubi
220 2608 309 2633 eadem
328 2607 382 2639 fere
394 2607 472 2632 verba
491 2607 616 2639 lequntur.
704 2607 729 2639 v)
749 2607 869 2639 Sequitur
887 2608 972 2633 littera
985 2608 1035 2633 del.
1055 2616 1074 2633 c.
1163 2607 1194 2639 W)
1213 2608 1335 2640 Sequitur
1354 2610 1439 2634 littera
1458 2618 1535 2634 erasa
1553 2613 1581 2634 ut
1590 2609 1641 2634 vid.
1734 2608 1759 2641 ¹)
1778 2610 1815 2633 in·

160 2651 271 2676 solenter
289 2651 371 2675 Pertz.

263 2744 289 2775 1)
310 2742 352 2776 Cf.
366 2742 400 2769 L.
414 2743 455 2769 M.
468 2742 628 2769 Hanmann
640 2743 805 2770 ‘Geschichte
818 2744 930 2770 Italicus
941 2744 976 2770 im
989 2744 1155 2771 Mittelalicr’
1169 2745 1227 2778 111,
1242 2751 1292 2779 117.
1306 2750 1354 2772 967
1365 2754 1429 2779 sqq„
1442 2749 1494 2773 307
1505 2753 1540 2778 sq.
1628 2745 1655 2778 2)
1670 2744 1711 2777 C'f.
1724 2744 1811 2770 Andfr.

159 2787 280 2820 Beryom.
293 2786 366 2812 Hist.
380 2794 438 2820 cap.
452 2790 491 2818 14,
516 2785 555 2812 ed.
574 2786 645 2813 Ma.
660 2786 707 2813 SS.
726 2795 775 2813 rer.
790 2786 910 2821 Langob.
924 2795 953 2821 p.
968 2790 1021 2814 227.
1115 2788 1141 2820 3)
1162 2788 1203 2821 Cf.
1222 2789 1376 2822 Theophan.
1391 2790 1499 2821 contin„
1518 2789 1557 2816 ed.
1571 2788 1662 2815 Bonn.
1676 2787 1699 2821 Ι,
1717 2790 1812 2821 29384.

1830 1302 1917 1323 (ΛΖΡΜΙ.
1925 1305 1945 1328 4,
1952 1305 1976 1324 12
1983 1309 2018 1330 sq.

1827 2071 1857 2092 cf.
1866 2070 1918 2091 Tob.
1930 2071 1988 2095 127.
