2189 3042
735 183 913 209 IOHANNIS
934 182 1006 210 VIII.
1026 183 1144 209 PAPAE
1167 183 1343 210 EPISTOLA
1367 184 1426 210 208.

210 745 234 763 10

210 1003 234 1022 15

318 1091 419 1122 Porro
446 1093 478 1122 et
501 1101 557 1121 uos
581 1091 640 1122 hac
656 1101 722 1131 VOS,
747 1091 861 1122 fratres
881 1091 1051 1130 karissimi,

253 1142 327 1183 lege
363 1143 620 1184 const1·i11gimuS‚
655 1146 690 1173 ut
723 1143 750 1173 si
783 1142 934 1184 deinceps
966 1142 1052 1184 apud

255 1196 402 1224 cunctam
433 1194 617 1234 ecclesiam,
649 1205 710 1236 que
740 1195 772 1225 in
799 1194 910 1226 vobis'2
938 1197 1000 1234 est,
1032 1204 1051 1225 a

211 1259 236 1278 20
255 1245 396 1286 paternis
423 1245 541 1287 regulis
572 1256 630 1286 per
656 1246 793 1277 similem
824 1246 1052 1287 prevaricatio-

253 1306 328 1327 nem
361 1307 535 1338 numquam
568 1297 754 1338 spondeatis
788 1297 988 1338 delinquere,
1020 1297 1053 1328 id

255 1350 317 1387 est,
360 1358 399 1379 ne
437 1348 608 1389 neophitus
646 1352 779 1390 repente
817 1348 859 1379 ad
896 1348 1052 1380 honorem

254 1399 449 1430 ascendereb

210 1514 234 1533 25

254 1710 287 1739 et
319 1708 344 1738 si
379 1708 603 1749 parroechiam
627 1707 819 1749 Uulgarice⁰
842 1709 959 1750 gentis,
989 1719 1051 1750 que

208 1772 233 1791 30
252 1759 324 1791 Deo
363 1762 494 1791 auctore
533 1760 620 1791 beati
650 1760 739 1791 Petri
777 1760 915 1801 apostoli
953 1761 1051 1792 inter-

252 1811 396 1842 cessione
413 1814 511 1852 atque
525 1811 730 1843 decessorum
746 1815 927 1843 nostrorum
940 1812 1051 1844 labore

252 1862 293 1893 ad
310 1862 471 1894 Christum
492 1873 645 1894 conversa
667 1866 724 1904 est,
749 1863 936 1905 subducta&
955 1874 1052 1905 quam

251 1913 295 1944 ibi
326 1913 459 1954 fecistis,
489 1914 618 1946 illicita‘³
643 1914 869 1956 ordinationef,
900 1915 1051 1947 reddide-

252 1966 320 1996 ritis
344 1968 377 1997 et
400 1965 543 1997 abiectos
567 1977 711 2008 quosque
735 1967 851 1998 fratres
874 1977 912 1998 ac
931 1966 1050 1998 discor-

208 2029 232 2049 35
253 2017 367 2048 dantes
383 2020 489 2048 vestro
513 2018 652 2049 laboris&
668 2018 794 2050 studioh
810 2029 882 2049 cum
905 2018 1050 2059 predicto

251 2068 385 2110 Photio,
414 2079 510 2110 quem
537 2070 752 2110 patriarcham
786 2071 819 2101 in
846 2070 937 2111 regia
972 2069 1050 2101 urbe

253 2120 444 2152 desideratis
471 2120 605 2162 habere,
641 2122 777 2163 aliisque
805 2122 866 2162 piis
900 2121 1051 2163 operibus

253 2171 477 2212 offensionem,
506 2182 602 2213 quam
631 2183 739 2204 coram
767 2172 840 2204 Deo
872 2175 904 2204 et
932 2174 1050 2204 sanctis

254 2223 427 2254 canonibus
451 2224 676 2264 contraxistisi,
700 2225 732 2255 in
748 2225 808 2256 hac
824 2228 916 2266 parte
937 2235 1048 2256 recon-

208 2288 234 2307 40
252 2275 476 2315 pensaveritis‚
501 2275 718 2308 venerabilem
742 2275 874 2307 fratrem
897 2276 1049 2307 Photium

252 2336 360 2357 coram
388 2326 509 2368 synodo
537 2327 789 2359 misericordiam
818 2327 982 2369 querendo
1018 2330 1050 2358 et

252 2377 487 2418 patriarchatus
500 2378 621 2410 honore
635 2379 724 2421 fungi
734 2379 880 2410 volumus
895 2382 927 2410 et
942 2381 1049 2420 nostre

253 2430 482 2461 communionis
505 2431 602 2462 immo
631 2434 664 2462 et
690 2430 859 2462 beatorum
887 2431 1049 2472 apostolo-

252 2490 322 2511 rum
345 2491 402 2512 seu
426 2481 547 2512 omnisk
564 2482 699 2524 ecclesie
716 2482 785 2514 fore
801 2481 932 2513 Domini
954 2482 1050 2514 mise-

209 2543 233 2562 45
252 2532 376 2563 ratione
399 2533 600 2574 participem,

1844 187 1902 217 179

1107 269 1275 304 πολιτικοῖς
1298 270 1548 311 συμφυρόμενος
1574 271 1756 311 πράγμασιν
1779 272 1903 307 εὐθέως

1107 321 1149 355 εἷς
1176 320 1210 351 τὸ
1241 321 1326 361 ’ὕψος
1353 325 1406 362 τῆς
1429 322 1686 363 ἒκκλησιαστικῆς
1708 324 1827 359 τάξεως
1850 327 1904 364 τῆς

1106 373 1286 412 κορυφαίας
1313 373 1553 413 ἀναδραμεΐταις
1584 373 1664 404 Εἶτα
1692 374 1759 405 ἐκεῖ
1782 375 1904 415 ἀναβὰς

1106 423 1159 453 καὶ
1187 423 1290 463 μηδὲν
1313 424 1518 464 ἐπιστάμενος
1545 427 1610 455 τῶν
1637 425 1904 466 ἓκκλησιαστικῶν

1106 476 1248 514 θεσμῶν,
1278 478 1349 509 πῶς
1376 476 1490 510 ἄλλους
1518 476 1646 507 δύναται
1674 477 1814 514 διδάξαι;
1845 477 1903 508 Διὰ

1106 529 1197 557 τοῦτο
1225 527 1243 566 ἡ
1274 527 1425 567 κανονικὴ
1460 528 1574 567 πρᾶξις
1607 529 1816 569 συνεστήσατο
1850 529 1904 560 καὶ

1106 578 1291 617 παρήνεσεν,
1319 579 1367 608 ἵνα
1390 578 1435 618 μὴ
1461 579 1563 612 οὕτως
1586 579 1604 609 ὁ
1627 579 1758 619 ἀμαθὴς
1781 580 1834 611 καὶ
1856 581 1901 621 μὴ

1106 628 1200 662 εἰδὼς
1223 630 1447 669 ποιμαίνεσθαι
1475 630 1517 663 εἷς
1543 631 1697 670 ποιμένας
1725 630 1822 665 εὐθὺς
1849 632 1903 662 καὶ

1107 680 1319 714 διδασκάλους
1348 681 1511 721 ἀναβαίνῃ.

1106 731 1124 761 ὁ
1140 731 1337 771 προῤῥηθεὶς
1353 732 1525 771 ἆγιώτατος
1540 732 1695 772 Ταράσιος
1711 732 1775 764 ἀπὸ
1791 733 1903 764 λαικοῦ

1106 783 1148 816 εἷς
1183 783 1422 823 ἀρχιερωσύνην
1457 783 1562 813 ἐλθὼν
1597 784 1777 824 ἒθορύβησέ
1810 796 1903 820 τινας,

1107 832 1183 863 ἀλλὰ
1201 833 1251 864 διὰ
1268 837 1322 864 τοῦ
1342 835 1524 865 πιστοτάτου
1542 835 1638 865 αὖτοῦ
1656 835 1791 875 δρόμου,
1815 848 1902 867 τουτ-

1564 681 1621 711 Acci
1656 684 1746 712 τοῦτο
1782 682 1816 713 δὲ
1850 682 1903 713 καὶ

1106 885 1166 915 ε’στι
1183 885 1233 915 διὰ
1252 885 1307 925 τὴν
1323 885 1548 925 ἐπανόρθωσιν
1564 889 1627 916 τῶν
1644 887 1743 926 ἁγίων
1759 887 1902 923 εἰκόνων,

1106 936 1216 966 τούτου
1245 937 1336 976 χάριν
1368 937 1502 971 ἅπαντες
1532 938 1562 967 οἷ
1593 938 1738 978 τηνικάδε
1773 939 1815 972 εἷς
1848 939 1903 979 τὴν

1106 988 1202 1018 αὐτοῦ
1231 988 1471 1028 ἀρχιερωσύνην
1494 988 1727 1028 ὁμονοήσαντες
1750 990 1901 1021 συνευδο-

1105 1039 1249 1079 κήσαμεν
1273 1039 1326 1069 καὶ
1349 1040 1438 1079 ἡμεῖς
1460 1039 1526 1079 μετ’
1544 1040 1657 1070 αὐτῶν.

1163 1089 1282 1130 ’Ὠσπερ
1306 1090 1359 1120 καὶ
1382 1090 1431 1120 ἐπὶ
1454 1093 1508 1130 τῆς
1523 1091 1689 1131 παρούσης
1704 1091 1902 1127 ὑποθέσεως,

1104 1142 1271 1182 <λέγομεν
1290 1141 1328 1182 δὴ
1351 1141 1476 1172 Φωτίου
1495 1144 1548 1172 τοῦ
1567 1142 1743 1181 ἁγιωτάτου
1761 1142 1902 1182 ἀδελφοῦ

1105 1194 1198 1233 ἡμῶν
1225 1193 1278 1224 καὶ
1306 1192 1593 1233 συλλειτουργοῦ>,
1625 1193 1689 1224 ἀλλ’
1713 1193 1751 1223 οὗ
1778 1194 1838 1234 χρὴ
1868 1193 1902 1224 τὸ

1106 1245 1237 1275 σπάνιον
1265 1244 1366 1284 νόμον
1401 1245 1542 1284 γίνεσθαι
1573 1244 1662 1279 οὐδὲ,
1694 1244 1770 1275 διότι
1799 1257 1902 1285 παρα-

1106 1296 1211 1332 δόξως
1235 1294 1320 1326 οὗτοι
1344 1296 1536 1336 ἐξέλαμψαν,
1565 1296 1686 1326 κανόνα
1714 1299 1806 1327 τοῦτο
1833 1309 1902 1327 ποι-

1104 1348 1207 1378 εῖσθαι
1241 1347 1294 1378 καὶ
1326 1348 1368 1381 εἷς
1401 1347 1473 1381 τοὺς
1508 1347 1635 1382 ἄλλους,
1670 1347 1747 1377 ἀλλὰ
1781 1348 1903 1388 πρέπον

1105 1399 1193 1435 ἔστὶν,
1222 1399 1354 1439 ἀδελφοὶ
1378 1399 1546 1439 ἀγαπητοὶ,
1570 1399 1623 1430 τὸν
1646 1399 1780 1429 παλαιὸν
1803 1399 1903 1439 νόμον

1105 1450 1295 1490 συσφίγγειν,
1329 1451 1378 1481 ἵνα
1408 1450 1472 1481 ἀπὸ
1501 1453 1555 1481 τοῦ
1585 1451 1744 1490 παρόντος
1775 1451 1818 1485 εἷς
1850 1451 1904 1490 τὴν

1104 1502 1180 1532 καθ’
1205 1502 1289 1542 ὑμᾶς
1321 1502 1413 1542 ἁγίαν
1442 1505 1496 1532 τοῦ
1530 1502 1610 1533 θεοῦ
1643 1502 1811 1542 ἐκκλησίαν
1841 1505 1904 1536 τοῖς

1105 1554 1227 1593 ὁμοίοις
1250 1553 1378 1594 τρόποις
1400 1553 1444 1594 μὴ
1469 1554 1728 1594 παραβαίνωνται
1756 1556 1819 1584 τῶν
1841 1565 1901 1584 πα-

1104 1608 1188 1646 τρῶν
1217 1606 1246 1636 οἳ
1273 1605 1406 1640 κανόνες
1433 1605 1465 1635 ἕν
1489 1605 1603 1645 τούτῳ,
1633 1604 1717 1645 μηδὲ
1746 1605 1903 1644 αἰφνίδιον

1105 1657 1147 1691 εἷς
1169 1657 1224 1697 τὴν
1247 1657 1388 1697 μεγάλην
1411 1657 1501 1692 ἀξίαν
1524 1668 1602 1690 τινες
1625 1656 1829 1696 ᾶνατρέχωσι.

1170 1708 1430 1749 Παρακαλοῦμεν
1448 1708 1482 1739 δὲ
1502 1708 1555 1738 καὶ
1571 1710 1662 1738 τοῦτο
1679 1708 1734 1747 τὴν
1753 1708 1904 1747 ὖμετέραν

1105 1760 1311 1800 ἀδελφότητα,
1328 1760 1377 1790 ἵνα
1393 1760 1448 1800 τὴν
1464 1759 1618 1799 ἐπαρχίαν
1631 1763 1684 1799 τῆς
1692 1759 1902 1799 Βουλγαρίας,

1104 1813 1142 1852 ἣν
1159 1812 1176 1842 ὁ
1193 1810 1270 1845 θεὸς
1285 1810 1335 1842 διὰ
1352 1811 1520 1851 πρεσβείας
1536 1813 1590 1840 τοῦ
1606 1810 1902 1851 μακαρίουΠέτρου

1104 1866 1158 1894 τοῦ
1185 1863 1363 1894 ἀποστόλου
1391 1862 1444 1893 καὶ
1475 1864 1529 1893 τοῦ
1553 1861 1659 1893 κόπου
1689 1861 1742 1892 καὶ
1770 1861 1901 1902 μόχθου

1103 1918 1158 1945 τοῦ
1185 1915 1457 1955 προηγησαμένου
1486 1914 1580 1954 ἡμῶν
1603 1914 1646 1947 εἷς
1670 1913 1807 1953 Χριστὸν
1831 1914 1901 1944 ἕπε’-

1104 1978 1247 2007 στρεψεν,
1277 1966 1465 2006 ἅποδώσητε
1494 1966 1574 2005 ὑμῖν.
1625 1964 1766 2004 Θέλομεν
1791 1965 1825 1995 δὲ
1850 1965 1903 1995 καὶ

1103 2021 1204 2053 τοῦτο,
1228 2018 1286 2053 ἵνα,
1310 2017 1365 2048 ἐὰν
1380 2016 1400 2057 ᾖ
1424 2029 1467 2050 τις
1485 2016 1700 2056 δεδιωγμένος
1715 2017 1733 2056 ἢ
1750 2016 1901 2056 ἀποσχίσ-

1103 2081 1170 2110 της,
1202 2069 1252 2100 διὰ
1280 2071 1335 2100 τοῦ
1363 2069 1517 2108 ὑμετέρου
1549 2068 1653 2098 κόπου
1680 2067 1903 2108 μοχθήσαντες

1103 2122 1192 2161 ὑμεῖς
1203 2120 1280 2161 μετὰ
1297 2122 1351 2151 τοῦ
1368 2120 1542 2159 ἆγιωτάτου
1558 2119 1754 2159 πατριάρχου
1766 2119 1901 2154 Φωτίου,

1103 2172 1183 2213 ὑπὲρ
1211 2171 1249 2203 οὗ
1277 2172 1330 2202 καὶ
1359 2171 1410 2202 τὸν
1438 2171 1545 2201 πόθον
1572 2171 1665 2210 ὑμῶν
1689 2170 1902 2210 διεχαράξατε,

1102 2224 1179 2264 μετὰ
1203 2223 1331 2254 πάντων
1354 2223 1448 2263 ὑμῶν
1470 2225 1534 2253 τῶν
1557 2222 1699 2262 εὐσεβῶν
1722 2222 1826 2261 ἔργων
1849 2222 1902 2252 καὶ

1103 2275 1218 2309 αὐτοὺς
1254 2274 1441 2315 κερδήσητε,
1480 2274 1526 2308 ὡς
1563 2275 1601 2304 ἂν
1640 2273 1693 2304 καὶ
1731 2273 1763 2303 ἕν
1801 2273 1902 2312 τούτῳ

1103 2327 1261 2367 ἄμεμπτοι
1285 2326 1422 2356 ἐνώπιον
1446 2327 1499 2356 τοῦ
1529 2325 1608 2356 θεοῦ
1637 2325 1822 2365 εὖρεθείητε.
1864 2324 1904 2355 Ὁ

1105 2378 1139 2408 δὲ
1177 2378 1350 2418 ἁγιώτατος
1387 2376 1440 2408 καὶ
1481 2377 1725 2416 θεοσεβέστατος
1763 2375 1902 2415 ἀδελφὸς

1103 2430 1198 2470 ἡμῶν
1236 2429 1359 2463 Φώτιος
1393 2429 1410 2459 ὁ
1444 2428 1641 2468 πατριάρχης
1677 2440 1701 2467 μ
1711 2427 1728 2467 ὴ
1764 2427 1901 2462 ἀπαξι-

1104 2482 1182 2521 ώσῃ
1214 2481 1377 2511 ἐνώπιον
1406 2482 1468 2520 τῆς
1498 2479 1668 2510 συνόδου
1698 2478 1761 2518 τὴν
1792 2478 1902 2518 χάριν

1104 2533 1165 2563 καὶ
1192 2533 1256 2573 τὴν
1279 2531 1451 2571 σπουδὴν
1478 2531 1595 2571 ἡμῶν,
1626 2530 1763 2570 μᾶλλον
1792 2529 1832 2559 δὲ
1863 2528 1900 2558 τὰ

1104 2584 1296 2624 σπλάγχνα
1320 2586 1382 2623 τῆς
1404 2581 1681 2621 τῶν”Ρωμαίων
1702 2581 1902 2620 ἐκκλησίας

1105 2635 1357 2675 ἀνακηρύξαι,
1382 2634 1428 2667 ὡς
1444 2633 1496 2664 καὶ
1512 2634 1602 2673 ἡμεῖς
1624 2633 1777 2672 χάριτας
1801 2631 1900 2670 αὐτῷ

356 2719 379 2751 ²)
397 2728 444 2744 vos
462 2720 494 2745 R.

254 2761 276 2794 e)
295 2763 410 2788 illicitam
430 2762 462 2788 R.
549 2761 569 2793 f)
589 2763 772 2788 ordinationem
791 2763 823 2788 R.

210 2812 235 2831 50
254 2805 373 2830 editiones
392 2806 579 2837 suppleverunt,
599 2810 642 2830 aut
660 2806 741 2831 simile
758 2806 820 2837 quid
838 2805 870 2831 R.

598 2719 623 2752 b)
641 2720 733 2745 excidit
756 2721 917 2752 permittatur
940 2724 985 2744 aut
1006 2719 1087 2744 simile
1105 2719 1167 2751 quid
1185 2719 1216 2743 R.

911 2761 936 2793 Β)
955 2771 1022 2787 corr.
1035 2771 1066 2787 ex
1084 2763 1171 2787 labore
1190 2762 1221 2787 B.

958 2804 976 2837 i)
995 2813 1061 2830 corr.
1075 2813 1105 2830 ecc
1123 2812 1200 2836 quam
1218 2805 1332 2829 traxistis
1351 2804 1386 2828 al.
1405 2812 1473 2827 man.
1494 2802 1524 2827 R.

1323 2719 1345 2750 0)
1365 2719 1489 2751 Uulgaric
1508 2718 1539 2742 R.
1651 2715 1676 2747 d)
1696 2717 1847 2741 subductam
1867 2715 1898 2740 [ι’.

1310 2761 1335 2792 ¹¹)
1355 2761 1446 2786 excidit
1466 2759 1699 2789 reconciliaveritis,
1718 2758 1781 2782 sicut
1793 2757 1897 2788 priores

1613 2800 1638 2831 k)
1657 2801 1725 2825 omui
1744 2800 1775 2824 R.

1646 2852 1694 2877 23³²
