2189 3042
299 139 358 168 344
648 130 879 159 FRAGMENTA
898 129 1069 157 REGIS'rm
1088 128 1272 156 STEPHANI
1285 129 1319 156 v.
1338 129 1456 156 PAPAE
1476 129 1594 155 18-21.

297 221 386 253 Deus
408 219 610 260 omnipotens
633 218 739 248 locum
763 219 796 248 et
819 219 946 257 tempus
967 215 1132 255 concessit,
1156 215 1253 247 liceat
1276 218 1331 247 tuo
1355 216 1423 247 sine
1448 215 1692 257 impedimento,
1717 226 1813 257 quem
1836 216 1948 248 utilem

297 276 329 304 et
352 271 394 302 ad
417 270 477 301 hoe
501 268 629 300 salubre
653 278 732 310 opus
756 266 934 309 regendum
959 266 1065 298 divina.
1089 266 1216 299 favente
1240 266 1413 298 clementia
1436 266 1654 309 praeviderint
1682 266 1844 306 idoneum,
1867 277 1946 299 una-

297 322 425 354 nimiter
447 320 577 363 eligere.
798 324 800 327 ’

1101 465 1148 494 19.

406 525 587 566 Stephanus
609 524 643 557 V.
670 535 759 567 papa
790 523 977 556 ,Tarentinis
1012 523 1142 555 nuntiat
1172 533 1204 554 se
1234 523 1496 555 consecrationem
1527 523 1715 556 Deusdonae
1747 523 1881 565 episcopi
1911 524 1950 555 ab

298 578 347 609 eis
371 577 457 609 electi
479 576 651 611 distulisse.
1646 576 1860 616 (887-888.)
1989 585 2000 603 5

401 645 466 672 0021.
481 653 559 672 can„-
577 645 602 670 A
620 646 642 677 f.
656 648 702 671 156
719 652 748 670 n.
763 647 803 671 18.

400 696 498 732 Reyq.:
518 695 617 723 Ewald
634 696 665 722 im.
684 695 750 722 NA.
767 695 797 728 V,
810 699 862 721 404
879 703 908 721 n.
922 697 960 722 18.
996 694 1073 727 Jaffe
1091 697 1165 721 3437.

874 780 1099 815 s[‘1¹EPHANUS]
1119 780 1347 815 TARENT1N1[S]
1356 781 1374 807 ¹.

405 833 599 866 Deusdona2
622 834 744 866 seilicet
770 832 939 875 presbyter
962 833 1003 864 ad
1033 835 1175 864 nostram
1204 832 1415 874 apostolicam
1439 832 1550 865 sedem
1574 833 1705 865 veniens
1734 834 1844 865 retulit
1874 844 1908 865 se
1933 843 1951 864 a

297 885 390 918 vobis
417 896 486 918 esse
518 886 666 926 electum,
697 885 862 927 postulans
886 896 905 917 a
928 884 1020 916 nobis
1051 885 1085 916 in
1116 885 1303 926 episcopum
1335 885 1515 916 consecrari
1545 887 1578 916 et
1608 895 1668 916 nee
1696 885 1837 926 plebem,
1868 896 1950 927 quae
1978 893 2004 913 ιο

296 938 387 969 illum
416 937 562 979 eligeret.
593 937 742 969 deferens
773 946 832 968 nee
865 935 906 967 de
938 947 973 968 se
1005 935 1125 967 factum
1154 935 1320 968 decretum
1351 935 1532 967 ostendens.
1585 935 1658 967 Obb
1687 936 1747 968 hoe
1777 947 1844 977 nos,
1876 938 1951 979 quia

298 993 489 1032 utrumquec
524 990 649 1030 deerat,
688 1000 707 1020 a
740 988 832 1020 vobis
869 998 942 1020 eum
982 988 1121 1020 electum
1159 988 1290 1019 minime
1331 997 1402 1019 esse
1440 986 1657 1019 credidimusd
1694 991 1727 1019 et
1764 998 1951 1020 consecrare

298 1041 488 1073 distulimus.

1098 1195 1148 1225 20.

406 1256 589 1296 Stephanus
611 1255 645 1287 V.
666 1264 755 1295 papa
778 1254 881 1286 Paulo
898 1253 1089 1286 Placentino
1111 1253 1252 1294 episcopo
1274 1253 1397 1285 indicat
1418 1264 1449 1285 se
1465 1253 1605 1285 Mentem
1622 1253 1781 1294 Spilonem
1804 1253 1952 1294 quodo

299 1309 436 1348 episcopo
460 1307 658 1348 (Parmensi)
681 1306 889 1338 adiudicasse.
1651 1306 1866 1346 (887—888.)
1983 1316 2005 1335 ¹⁵

403 1375 468 1402 Con.
481 1383 556 1402 can..·
575 1375 601 1402 A
636 1395 643 1402 .
656 1378 703 1402 156
721 1383 748 1401 n.
763 1378 800 1401 19.

401 1425 473 1453 Ed.:
489 1425 588 1452 Ewald
603 1375 637 1452 ’ἐζ
645 1425 711 1452 ΝΑ.
726 1425 755 1458 V,
767 1429 814 1452 405
831 1433 859 1451 n.
872 1428 908 1452 19.
922 1440 954 1444 —
970 1424 1060 1458 Regma
1076 1423 1149 1456 Jaffe'
1161 1427 1237 1451 3438.
1267 1423 1341 1451 Κάιν
1354 1424 1439 1451 Italia
1454 1425 1595 1458 pontificia
1612 1424 1641 1458 V,
1654 1421 1704 1451 445'
1715 1433 1743 1452 n.
1756 1428 1799 1456 12:
1817 1429 1866 1451 417
1883 1433 1909 1452 n.
1924 1429 1954 1452 10

837 1521 951 1546 PAULO
969 1521 1131 1546 EPISCOPO
1150 1519 1388 1553 P[LACEN]TINO
1396 1520 1414 1546 ¹.

406 1572 630 1613 Religionem⁸
662 1574 751 1603 tuam
782 1572 864 1603 seire
888 1571 1051 1611 volumus,
1085 1571 1237 1613 quoniam
1262 1570 1422 1602 Wibodus
1456 1570 1649 1602 venerabilis
1684 1572 1852 1613 episcopus
1862 1572 1883 1611 ³,
1917 1574 1953 1603 ut

300 1624 520 1666 praetulimus,
543 1622 800 1654 antecessoribus
823 1623 939 1654 nostris
963 1625 995 1654 et
1017 1622 1108 1654 nobis
1131 1622 1317 1654 multotiens
1340 1622 1529 1653 reclamavit
1552 1626 1584 1653 et
1600 1633 1658 1653 nos
1681 1625 1714 1654 te
1738 1626 1771 1654 et
1793 1623 1884 1654 illum
1907 1623 1948 1655 ad
1978 1636 2004 1655 πο

300 1675 453 1707 iudicium
469 1684 597 1716 semper
612 1675 806 1712 vocavimus,
830 1674 920 1705 illum
936 1684 1012 1705 vero
1029 1683 1158 1714 semper
1174 1673 1354 1712 habuimus,
1371 1676 1403 1705 te
1420 1684 1625 1715 nequaquam
1641 1673 1762 1705 habere
1779 1674 1949 1716 potuimus.

300 1727 365 1758 Pro
389 1737 452 1768 quo
477 1736 563 1766 ecee,
588 1727 662 1768 quia
685 1727 754 1767 ipse
771 1736 900 1766 semper
915 1736 1068 1766 praesens
1084 1735 1274 1767 semperque
1297 1725 1450 1756 iudicium
1467 1724 1654 1756 desiderans
1677 1735 1868 1767 semperque
1892 1725 1952 1757 fuit

303 1778 488 1818 oboediens,
512 1778 617 1819 ipsum
639 1777 783 1808 Montem
807 1776 996 1818 Spilonem4
1020 1787 1091 1808 cum
1122 1776 1268 1808 omnibus
1296 1776 1358 1807 sibi
1387 1775 1621 1817 pertinentibus
1650 1776 1770 1808 habere
1792 1780 1950 1818 perpetuo

303 1829 561 1868 deliberavimus,
585 1832 618 1860 et
640 1829 716 1870 quia
739 1831 774 1860 tu
797 1827 945 1870 semperb
967 1827 1177 1860 inoboediens
1200 1837 1394 1869 semperque
1424 1827 1576 1859 iudicium
1600 1827 1726 1869 fugiens
1749 1831 1782 1859 et
1806 1828 1952 1860 absentia

302 1881 469 1923 perfruens
499 1879 605 1912 fueras
629 1883 680 1911 et⁰
703 1880 840 1919 tacuisti,
865 1880 1048 1921 perenniter
1078 1882 1187 1910 taceas
1217 1882 1250 1910 et
1279 1880 1310 1910 in
1339 1879 1400 1911 hoc
1429 1890 1464 1910 os
1497 1879 1640 1910 clausum
1670 1879 1774 1911 modis
1804 1880 1951 1911 omnibus
1980 1893 2004 1912 25

301 1932 432 1971 habeas,
457 1935 489 1963 et
513 1931 664 1973 quicquid
688 1931 728 1963 de
752 1931 896 1973 frugibus
920 1931 1037 1962 exinde
1061 1930 1175 1962 tollere
1199 1930 1474 1972 praesumpsistid,
1503 1931 1589 1961 omni
1620 1931 1803 1962 temeritate
1827 1934 1952 1962 remota

301 1984 470 2025 integriter
491 1983 638 2025 praefato
656 1983 798 2014 Wibodo
823 1982 948 2015 reddas.

1104 2148 1154 2177 21.

410 2206 591 2246 Stephanus
621 2205 656 2238 V.
690 2216 778 2246 papa
811 2206 961 2248 episcopis
994 2206 1111 2238 Italiae
1146 2206 1276 2237 nuntiat
1308 2206 1656 2238 excommunicationem
1691 2205 1891 2239 Giseltrudae
1926 2208 1956 2238 et

311 2257 478 2299 Winiyildi
500 2258 632 2298 cognati,
655 2267 788 2298 quocum
810 2260 960 2298 stuprum
981 2267 1071 2289 sacro
1093 2257 1245 2289 velamine
1266 2257 1375 2289 relicto
1398 2261 1526 2297 operata
1549 2258 1599 2291 sit.

407 2326 469 2353 Gon.
482 2334 555 2353 ean:
580 2326 607 2352 A
624 2326 644 2358 fl
659 2329 707 2352 156
732 2334 758 2352 n.
775 2329 816 2352 20.
835 2341 867 2345 —
886 2325 917 2352 D
934 2326 999 2359 VII,
1010 2330 1055 2353 131
1080 2325 1130 2359 (ed.
1148 2325 1251 2352 Fronto
1272 2333 1301 2359 p.
1314 2329 1370 2358 255,
1396 2325 1492 2360 Miqne
1510 2325 1586 2353 Patr.
1607 2325 1652 2352 lat.
1669 2325 1771 2358 CLXI,
1784 2327 1850 2359 575).
1983 2330 2009 2349 ³⁰

406 2369 500 2403 Reqq.:
518 2368 616 2395 Ewald
632 2369 663 2394 in
682 2368 745 2395 NA.
758 2368 789 2401 V,
803 2372 852 2395 405
869 2377 897 2396 n.
910 2373 952 2396 20.
988 2369 1061 2401 Jaffe
1078 2372 1154 2396 3439.

408 2490 449 2516 19.
476 2490 499 2522 Β)
520 2490 618 2515 Littera
636 2491 745 2516 initialis
763 2491 831 2516 deese
850 2491 882 2515 A.
953 2490 977 2523 b)
997 2492 1047 2516 hob
1066 2491 1101 2517 A.
1173 2491 1195 2523 0)
1214 2492 1354 2524 titi-umque
1373 2491 1406 2517 A.
1478 2490 1502 2522 d)
1521 2491 1683 2517 credidistius
1703 2490 1735 2516 Α..

407 2531 449 2559 20.
476 2534 500 2565 Β)
521 2533 621 2558 Littera
638 2533 746 2558 initialis
765 2533 833 2558 deest
852 2534 884 2559 A.
955 2532 981 2565 b)
1000 2542 1044 2566 sep
1063 2534 1095 2559 A.
1167 2535 1189 2565 ⁰)
1208 2543 1257 2559 om.
1270 2534 1312 2566 A„
1329 2535 1391 2560 add.
1405 2534 1506 2560 Ewald.
1540 2561 1549 2571 v
1578 2532 1602 2565 d)
1622 2534 1754 2566 presusisti
1774 2532 1806 2558 A.

409 2609 435 2641 l)
450 2608 492 2641 Cf.
502 2609 578 2643 epist.
588 2617 615 2635 n.
628 2613 658 2636 18
676 2609 714 2636 ad
725 2609 833 2636 eandem
846 2618 906 2642 rem,
919 2612 951 2635 ut
963 2609 1073 2641 videtur,
1086 2612 1254 2643 spectantem.
1315 2610 1343 2643 2)
1357 2609 1400 2642 Cf.
1411 2617 1496 2644 supra
1510 2618 1539 2643 p.
1548 2612 1600 2636 339
1612 2617 1640 2636 n.
1653 2613 1690 2636 11.
1751 2609 1777 2641 3)
1791 2609 1956 2640 Parmensis,

304 2654 338 2686 cf.
348 2660 433 2685 supra
449 2660 478 2685 p.
492 2655 523 2678 26
541 2660 568 2678 n.
581 2655 614 2679 28
625 2655 650 2679 et
663 2653 777 2686 saepius.
848 2653 876 2686 4)
895 2653 1020 2679 Eundem
1038 2653 1124 2679 locum
1142 2652 1299 2686 significari,
1317 2653 1363 2686 qui
1381 2653 1452 2679 alias
1465 2653 1546 2679 Mons
1559 2652 1666 2685 Spinoli
1677 2654 1702 2679 et
1717 2651 1840 2678 Castrum
1854 2650 1956 2684 speculi
1984 2659 2008 2679 3⁵

303 2694 392 2727 (hodie
408 2694 564 2728 ‘SpecchioU
583 2695 742 2728 appellatur,
761 2697 822 2728 apte
839 2695 938 2722 conicit
952 2695 1028 2722 Kehr
1046 2695 1063 2721 Ζ.
1078 2695 1095 2722 Ζ.
1122 2695 1180 2728 Quo
1198 2695 1228 2721 de
1245 2695 1301 2722 loco
1319 2695 1397 2722 etiam
1414 2695 1520 2722 saeculo
1533 2694 1604 2722 XII.
1622 2694 1785 2728 quaestiones
1803 2694 1873 2720 inter
1891 2693 1955 2720 Pla-

303 2737 436 2763 centinum
454 2740 478 2764 et
496 2738 664 2764 Parmensem
682 2738 800 2765 eeclesias
818 2740 901 2764 motae
919 2740 990 2769 sunt,
1009 2738 1045 2770 cf.
1061 2738 1124 2771 Req.
1138 2737 1210 2769 Jaffe
1222 2740 1316 2768 12739,·
1336 2738 1409 2765 Κάιν
1427 2739 1443 2765 Ζ.
1457 2739 1473 2765 l.
1488 2738 1516 2770 V,
1530 2741 1580 2765 456
1597 2746 1624 2764 n.
1637 2740 1679 2764 68.
