2189 3042
366 203 423 233 180

358 645 418 675 hoc
443 644 612 685 exemploa
633 643 773 675 roborati
798 645 948 684 maxime,
973 655 1036 686 quo
1062 655 1154 686 egre-

357 696 428 736 gius
444 695 653 736 predecessor
669 698 776 726 noster
792 695 999 727 Innocentius
1022 697 1154 727 sanetis-

357 747 454 777 simus
478 746 583 787 papa¹
600 746 815 777 Photinumb2
836 750 1016 779 restaurare
1041 748 1154 789 digna—

356 800 408 829 tus
432 797 522 840 [θεὲ]ο
539 798 680 829 dicens³:
706 802 824 829 Veniam
848 811 922 829 nunc
945 803 980 829 ad
1001 804 1154 831 maximum

356 854 437 888 quasi
453 854 594 888 quoddam
611 854 715 887 thema,
732 854 898 885 Photinum;
923 853 956 880 et
976 850 1059 882 inter
1076 850 1152 882 alia:

357 905 428 937 Quia
455 914 499 932 res
529 906 565 932 ad
593 906 713 932 salutem
744 906 839 939 rediit,
871 907 970 943 venie
1006 907 1094 934 hunc
1124 908 1153 934 in

356 958 467 983 tantum
482 957 560 983 vobis
577 957 772 984 annitentibus
789 959 854 992 post
870 958 1153 992 condempnationem

356 1017 433 1035 more
468 1008 624 1042 apostolico
658 1009 842 1043 subrogamus
873 1009 1018 1043 tantisque
1052 1010 1153 1037 vestris

356 1060 560 1086 assertionibus
577 1060 713 1093 vobisque
729 1061 788 1086 tam
808 1059 899 1092 bonis,
923 1062 982 1087 tam
999 1061 1076 1088 karis
1096 1071 1153 1089 non

355 1111 422 1138 dare
439 1120 605 1138 consensum
622 1111 750 1138 omnibus
767 1111 843 1137 duris
862 1111 944 1138 rebus
961 1112 1057 1139 durius
1078 1114 1151 1140 arbi-

356 1164 472 1189 tramur.
502 1163 555 1189 Pro
572 1164 665 1189 vestra
681 1172 747 1197 ergo
764 1163 1032 1197 approbatione,
1050 1165 1152 1192 fratres

356 1213 506 1246 karissimi,
524 1216 552 1240 et
568 1214 711 1241 sententia
727 1223 759 1241 ao
776 1214 969 1248 postulatione
988 1215 1152 1251 episcopum

355 1264 505 1291 Photinum
519 1261 683 1292 habetoted.
708 1266 828 1293 Lieitum
844 1268 895 1293 est
911 1267 952 1294 ita
969 1267 1151 1301 constituere,

355 1318 387 1342 ut
410 1317 626 1350 dep1·ecamini⁰‚
656 1319 685 1344 et
710 1319 836 1344 nostram
860 1319 889 1345 in
913 1319 1013 1345 melius
1038 1328 1152 1346 conver-

355 1376 415 1394 sam
448 1369 619 1395 sententiam
654 1369 750 1396 labore
783 1370 826 1396 vel
862 1371 1026 1397 testimonio
1057 1373 1151 1398 vestro

356 1421 500 1453 compotes
525 1415 600 1446 votif
622 1414 777 1454 suscipite*

842 198 1019 226 IOHANNIS
1039 199 1112 225 vm.
1132 199 1252 226 PAPAE
1273 199 1450 228 EPISTOLA
1470 201 1528 230 208.

1210 286 1427 326 ἀδελφικάς
1483 289 1754 329 κατεθέμεθα,
1809 290 2007 330 πατριάρχην

1209 337 1305 368 αὐτὸν
1342 338 1575 379 ἀποδεξάμενοι
1613 340 1652 370 ἓν
1661 352 1702 370 νο
1711 353 1736 380 μ
1744 341 1772 372 ώ
1782 353 1795 371 τ
1805 352 1824 371 α
1833 353 1849 371 τ
1857 352 1875 372 ο
1883 353 1900 371 ν
1940 353 1960 371 κ
1969 353 1988 372 α
1997 341 2007 372 ἰ

1209 401 1303 420 κεκα
1312 401 1352 420 νο
1360 390 1469 430 νισμέ
1478 402 1556 426 νον,
1606 395 1883 432 συγκοινωνοῦντα
1892 397 1906 415 Ε
1949 395 2005 424 τοῦ

1208 441 1370 481 μακαρίου
1388 440 1514 481 Πέτρου
1535 444 1590 472 τοῦ
1612 442 1798 474 ἀποστόλου.
1832 442 1896 474 Καὶ
1919 446 2005 475 πᾶσα

1209 493 1228 532 ἡ
1253 492 1401 532 ἐκκλησία
1423 495 1487 523 τῶν
1499 492 1668 533 Ῥωμαίων
1685 494 1847 535 σπλάγχνα
1870 495 2006 535 πατρικὰ

1209 543 1387 579 ἐπεδείξατο
1411 545 1454 578 εἰς
1481 544 1585 580 αὐτὸν,
1614 546 1865 586 παραδείγμασιν
1888 546 2005 577 ἐπακο-

1208 595 1396 636 λουθήσασα
1431 598 1494 626 τῶν
1522 608 1552 627 τε
1588 596 1693 627 ἄλλων
1726 599 2006 638 προηγησαμένων

1208 647 1312 686 ἡμῶν,
1339 647 1472 686 μάλιστα
1501 647 1535 678 δὲ
1563 650 1617 678 τοῦ
1643 649 1889 689 μακαριωτάτου
1909 649 2005 680 Ἵννο-

1207 698 1329 729 κεντίου
1360 698 1445 733 <καὶ
1476 698 1508 728 Γ
1504 699 1628 730 ελασίου
1656 700 1709 730 καὶ
1744 701 1871 732 πολλῶν
1905 701 2006 741 ἁγίων

1207 750 1382 790 ἀρχιερέων
1401 749 1570 791 Ῥώμης>.

1271 1463 1379 1503 <Χρὴ
1398 1462 1467 1503 γὰρ,
1492 1462 1551 1494 ὅσα
1568 1463 1610 1497 εἰς
1629 1462 1739 1502 κοινὴν
1756 1462 1914 1503 σωτηρίαν
1930 1474 2004 1493 συν-

1204 1516 1288 1549 τελεῖ,
1305 1515 1404 1545 πάντα
1421 1514 1604 1555 προθύμως
1619 1516 1728 1549 ποιεῖν,
1749 1513 1802 1544 καὶ
1818 1513 1879 1553 γὰρ
1894 1513 2004 1544 πολλοὶ

1205 1569 1268 1597 τῶν
1284 1566 1459 1606 ἀρχιερέων
1475 1565 1548 1599 τοὺς
1564 1565 1700 1600 οἰκείους
1720 1565 1862 1605 θρόνους
1883 1564 2004 1599 ἀδίκως

1205 1617 1418 1657 ἀποβαλόντες
1455 1617 1508 1647 καὶ
1543 1617 1732 1656 διωχθέντες
1766 1616 1799 1652 ἒξ
1833 1616 1938 1646 αὐτῶν
1967 1618 2003 1656 τῇ

1205 1668 1397 1708 ἀποστολικῇ
1436 1668 1574 1699 διαθέσει
1611 1667 1683 1701 τοὺς
1720 1668 1820 1701 ἰδίους
1861 1667 2004 1707 θρόνους

1205 1721 1374 1760 ἀπέλαβον,
1403 1719 1496 1759 ὑμῶν
1524 1719 1558 1749 δὲ
1589 1719 1724 1759 ἀγαθῶν
1748 1719 1850 1749 ὄντων
1873 1719 1926 1750 καὶ
1954 1720 2000 1750 ἐπ’

1205 1771 1340 1811 ἀγαθοῖς
1377 1770 1431 1811 τὴν
1467 1771 1584 1811 αἴτησιν
1621 1771 1826 1810 ποιουμένων
1863 1771 1915 1801 καὶ
1954 1771 2003 1802 ἐπὶ

1205 1823 1398 1862 συμφέροντι
1421 1824 1539 1856 κοινῶς
1558 1825 1612 1862 τῆς
1635 1822 1835 1862 οἰκουμένης,
1859 1823 1901 1856 τίς
1917 1823 2002 1853 οὕτω

1205 1873 1343 1914 σκληρὸς
1369 1873 1423 1904 καὶ
1451 1873 1542 1913 ὠ,ιιὸς
1569 1873 1727 1915 εὑρεθείη,
1760 1874 1808 1904 ἴνα
1837 1873 1919 1913 πρὸς
1947 1874 2002 1914 τὴν

1204 1926 1358 1965 ὑμετέραν
1386 1926 1513 1965 αἴτησιν,
1541 1925 1674 1965 ἀδελφοὶ
1701 1925 1870 1966 ἀγαπητοὶ,
1899 1925 2001 1956 ἀπαυ-

1205 1977 1359 2016 θαδειάσῃ
1389 1976 1441 2006 καὶ
1469 1976 1694 2017 ἀποδοκιμάσῃ
1723 1976 1779 2017 τὴν
1806 1976 1916 2017 κοινὴν
1940 1979 2002 2007 τῶν

1205 2028 1382 2068 ἐκκλησιῶν
1405 2028 1580 2068 σωτηρίαν,’
1621 2027 1705 2058 Ἰδοὺ
1730 2028 1834 2058 τοίνυν
1857 2027 2000 2068 ’ὑπηκού-

1205 2090 1305 2119 σαμεν
1331 2079 1385 2109 καὶ
1411 2079 1620 2119 ὑπακούομεν
1648 2082 1684 2120 τῇ
1711 2080 1847 2120 ὑμετέρᾳ
1876 2079 2001 2114 ἀξιώσει

1205 2130 1427 2170 ἒπικυροῦντες
1450 2130 1503 2161 καὶ
1527 2131 1777 2171 ἐπιβεβαιοῦντες
1798 2131 1851 2162 τὸν
1866 2131 2001 2170 ποιμένα

1205 2182 1299 2221 ὑμῶν
1315 2181 1439 2212 Φώτιον
1459 2181 1512 2212 τὸν
1533 2182 1706 2221 ἁγιώτατον
1729 2182 1927 2222 πατριάρχην
1949 2181 2002 2212 καὶ

1206 2232 1421 2272 δυσωποῦμεν
1436 2232 1491 2273 τὴν
1507 2233 1661 2273 ’ὑμετέραν
1679 2233 1843 2273 εὐλάβειαν
1866 2234 1898 2264 ἒν
1919 2233 2002 2273 καλῇ

1206 2284 1391 2324 ἀναστροφῇ
1422 2284 1575 2324 διαμεῖναι
1606 2285 1672 2320 καὶ,
1707 2285 1756 2315 ἵνα
1786 2285 1831 2325 μὴ
1862 2283 1940 2315 ὦσιν
1969 2284 2002 2315 ἒν

1205 2336 1280 2375 ὑμῖν
1318 2336 1485 2375 σχίσματα,
1531 2336 1595 2366 ἀλλ’
1630 2336 1863 2376 ἀποδεξάμενοι
1907 2335 2003 2366 αὐτὸν

1206 2387 1315 2420 αἰσίως
1335 2387 1469 2421 ἅπαντες
1492 2387 1549 2418 σὺν
1565 2388 1722 2428 εἰλικρινεῖ
1739 2388 1891 2428 προθέσει
1915 2387 2001 2418 ἀδισ-

1205 2439 1309 2478 τᾶκτῳ
1342 2440 1454 2479 γνώμῃ
1490 2439 1543 2469 καὶ
1578 2439 1687 2479 ἀδόλῳ
1721 2439 1852 2479 καρδίᾳ,
1887 2439 2002 2473 καθῶς

1205 2491 1258 2521 καὶ
1286 2491 1514 2531 διεσημαίνατε,
1546 2490 1599 2521 τὸν
1622 2489 1717 2521 αὐτὸν
1744 2490 1923 2531 σύνδεσμον
1949 2490 2002 2521 καὶ

457 2605 480 2637 a)
500 2606 527 2630 in
544 2614 597 2630 ras.
618 2606 649 2631 B.
739 2605 762 2638 b)
782 2607 898 2640 photium
917 2608 948 2632 R.

353 2649 381 2673 in
399 2657 452 2673 ras.
472 2648 504 2674 R.
593 2647 612 2680 f)
632 2650 697 2674 votis
716 2649 748 2675 R.

459 2725 483 2756 1)
502 2724 535 2756 L,
554 2728 674 2751 401—17.

353 2769 387 2800 cf.
402 2767 498 2799 Hefele
509 2767 746 2801 ‘Concilv'aevzgffiesclc.¹
765 2769 804 2801 1²,
819 2772 869 2795 634
879 2777 916 2802 sq.

354 2809 393 2836 ecl.
406 2809 501 2844 Miyne
519 2810 646 2843 LXVII,
664 2811 733 2843 262),
754 2811 825 2843 Jaffo
845 2812 909 2846 Περ.
925 2816 976 2839 303
995 2814 1075 2847 (100).

1036 2610 1058 2641 e)
1078 2618 1126 2635 om.
1146 2610 1177 2635 R.

836 2649 861 2682 8)
881 2659 946 2675 corr.
961 2660 991 2676 esc
1009 2654 1243 2683 συγκοινωνοῦντες
1262 2654 1350 2679 Hard.

1260 2609 1284 2643 cl)
1303 2611 1385 2636 habe·
1403 2620 1470 2636 corr.
1483 2620 1513 2636 ea:
1531 2612 1605 2637 habi-
1623 2612 1658 2636 al.
1672 2620 1741 2636 man.
1761 2611 1792 2636 R.
1880 2610 1903 2642 e)
1922 2611 2001 2635 -miui

780 2726 806 2757 2)
826 2725 878 2759 Ep.
897 2726 1065 2754 sirmiensem
1088 2737 1157 2755 saec.
1171 2729 1217 2755 IV
1234 2733 1346 2763 propter
1367 2730 1497 2756 haeresim
1519 2739 1536 2756 a
1555 2730 1681 2763 pluribus
1702 2729 1813 2763 synodis
1837 2728 2001 2761 damnatum,

987 2771 1014 2804 3)
1034 2771 1085 2804 Ep.
1100 2771 1137 2797 ad
1154 2772 1231 2805 episc.
1245 2773 1422 2799 Macedoniae
1436 2773 1578 2807 (Dt'onysz'i
1598 2772 1661 2799 Con.
1676 2773 1741 2799 decr.
1755 2771 1910 2798 Innocentii
1928 2779 1949 2798 c.
1962 2775 2000 2803 56,

2028 765 2052 784 10

2026 1021 2049 1040 15

2026 1277 2051 1297 2⁰

2023 1522 2047 1542 25

2022 1782 2047 1800 30

2021 2037 2044 2056 35

2020 2295 2046 2313 40

2018 2612 2044 2630 45
