2189 3042
643 165 819 193 IOHANNIS
838 166 912 193 VIII.
933 166 1050 193 PAPAE
1075 166 1274 195 EPISTOLAE
1296 168 1448 195 309—311.
1804 171 1866 201 269

219 254 399 293 reducatur,
425 253 512 294 quia,
537 256 709 294 postquam
732 251 838 291 nobis,
863 252 976 293 quibus
1000 253 1105 284 fuerat
1128 253 1352 285 commendata
1376 257 1409 285 et
1430 254 1630 286 defensionis*
1653 256 1754 286 sancti
1777 255 1866 287 Petri

219 304 357 345 apostoli
380 304 571 345 protectoris
594 304 640 334 tui
663 303 846 343 commissa,
877 303 1004 335 reddita
1032 304 1141 344 fuerit,
1172 305 1290 336 nullam
1320 306 1360 337 de
1390 316 1428 337 ea
1456 306 1614 337 sinistram
1646 307 1715 348 quis
1744 307 1865 338 habere

218 356 346 396 poterit,
371 355 467 387 crede
490 355 592 395 nobis,
616 355 861 396 suspicionen11.

1005 460 1074 489 310.

326 512 485 544 Iohannes
514 511 609 543 VIII.
635 522 724 552 papa
754 512 938 543 Anselmum
966 513 1233 552 archiepiscopum
1261 514 1527 546 Mediolanensem
1554 516 1597 546 ad
1625 516 1865 547 sustentandam

187 580 197 599 ε,
219 575 338 604 semper
353 564 531 595 Romanam
547 563 705 594 ecclesiam
721 563 876 601 hortatur,
899 565 1033 604 rapinas
1056 568 1085 596 et
1106 565 1247 596 iniurias
1269 576 1289 597 a
1309 566 1453 598 Widone's
1475 566 1667 598 marchionis
1683 567 1864 608 (Spoletini)

218 616 395 647 hominibus
416 614 477 646 siba·
501 614 607 645 illatas
628 615 766 646 nuntiat.
1607 619 1672 649 882
1694 619 1776 658 Any.

331 680 405 706 Coal:
434 679 461 705 R
477 682 499 712 f.
513 683 557 705 121
575 688 602 704 n.
615 682 670 705 312.

321 727 405 753 Edd.:
434 726 526 752 Editio
540 726 667 753 Romana
679 728 761 759 (1591)
774 727 835 758 ΙΙΙ,
850 730 898 753 509
918 736 944 752 n.
956 730 1012 753 299.
1046 727 1140 753 Μωιεί
1155 727 1233 754 Cone.
1247 727 1304 753 coll.
1319 727 1420 759 XVII,
1434 731 1481 754 219
1500 736 1526 753 n.
1537 732 1592 754 299.
1626 728 1719 762 Illique
1731 729 1805 754 Patr.
1818 729 1865 755 lat.

220 769 358 801 CXXVI,
378 773 424 796 954
442 772 540 796 21..360.
560 784 592 788 »-
611 769 684 800 Jaffe}
704 769 767 803 Rey.
783 772 850 796 3382
867 770 963 803 (2607).

174 854 198 873 ιο
483 848 644 873 ANSELMO
664 848 933 873 ARCHIEPISCOPO
958 848 1088 883 SANC'rlgl
1112 848 1389 873 MEDIOLANENSIS
1413 848 1597 884 ECCLESIJ.

324 902 489 943 Privilegii
514 913 589 942 sane
614 903 838 934 auctoritatem
863 903 997 942 ecclesie
1021 906 1125 942 vestre
1151 913 1200 942 eo,
1225 913 1287 944 quo
1312 903 1495 934 fraternitas
1518 907 1572 934 tua
1596 905 1751 945 poposcit,
1767 904 1864 934 modo

216 954 455 995 pernecessario
492 954 669 994 apostolica
703 954 773 985 fulti
808 954 1028 986 moderatione
1064 954 1177 984 libenti
1212 955 1379 985 annuimus
1413 954 1511 985 animi
1544 956 1676 986 caritate
1705 956 1862 996 simulque

217 1007 376 1045 optantes,
401 1008 435 1035 ut
457 1015 586 1046 semper
609 1016 662 1045 ea,
696 1016 755 1046 que
786 1006 827 1036 ad
856 1006 960 1045 anime
989 1008 1041 1045 tue
1072 1005 1283 1036 salvationem
1315 1006 1424 1046 tuique
1452 1006 1560 1046 gregis
1588 1006 1764 1037 custodiam
1793 1010 1865 1037 sunt

217 1066 358 1097 congrua
382 1060 480 1097 atque
504 1056 661 1097 proficua,
692 1056 829 1097 Spiritus
857 1057 958 1087 sancti
981 1057 1140 1087 infusione
1164 1056 1327 1097 postulare
1356 1062 1511 1097 quererea
1534 1060 1631 1098 atque
1656 1057 1800 1098 operarib
1824 1068 1864 1088 ne

173 1121 196 1140 15
217 1106 358 1148 desinas,
393 1110 428 1138 ut
463 1111 537 1138 ante
573 1108 711 1138 tribunal
748 1108 847 1148 eterni
882 1107 994 1138 iudicis
1027 1107 1157 1148 dignam
1193 1108 1297 1148 gratia
1332 1119 1386 1148 sue
1420 1108 1637 1148 misericordie
1672 1113 1864 1149 cooperante

216 1159 495 1190 ratiocinationem
520 1159 680 1199 positurus
704 1159 853 1190 meritum
878 1158 1028 1199 perennis
1044 1159 1106 1197 vite
1124 1168 1196 1188 cum
1218 1159 1334 1188 sanctis
1355 1158 1501 1198 accipias¹
1538 1158 1626 1189 Inter
1642 1158 1700 1198 hec
1718 1158 1863 1189 dilectio-

216 1220 290 1240 nem
315 1213 368 1249 tue
393 1210 602 1240 fraternitatis
626 1209 800 1249 hortamur,
825 1212 932 1248 sancte
957 1209 1066 1239 matris
1083 1212 1187 1249 vestre
1203 1208 1348 1249 Romane
1367 1209 1512 1249 ecclesie,
1536 1219 1597 1250 que
1616 1220 1672 1250 pro
1690 1209 1779 1240 vobis
1796 1220 1862 1240 om-

216 1260 308 1291 nibus
332 1264 502 1302 vestraque
526 1261 628 1292 salute
653 1264 765 1301 utpote
789 1263 886 1301 caput
907 1270 964 1300 pro
989 1261 1053 1290 suis
1077 1259 1228 1291 membris
1251 1259 1399 1290 laborare
1423 1271 1485 1291 non
1509 1263 1626 1299 cessat,
1658 1263 1724 1291 toto
1753 1261 1865 1291 annisu

217 1313 332 1343 mentis
350 1313 500 1354 omnique
515 1312 685 1343 devotione
699 1312 810 1343 fideles
825 1313 964 1342 existere
979 1311 1170 1342 omnimodis
1187 1313 1350 1352 satagatis,
1368 1313 1517 1353 quoniam
1534 1313 1565 1342 in
1583 1311 1650 1342 eius
1668 1312 1863 1343 exaltatione

174 1376 200 1395 20
218 1367 314 1405 atque
338 1364 557 1395 incolomitate
582 1364 663 1394 sicut
687 1363 727 1394 ab
752 1364 840 1394 initio
866 1363 927 1394 erit
951 1363 1090 1393 omnium
1111 1366 1252 1394 vestrum
1275 1363 1360 1403 apud
1383 1363 1489 1394 Deum
1514 1366 1545 1394 et
1568 1373 1699 1404 presens
1722 1362 1864 1393 seculum

217 1418 305 1446 certa
330 1416 474 1446 salvatio.
513 1415 581 1446 Nos
605 1416 689 1446 enim
713 1416 745 1445 in
767 1414 828 1445 hac
851 1417 937 1444 terra
960 1417 1025 1444 tam
1047 1424 1245 1455 paganorum
1263 1425 1357 1455 quam
1374 1415 1617 1455 malignantium
1635 1414 1863 1445 Cristianorum

217 1470 321 1498 tantas
351 1467 591 1507 persecutiones
619 1467 774 1507 patimur,
806 1468 841 1496 ut
868 1465 927 1505 hec
956 1465 1062 1496 verbis
1091 1465 1252 1506 explicare
1280 1476 1342 1496 non
1370 1466 1522 1496 valemus
1568 1466 1657 1496 Inter
1684 1466 1865 1496 innumeras

216 1518 344 1558 rapinas
382 1517 632 1558 depredationes
671 1520 703 1548 et
740 1517 826 1548 mala
862 1517 1098 1557 quamplurima
1132 1516 1173 1547 ad
1206 1519 1412 1558 augmentum
1449 1516 1567 1547 doloris
1601 1517 1698 1547 nostri
1735 1517 1863 1558 quidam

216 1569 392 1600 sceleratus
417 1568 651 1609 Langobardus
679 1569 805 1599 nomine
816 1568 838 1608 ³,
867 1568 963 1599 homo
989 1567 1146 1598 Uuidonis
1173 1568 1396 1607 marchionis4⁷
1425 1569 1589 1609 octoginta
1613 1570 1677 1599 tres
1701 1568 1864 1599 hominesc

172 1631 196 1649 25
216 1620 362 1651 manibus
387 1620 519 1660 singulis
544 1620 740 1650 detruncatis
763 1619 849 1660 apud
872 1619 1086 1650 Narniensem
1118 1619 1295 1659 civitatem,
1325 1620 1431 1660 plures
1459 1630 1500 1650 ex
1530 1618 1586 1649 tali
1614 1622 1686 1650 sunt
1712 1620 1864 1650 incisione

214 1671 304 1702 sined
320 1682 410 1702 mora
434 1672 603 1712 perempti.
634 1671 728 1702 Unde
753 1671 913 1702 communi
931 1671 971 1701 ad
988 1670 1161 1701 Dominum
1179 1676 1294 1712 precee
1313 1671 1539 1712 supplicemus,
1555 1674 1590 1701 ut
1610 1671 1664 1701 ille
1682 1669 1865 1702 ecclesianis

215 1733 306 1753 suam
331 1725 475 1753 sanctam
499 1722 539 1753 de
563 1722 765 1763 presentibus
788 1722 881 1753 malis
905 1722 1035 1763 eripiat,
1065 1733 1122 1763 pro
1148 1733 1211 1763 qua
1238 1723 1402 1763 unigenito
1433 1722 1498 1753 filio
1528 1733 1584 1752 suo
1614 1733 1675 1753 non
1705 1723 1860 1763 pepercit,

215 1784 337 1815 nosque
363 1773 517 1814 pastorali
540 1773 755 1804 sollicitudine
778 1773 928 1804 baculum
952 1773 1117 1804 manibusg
1133 1777 1280 1804 tenentes
1304 1774 1387 1815 lupis
1410 1773 1581 1814 rapacibus
1599 1773 1737 1804 Domino
1755 1777 1863 1814 prote-

215 1828 311 1866 gente
335 1825 507 1856 resistereh
530 1835 593 1855 non
617 1825 811 1856 omittamus.

171 1887 195 1906 30
317 1883 411 1906 DATA
431 1880 544 1905 MENSE
563 1882 730 1913 AUGUSTO,
750 1881 949 1906 INDICTIONE
969 1881 1022 1905 XV.

1004 1984 1075 2014 311.

324 2038 482 2068 Iohannes
504 2037 601 2071 VIII.
620 2048 710 2077 papa
727 2038 870 2069 Romano
893 2038 1123 2077 archiepiscopo
1139 2038 1320 2069 Ravennati
1342 2039 1482 2075 mandat,
1507 2041 1542 2069 nt
1563 2038 1701 2069 Iohanni
1723 2038 1863 2074 (liacono,

218 2088 427 2119 commendato
454 2099 524 2126 sno,
552 2090 608 2128 qni
630 2090 674 2120 ad
699 2090 800 2120 sedem
823 2089 1027 2128 apostoliam
1049 2089 1268 2128 appellaverat,
1298 2101 1347 2121 res
1376 2091 1410 2120 in
1435 2090 1666 2129 praeiudicium
1690 2090 1719 2120 ei
1741 2089 1865 2120 ablatas

216 2141 364 2171 restituat
387 2143 415 2171 et
438 2140 579 2171 Iohanni
602 2141 733 2172 diacono
756 2144 784 2172 et
807 2140 981 2172 cartulario
1004 2141 1185 2172 Ravennati
1208 2142 1431 2173 monasterinm
1454 2152 1477 2171 s.
1494 2141 1635 2171 Martini
1657 2140 1778 2172 reddat.

172 2235 196 2254 35
330 2224 403 2250 Coei„-
433 2225 460 2251 R
478 2226 569 2258 f.121¹
588 2234 614 2252 n.
628 2227 680 2251 313.
1562 2193 1626 2249 883
1649 2191 1730 2230 δίψά
1748 2192 1776 2222 1’

320 2275 405 2302 EM.-
436 2275 528 2301 Editio
543 2275 669 2302 Romana
683 2276 769 2308 (1591)
784 2276 843 2308 III,
856 2280 903 2302 510
920 2285 946 2303 n.
959 2280 1019 2303 300.
1051 2277 1147 2302 Mami
1166 2277 1244 2303 Cone.
1255 2278 1313 2304 coll.
1328 2277 1426 2309 XVII,
1441 2280 1489 2303 220
1501 2286 1527 2303 n.
1539 2279 1596 2303 300.
1627 2276 1720 2310 Ivlz'yne
1734 2276 1807 2301 Patr.
1818 2277 1862 2301 lat.

220 2318 355 2350 CXXVI,
377 2322 427 2344 954
446 2326 473 2344 n.
488 2322 542 2344 361.
563 2334 594 2336 —
614 2318 686 2350 Jaffe'
705 2319 770 2352 Ray.
783 2321 848 2345 3383
866 2319 968 2352 (2608).
1005 2319 1079 2345 Kehr
1097 2319 1179 2346 Italia
1195 2321 1337 2353 pontificia
1357 2321 1385 2353 V,
1398 2324 1430 2347 48
1449 2329 1476 2347 n.
1490 2325 1546 2346 144.

318 2406 341 2435 ³)
361 2406 507 2430 defensioue
526 2406 557 2430 R.

323 2451 382 2477 310.
410 2453 434 2483 a)
450 2454 565 2484 primum
584 2461 597 2478 e
617 2453 643 2476 in
661 2461 713 2477 ras.
727 2453 762 2477 al.
775 2461 843 2476 man.
864 2452 895 2477 R.
983 2451 1008 2483 b)
1028 2454 1065 2477 -ri
1084 2453 1111 2477 in
1129 2462 1182 2478 ras.
1196 2454 1314 2485 plurium
1333 2454 1379 2479 litt.
1393 2455 1428 2478 al.
1440 2462 1508 2478 man.
1528 2453 1559 2478 R.
1647 2452 1670 2485 c)
1689 2453 1781 2477 excidit
1799 2453 1865 2484 cepit

176 2500 202 2518 40
221 2500 265 2519 aut
283 2495 364 2520 simile
382 2495 444 2527 quid
462 2495 494 2520 R.
576 2494 601 2525 d)
621 2495 682 2520 add.
701 2503 782 2526 supra
801 2495 894 2519 lineam
913 2496 948 2519 al.
962 2504 1031 2520 man.
1051 2495 1082 2520 R.
1164 2496 1187 2526 e)
1206 2505 1293 2528 preces
1314 2497 1344 2520 R.
1425 2496 1443 2526 ί)
1463 2505 1529 2520 corr.
1543 2504 1573 2520 ex
1591 2494 1662 2526 eccle
1682 2495 1712 2520 [ἰ.
1795 2495 1819 2526 8)
1839 2504 1863 2518 m

216 2547 297 2570 supra
315 2547 368 2563 ras.
382 2539 443 2563 add.
463 2538 495 2563 R.
583 2537 608 2569 h)
628 2546 694 2562 corr.
708 2546 739 2562 esc
757 2542 850 2562 restere
870 2537 901 2562 R.

322 2601 346 2632 1)
366 2600 531 2635 Anyilherya
548 2600 658 2626 nonnisi
677 2603 806 2626 autumno
824 2608 848 2626 α.
859 2603 909 2625 882
921 2608 933 2625 c
945 2600 1066 2626 custodia
1079 2601 1191 2627 liberata
1204 2604 1248 2634 est,
1263 2604 1296 2635 cf.
1310 2602 1339 2627 Η
1342 2601 1456 2627 inmari
1468 2601 1542 2626 Ann.
1555 2600 1592 2625 ml
1610 2608 1634 2625 a.
1649 2603 1700 2625 882
1712 2599 1763 2632 (ecl.
1778 2599 1863 2624 Wait:

213 2643 319 2675 p.153)‚
337 2643 384 2668 sed
403 2643 456 2669 iam
473 2643 499 2669 cI.
511 2647 545 2669 17.
556 2644 622 2676 Apr.
638 2643 779 2676 privilegio
793 2642 891 2668 Karon
904 2642 961 2669 ΙΙΙ.
978 2643 1039 2676 imp.
1049 2644 1228 2675 possessiones
1245 2644 1275 2669 in
1292 2644 1348 2669 alta
1364 2644 1447 2669 Italia.
1465 2644 1530 2669 sitne
1546 2643 1569 2668 εί
1585 2643 1721 2668 restitutae
1738 2644 1809 2673 snut,
1827 2642 1862 2672 cf.

220 2684 390 2711 Miilzlbacher
404 2685 480 2718 Rey.²
492 2689 559 2711 1636
572 2686 657 2719 (1593)
676 2685 750 2711 haud
767 2685 843 2711 dubie
861 2685 897 2710 ad
914 2685 1073 2711 instantiam
1087 2687 1238 2719 praesentis
1255 2687 1386 2719 epistolae,
1405 2694 1474 2719 quae
1492 2686 1522 2711 in
1538 2686 1591 2717 fine
1609 2694 1641 2711 m.
1653 2684 1749 2709 Martii
1766 2684 1862 2716 scripta

178 2734 202 2752 45
221 2734 271 2752 esse
289 2727 400 2759 ridetur,
420 2729 453 2760 cf.
468 2728 639 2753 Mahlbcwher
657 2728 672 2753 l.
683 2728 699 2754 l.
769 2728 796 2759 2)
815 2731 939 2759 882-96,
958 2730 992 2761 cf.
1006 2737 1031 2754 n.
1043 2732 1097 2760 271,
1113 2737 1140 2761 12-
1153 2732 1199 2755 239
1214 2732 1306 2755 annot.
1318 2733 1339 2755 2.
1410 2730 1436 2760 3)
1458 2728 1547 2761 Ipsum
1567 2736 1660 2753 nomen
1677 2726 1798 2752 eoecidisse
1815 2729 1861 2751 αιι(

218 2769 247 2794 in
266 2770 375 2803 reyistro
393 2777 425 2796 ecc
442 2770 552 2796 minutis
564 2769 691 2803 descripto
704 2770 818 2802 defuisse
835 2770 948 2802 videtur,
968 2771 1003 2802 cs.
1018 2771 1079 2796 NA.
1096 2771 1188 2797 XXX
1196 2772 1238 2803 VI,
1254 2776 1302 2797 116
1316 2774 1407 2797 (timot,
1418 2776 1441 2796 4.
1512 2771 1538 2802 4)
1560 2769 1699 2802 Spoletini,
1718 2769 1751 2800 cf.
1766 2777 1792 2794 n.
1804 2773 1862 2795 304.

1876 1730 1906 1751 cf.
1919 1730 1980 1751 Rom.
1992 1733 2012 1754 8,
2026 1732 2058 1751 32.
