2189 3042
218 641 242 660 10

218 906 241 924 15

69 1009 98 1030 cf.
113 1007 172 1028 Phil.
184 1010 204 1034 2,
214 1010 246 1030 21.

66 1059 246 1085 cf.1.Cor.1,10.

217 1164 243 1183 20

83 1424 102 1444 2.
110 1422 157 1444 Cor.
170 1424 202 1448 13,
214 1425 244 1443 11.

216 1681 241 1700 30

217 1937 240 1957 35

106 2139 161 2159 Luc.
170 2140 203 2164 22,
214 2140 244 2160 32.

217 2193 242 2212 4⁰

216 2449 242 2468 45

219 2770 244 2788 50

738 154 917 181 IOHANNIS
937 154 1011 181 VIII.
1030 154 1147 181 PAPAE
1169 154 1345 182 EPISTOLA
1370 155 1428 182 208.

262 446 565 471 REVERENTISSIMIS
588 447 632 470 ET
654 447 885 472 SANCTISSIMIS
907 449 1058 473 OMNIBUS

262 493 432 518 EPISCOPIS
455 494 499 517 ET
517 493 775 519 CONFRATRIBUS
798 495 959 532 ECCLESII}
982 496 1059 520 CON-

264 540 609 576 STANTINOPOLITANI}
638 541 753 565 SEDEM
782 542 1059 567 RESPICIENTIBUS

263 587 326 612 SEU
344 587 466 611 TRIBUS
484 587 574 611 ALIIS
598 588 857 613 PRINCIPALIBUS
881 590 1058 621 ECCLESIIS,

465 634 783 672 HIEROSOLIMITANIJ
796 653 801 659 .
816 654 821 659 .
835 640 857 660 .²²

326 688 534 724 Quorundam
555 700 632 720 sane
648 693 799 731 vestrum,
825 690 940 722 fratres
956 691 1058 721 karis-

260 739 345 780 simi,
384 740 521 781 scripta¹
557 741 766 782 suscipientes
804 743 1058 773 unianimitatem

262 794 361 832 atque
397 801 585 823 consensum
620 793 651 823 in
681 796 773 834 parte
804 793 914 824 Photii
947 794 979 824 in
1014 794 1059 824 eis

261 842 356 883 plene
372 844 573 884 repperimus
590 844 728 886 indeque
745 844 863 875 obnixe
881 844 1058 886 optantesb,

260 897 305 934 ut,
330 895 416 935 quod
439 895 676 936 particulariter
690 896 854 935 hactenus,
879 896 939 927 hoc
963 906 1058 927 cano-

261 946 331 986 nice
356 956 484 987 semper
501 950 533 977 et
552 947 747 987 generaliter
763 950 859 989 atque
884 947 1058 979 secundum

262 1008 311 1038 ea,
328 1008 389 1039 que
406 1001 478 1028 sunt
495 997 612 1029 Christi
629 998 704 1029 Iesu
728 1001 760 1030 et
783 1010 845 1030 non
863 1009 923 1040 que
942 1001 1058 1038 vestra,

261 1050 315 1090 pia
344 1049 441 1080 animi
466 1049 637 1080 devotione
666 1050 699 1080 id
723 1050 842 1090 ipsum,
872 1053 907 1080 ut
934 1061 996 1080 non
1020 1050 1060 1080 sit

260 1102 292 1132 in
322 1101 413 1132 vobis
443 1101 572 1139 scisma,
607 1101 738 1142 sapiatis
766 1111 900 1142 querere
931 1101 1058 1142 pulsare

262 1155 295 1183 et
317 1153 469 1183 invenire.
508 1152 575 1183 Nos
599 1155 708 1183 autem
731 1152 953 1184 moderatione
975 1152 1060 1182 sedis

261 1204 437 1245 apostolice
473 1204 553 1234 sicut
588 1203 688 1234 divisa
723 1204 926 1234 contentione
961 1206 1058 1244 atque

261 1255 407 1286 dolemus
424 1256 521 1286 scissa
538 1265 645 1286 errore
653 1260 675 1294 0,
692 1253 737 1286 ita'
752 1255 930 1296 gaudemus
946 1256 978 1285 in
990 1255 1058 1285 vin-

261 1307 331 1338 culo
349 1307 437 1348 pacis
460 1317 497 1337 ac
514 1307 661 1338 karitatis
685 1307 863 1348 conpagine
888 1305 1058 1336 soliditatis

260 1359 495 1390 fraternitatem
512 1362 651 1390 vestram
672 1359 738 1389 sine
753 1358 987 1388 intermissione
1010 1357 1058 1387 iu-

263 1410 380 1441 violate
404 1410 590 1451 persistere,
613 1411 703 1440 iuxta
726 1409 922 1450 apostolum:
951 1408 1058 1440 ‘Idem

261 1462 364 1503 sapite
390 1465 422 1493 et
444 1461 532 1493 Deus
556 1462 644 1503 pacis
668 1461 729 1492 erit
751 1460 936 1492 vobiscum’.

326 1821 420 1858 Quod
454 1831 530 1852 vero
568 1821 703 1852 sollicita
741 1821 917 1852 intentione
952 1824 1059 1852 vestra

260 1873 359 1914 petitd
378 1873 517 1912 dilectio,
538 1873 585 1903 uti
605 1873 796 1904 auctoritate
812 1872 900 1903 beati
921 1873 1059 1914 apostoli

260 1925 428 1967 principise
445 1924 663 1966 apostolorum
682 1924 772 1955 Petri
796 1923 886 1955 vobis
905 1924 1058 1956 Photium

260 1976 475 2019 patriarcham
498 1977 530 2007 in
553 1976 642 2017 regia
665 1975 743 2007 urbe
764 1975 1055 2017 Constantinopoli-

261 2032 336 2059 tana
364 2027 432 2059 fore
461 2028 710 2067 consentiamus,
740 2026 819 2057 illud
849 2028 956 2058 animo
987 2028 1057 2059 luce

261 2080 376 2111 clarius
399 2078 599 2119 retinentesf,
617 2078 703 2120 quod
719 2079 752 2109 in
768 2079 936 2120 evangelio
954 2080 1056 2120 prImo

260 2131 383 2173 pastori
405 2130 562 2162 Dominus
591 2130 646 2161 ait:
676 2129 762 2171 ‘Ego
789 2141 846 2171 pro
875 2135 906 2162 te
935 2132 1056 2172 rogavi,

260 2183 370 2223 Petre,
393 2185 429 2213 ut
451 2193 513 2213 non
538 2182 666 2213 deficiat
688 2181 768 2212 fides
791 2185 860 2218 tua;
886 2185 918 2214 et
941 2186 975 2214 tu
999 2184 1056 2214 ali-

260 2234 388 2276 quando
427 2243 597 2264 conversus
636 2233 788 2264 confirma
811 2233 926 2265 fratres
965 2234 1057 2275 tuos’,

258 2286 308 2317 his
334 2285 514 2316 hortatibus
544 2285 701 2325 succensi,
731 2285 829 2316 immo
858 2286 964 2326 potius
987 2297 1056 2317 cor-

259 2337 415 2377 roborati,
443 2338 473 2367 in
498 2340 652 2378 quantum
676 2337 743 2367 sine
767 2337 857 2378 gravi
881 2337 1057 2368 offensione

260 2389 414 2428 valemus,
431 2389 586 2420 auxilium
603 2388 687 2419 ferre
709 2391 774 2419 tam
792 2389 911 2419 cunctis
927 2389 1058 2419 Domini

261 2440 482 2471 sacerdotibus
507 2450 602 2481 quam
624 2440 773 2470 universo
797 2440 828 2470 in
853 2439 930 2471 orbe
956 2442 1056 2471 terra-

261 2502 327 2522 rum
361 2490 541 2523 Christiano
577 2491 696 2532 populo
729 2501 903 2532 numquam
937 2491 1055 2522 desini-

1854 160 1910 188 177

1145 249 1325 275 ῙΩΑΝΝΗΣ
1348 249 1507 276 ΔΟΥΛΟΣ
1531 250 1606 275 ΤΩΝ
1626 250 1783 276 ΔΟῩΛΩΝ
1807 251 1882 277 TOY

1114 292 1218 318 ΘΕΟΥ
1249 293 1337 319 ΤΟΙΣ
1368 293 1687 319 ΕῩΛΑΒΕΣΤΑΤΟΙΣ
1715 294 1783 319 ΚΑΙ
1811 294 1911 319 ΑΓΙΩ-

1114 335 1251 361 ΤΑΤΟΙΣ
1286 336 1411 361 ΠΑΣῙΝ
1446 336 1689 362 ΕΠΙΣΚΟΠΟΙΣ
1719 336 1914 362 ΑΔΕΑΦΟΙΣ

1112 378 1179 403 ΚΑ]
1195 378 1387 404 ΣΥΛΛΕΙΤο
1392 379 1526 405 ΥΡΓοΙΣ
1542 379 1660 404 ΗΜΩΝ
1674 380 1750 405 ΤΗΣ
1766 380 1864 405 ΕΚΚΛ
1870 380 1911 405 Η-

1111 421 1204 446 ΣΙΑΣ
1234 421 1309 446 ΤΩΝ
1342 421 1820 448 ΚΩΝΣΤΑΝΤῙΝΟΥΠΟΑΙΤΩΝ
1846 423 1916 448 ΚΑΙ

1112 463 1207 489 ΠΑΣΙ
1227 463 1314 489 ΤΟΙΣ
1337 464 1473 489 AYTHN
1489 464 1826 491 AIIOAEXOMENOIE
1846 466 1916 491 ΚΑΙ

1116 506 1201 531 ΤΑΙΣ
1223 506 1387 532 ΛΟΙΠΑῙΣ
1409 507 1555 532 ΑΑΑΑΙΣ
1576 507 1745 533 ΠΡΩΤΑΙΣ
1766 508 1912 534 EKKAH-

1112 549 1218 574 ΣῘΑΙΣ
1234 549 1526 580 IEPOEOAYMQN,
1555 550 1800 581 ΑΝΤΙΟΧΕῙΑΣ,
1823 551 1912 576 AAE-

1112 592 1331 617 ΧΑΝΔΡΕΙΑΣ
1348 593 1416 617 KAI
1436 593 1522 618 ΤΟΙΣ
1540 593 1666 618 ΑῩΤΩΝ
1683 593 1759 618 ΤΩΝ
1776 594 1911 619 ῙΕΡΑΤῙ-

1256 635 1338 660 ΚΩΝ
1362 635 1519 661 ΘΡΟΝΩΝ
1543 636 1767 661 ΠΡΟΕΣΤΩΣῙ,

1180 691 1222 721 Τὰ
1246 692 1424 731 ’ὑγιαίνοντα
1455 693 1555 732 ὑμῶν,
1588 693 1719 733 ἀδελφοὶ
1747 693 1911 733 ἀγαπητοὶ,

1113 742 1279 782 δεξάμενοι
1302 745 1356 782 τῆς
1379 743 1526 777 ἕνώσεως
1552 743 1605 773 καὶ
1629 744 1780 783 ὁμονοίας
1809 745 1841 774 ἓν
1867 747 1912 784 τῷ

1111 794 1199 833 με’ρει
1238 793 1365 824 Φωτίου
1404 797 1459 825 τοῦ
1499 795 1675 834 ἁγιωτάτου
1714 796 1911 835 πατριάρχου

1114 844 1283 884 γράμματα
1322 845 1406 876 πάνυ
1441 846 1473 875 ἒν
1509 846 1614 879 αὐτοῖς
1649 846 1821 886 ἐχάρημεν,
1863 848 1911 877 ἵνα

1113 895 1235 935 ὁμοίως
1250 896 1363 929 πάντες
1379 896 1411 926 ἓν
1427 897 1580 936 κοινωνίᾳ
1598 897 1718 937 πατρὸς
1734 898 1787 927 καὶ
1804 899 1911 929 οἴκου-

1111 950 1225 987 μενικῇ
1267 948 1440 987 συμφωνίᾳ
1482 947 1518 978 τὰ
1560 950 1615 978 τοῦ
1661 949 1774 987 κυρίου
1817 950 1912 989 ἡμῶν

1107 997 1212 1037 Ἰησοῦ
1246 997 1388 1037 Χριστοῦ
1427 1001 1602 1038 φρονῶμεν
1640 999 1693 1029 καὶ
1730 1000 1912 1040 στέργωμεν

1112 1048 1165 1079 καὶ
1195 1050 1215 1079 ἃ
1243 1050 1353 1089 πρέπει
1383 1053 1420 1090 τῇ
1451 1050 1587 1090 ’ὗλιιετέρᾳ
1619 1050 1742 1090 εὖσεβεῖ
1774 1051 1912 1082 διαθέσει

1112 1100 1164 1130 καὶ
1189 1100 1342 1140 ὁσιωτάτῃ
1367 1104 1457 1141 ’ψυχῇ
1474 1102 1672 1141 καθέστηκεν
1690 1102 1838 1141 ἁρμόδια,
1863 1104 1911 1133 ἵνα

1111 1151 1155 1191 μὴ
1186 1150 1263 1182 ὦσιν
1287 1152 1320 1182 ἓν
1344 1152 1416 1192 ὑμῖν
1440 1153 1608 1192 σχίσματα,
1638 1153 1702 1183 ἀλλ’
1721 1153 1770 1183 ἵνα
1799 1155 1912 1193 γινώσ-

1112 1214 1186 1243 κητε
1207 1203 1307 1243 ζητεῖν
1323 1203 1376 1234 καὶ
1396 1204 1523 1243 κρούειν
1539 1204 1593 1234 καὶ
1615 1204 1776 1243 εὑρίσκειν.
1803 1204 1912 1245 εΗμεῒς

1113 1253 1148 1284 δὲ
1178 1257 1215 1294 τῇ
1245 1255 1429 1295 συμπαθείᾳ
1459 1258 1514 1286 τοῦ
1547 1255 1757 1286 ἄποστολικοῦ
1788 1256 1911 1296 θρόνου

1113 1306 1307 1345 κινούμενοι,
1343 1306 1452 1346 ὥσπερ
1488 1307 1720 1346 συμπάσχομεν
1752 1308 1805 1338 καὶ
1839 1320 1911 1339 συν-

1113 1357 1272 1397 αλγοῦμεν
1289 1357 1338 1388 ἐπὶ
1354 1361 1416 1391 τοῖς
1436 1358 1578 1389 διεστῶσι
1596 1358 1649 1388 καὶ
1674 1358 1911 1399 ἀπεσχοινισμέ-

1112 1420 1178 1442 νοις
1200 1411 1255 1439 τοῦ
1279 1409 1429 1448 σώματος
1452 1412 1506 1439 τοῦ
1531 1409 1671 1449 Χριστοῦ
1700 1410 1753 1440 καὶ
1776 1411 1911 1450 φιλονει-

1112 1463 1203 1490 κοῦσι
1227 1460 1263 1490 τὰ
1286 1463 1340 1500 τῆς
1364 1461 1504 1495 στάσεως
1526 1461 1580 1491 καὶ
1605 1461 1726 1501 πλάνης
1748 1462 1869 1501 μᾶλλον
1894 1464 1911 1502 ἢ

1112 1511 1147 1541 τὰ
1177 1514 1232 1541 τοῦ
1256 1511 1397 1551 Χριστοῦ
1426 1515 1560 1553 κρατεῖν,
1590 1513 1674 1543 οὕτω
1704 1514 1857 1554 χαίρομεν
1880 1514 1912 1543 ἓν

1112 1565 1157 1602 τῷ
1187 1563 1358 1603 συνδέσμῳ
1386 1567 1439 1604 τῆς
1466 1564 1592 1604 εἰρήνης
1619 1564 1671 1595 καὶ
1699 1564 1824 1605 ἀγάπης
1860 1568 1913 1605 τῆς

1112 1614 1325 1655 ἄδελφότητος
1364 1615 1455 1655 ὖμῶν
1489 1616 1542 1646 καὶ
1580 1616 1743 1656 εὐχόμεθα
1781 1617 1912 1647 πάντοτε

1112 1666 1326 1701 ἀδιαλείπτως,
1352 1668 1400 1697 ἵνα
1425 1667 1583 1707 ἄμεμπτοι
1606 1668 1658 1698 καὶ
1679 1668 1820 1708 ἀκέραιοι
1845 1668 1911 1698 δια-

1111 1718 1233 1757 μένοιτε
1271 1718 1350 1749 κατὰ
1389 1718 1442 1749 τὸν
1479 1719 1656 1750 ἀπόστολον
1690 1719 1743 1750 καὶ
1777 1720 1825 1749 ἵνα
1861 1719 1912 1750 διὰ

1112 1769 1229 1803 παντὸς
1252 1770 1270 1800 ὁ
1293 1769 1370 1804 θεὸς
1392 1773 1446 1810 τῆς
1469 1771 1596 1811 εἰρήνης
1619 1771 1664 1811 εἴη
1687 1770 1762 1810 μεθ’
1782 1772 1881 1811 ὑμῶν.

1180 1820 1356 1861 Τοιγαροῦν
1401 1822 1534 1862 ἀληθῶς
1579 1823 1598 1862 ἡ
1644 1822 1912 1862 πολυφρόντιστος

1114 1873 1205 1912 ὑμῶν
1228 1873 1275 1903 ἔπ’
1290 1873 1407 1913 ἀγαθῷ
1428 1874 1601 1914 φιλονεικία
1626 1874 1762 1914 ᾐτήσατο
1785 1874 1912 1914 ἀγάπην

1114 1924 1152 1954 δι’
1170 1924 1366 1960 ἀποδείξεως
1388 1928 1443 1956 τοῦ
1467 1926 1628 1965 μακαρίου
1653 1925 1706 1955 καὶ
1729 1926 1910 1965 κορυφαίου

1113 1979 1176 2006 τῶν
1207 1976 1393 2007 ἀποστόλων
1420 1976 1561 2016 Πέτρου,
1592 1977 1672 2007 ὥστε
1704 1977 1828 2007 Φώτιον
1859 1977 1912 2007 τὸν

1112 2027 1287 2067 ἁγιώτατον
1314 2029 1511 2068 πατριάρχην
1539 2029 1572 2058 ἕν
1607 2031 1668 2061 τοῖς
1698 2029 1824 2068 κλίμασι
1857 2032 1912 2068 τῆς

1113 2079 1265 2119 ἐπαρχίας
1280 2083 1334 2120 τῆς
1346 2079 1728 2110 Κωνσταντινουπολιτιῖὶν
1745 2080 1912 2120 ἐκκλησίας

1112 2131 1372 2161 ἂποκαταστάντα
1396 2131 1616 2171 ἀσμενίσωίιιέν
1640 2144 1670 2162 τε
1694 2131 1747 2162 καὶ
1774 2143 1910 2162 συναπο-

1113 2182 1297 2222 δεξώμεθα,
1348 2185 1462 2213 τοῦτο
1513 2182 1553 2213 δὲ
1597 2182 1800 2223 προθύμῳ
1845 2183 1911 2213 καὶ

1111 2234 1356 2275 λαμπροτάτῃ
1389 2237 1494 2274 ’ψυχῇ
1527 2252 1564 2256 -
1599 2235 1782 2274 κατέχοντες
1812 2234 1846 2264 τὸ
1878 2234 1911 2264 ἓν

1110 2289 1155 2325 τῷ
1189 2286 1361 2325 εὐαγγελίῳ
1397 2286 1564 2326 εἶρημένον
1601 2289 1645 2325 τῷ
1682 2286 1802 2326 πρώτῳ
1840 2298 1909 2316 ποι-

1110 2338 1195 2377 μένι,
1224 2335 1252 2377 ᾧ
1280 2337 1298 2367 ὁ
1321 2337 1431 2377 κύριος
1457 2337 1552 2377 λέγει.·
1583 2337 1682 2377 ,,Ἐγὼ
1710 2337 1909 2377 παρεκάλεσα

1111 2388 1182 2429 περὶ
1202 2391 1270 2423 σοῦ,
1287 2388 1399 2428 Πέτρε,
1424 2388 1472 2418 ἵνα
1494 2388 1539 2428 μὴ
1557 2389 1666 2428 ε’κλίπῃ
1684 2389 1702 2428 ἡ
1720 2389 1818 2422 πίστις
1837 2398 1908 2418 σου·

1111 2440 1165 2471 καὶ
1206 2440 1244 2471 σύ
1282 2452 1357 2470 ποτε
1398 2440 1587 2480 ἐπιστρέψας
1625 2440 1801 2480 στερέωσον
1838 2439 1911 2473 τοὺς

1110 2491 1270 2531 ἀδελφούς
1293 2496 1372 2522 σου“
1390 2509 1428 2513 ——
1453 2491 1792 2531 ἀπεπληριὺσαμεν.
1831 2490 1908 2521 Τού-

364 2602 422 2628 208.
450 2604 473 2635 ³)
492 2603 572 2628 adde.-
584 2604 744 2635 Antiochene
758 2608 783 2629 et
795 2605 979 2635 Alexandrina,
996 2612 1060 2636 quae
1072 2604 1149 2628 verba
1168 2608 1211 2628 aut
1230 2612 1247 2628 a
1265 2604 1389 2635 scriptore
1402 2603 1495 2628 codicis
1515 2607 1560 2627 aut
1579 2612 1595 2626 a
1613 2603 1776 2635 reyistratore
1792 2605 1907 2634 praeter-

261 2647 340 2670 missa
354 2650 412 2670 ειιπί
430 2650 475 2670 aut
491 2646 545 2670 iam
562 2647 590 2671 in
608 2647 715 2678 minuta,
728 2655 804 2678 quam
818 2647 949 2679 ascripsit
961 2647 1120 2679 reyistrator,
1133 2647 1247 2677 deerant,
1266 2647 1299 2678 cf.
1316 2646 1373 2670 NA.
1388 2645 1519 2677 XXXVI,
1533 2648 1583 2670 109
1595 2650 1682 2669 annot.
1694 2648 1713 2669 1.

861 2690 883 2721 e)
902 2690 1010 2722 apostoli
1028 2690 1083 2722 pri—
1101 2690 1128 2713 in
1147 2697 1199 2714 ras.
1219 2689 1250 2714 R.

262 2689 285 2720 c)
305 2689 340 2714 sz'c
357 2688 390 2713 R.
478 2687 503 2720 d)
522 2697 589 2713 corr.
602 2697 633 2714 ex
651 2690 723 2722 petiit
740 2689 772 2714 R.

1784 2643 1809 2675 b)
1828 2645 1862 2668 sic
1875 2644 1906 2668 Je.

1339 2687 1357 2719 s)
1376 2689 1489 2714 retinetis
1508 2688 1540 2713 B.

367 2764 391 2795 1)
414 2763 487 2797 Quae
504 2772 559 2789 mm
577 2766 688 2790 exstant.
727 2764 768 2797 Cf.
787 2773 813 2792 n.
828 2768 886 2798 207,
904 2772 928 2797 p.
944 2767 991 2791 168
1009 2766 1101 2791 annot.
1116 2769 1136 2791 1.

365 2819 516 2845 Elusa-orn:
534 2819 594 2845 VII.

1668 2818 1701 2843 23
