2189 3042
307 113 371 142 xlv
809 107 1019 135 REGISTRVM
1039 104 1218 134 IOHANNIS
1231 104 1306 131 VIII.
1328 104 1454 132 PAPAE.

301 200 485 241 reyistratore
505 199 607 230 additu
629 208 825 240 nequaquam,
846 202 880 228 ut
900 196 1020 228 Paulus
1040 195 1148 227 Ewald
1167 194 1360 236 opinabatur,
1381 193 1422 225 ad
1440 193 1530 226 illam
1543 193 1704 235 epistolam
1723 193 1879 232 referenda
1898 200 1953 233 est,

302 263 377 293 qum·
407 261 445 282 ex
469 248 713 292 praecedmtiffls
737 248 846 279 ultima
868 248 958 285 diem,
973 257 1031 289 quo
1044 246 1144 279 missa
1163 250 1236 283 erat,
1257 245 1408 277 indictum
1426 255 1532 287 reapse
1553 244 1648 282 habet,
1664 244 1716 276 secl
1729 245 1834 287 potius
1847 246 1956 278 autad

300 302 493 333 indictionem
509 306 563 332 aut
585 300 625 332 cml
641 310 779 336 mensem,
800 309 876 340 quae
895 298 1078 329 sollemniter
1096 297 1132 329 in
1151 297 1281 329 summis
1298 295 1418 337 reqistri
1438 296 1564 338 paqinis
1583 295 1729 328 adnotata
1748 296 1845 335 juisse
1863 297 1956 337 facile

302 353 485 394 putabimus.
517 351 676 383 Graviores
691 350 855 392 praecipue
871 359 983 380 errores
998 348 1151 380 commisit
1166 347 1340 389 reqistrator
1355 347 1392 378 in
1407 358 1443 378 ea
1459 352 1546 389 parte
1567 347 1698 388 reqistri,
1716 358 1795 389 quae
1810 348 1954 390 epistolas

304 415 341 435 ea·
356 404 463 434 itinere
474 402 591 433 Gallico
602 401 754 433 Iohannis
769 400 864 433 VIII.
882 412 911 431 a.
926 400 987 432 878
1002 399 1115 431 missas
1131 399 1273 431 continet.
1302 399 1427 430 Vastam
1442 399 1527 430 enim
1542 404 1569 430 et
1585 398 1797 430 inordinatam
1813 399 1954 442 plagula-

304 466 367 485 rnm
390 454 552 493 conqericm
576 453 705 483 Romam
723 456 905 493 reportatam
922 462 984 482 uno
1000 455 1099 482 tractu
1118 455 1223 492 postea
1241 450 1277 481 in
1293 449 1454 490 reqistrum
1472 450 1637 482 transtulit.

376 514 460 551 Quae
476 523 546 543 cum
564 512 607 542 ita
625 512 697 548 sint,
723 511 752 543 si
768 511 837 552 quis
854 509 942 542 hodie
958 510 994 542 in
1011 509 1195 542 restituendo
1221 509 1327 541 ordine
1350 509 1555 550 chronoloqico
1583 509 1781 551 epistolarum
1805 515 1952 548 versatur,

298 565 364 595 licet
381 574 581 605 quaecumque
597 563 659 593 sint
675 562 716 593 ad
738 573 801 593 rem
817 561 936 593 indicia
959 561 1070 593 idonea
1096 561 1247 599 adhibeat,
1271 566 1419 592 certorum
1436 561 1603 603 unicuique
1619 561 1766 602 epistolae
1783 567 1953 604 temporum

298 614 551 655 asstqmmdorum
572 624 640 654 spes
660 624 730 644 eum
749 612 840 652 fallit.
884 613 926 644 In
946 612 1059 644 edendo
1079 613 1176 654 iqitur
1196 612 1321 654 reyistro
1342 612 1480 644 ordinem
1501 612 1701 654 epistolarum
1721 624 1741 644 a
1762 613 1954 654 reqistratore

298 667 471 697 institutum
483 676 598 697 seo-vare
609 664 750 706 veliqioni
770 664 849 696 milii
867 663 938 702 fuit.
965 664 1108 696 Attamen
1121 669 1250 706 repetere
1261 664 1311 696 hio
1322 664 1408 696 iuvat
1420 675 1524 696 verum
1535 668 1591 695 aut
1602 664 1800 696 verisimilem
1811 669 1888 696 certe
1904 675 1951 696 or-

295 717 396 748 dinem
409 716 646 757 chronoloqicum
658 715 863 757 epistolarum,
877 726 965 757 quem
983 715 1049 747 iam
1067 715 1102 747 in
1120 716 1333 747 commentario
1345 715 1461 747 ‘Neues
1475 715 1597 747 Archiv’
1611 720 1631 746 t.
1646 715 1794 747 XXXVI
1800 727 1832 757 p.
1843 715 1951 758 144sq.

296 769 439 799 instruxi.
466 768 651 799 Praeeedunt
665 768 700 799 in
715 767 849 809 sequenti
864 766 968 798 tabula
983 777 1124 799 numeros
1138 767 1284 799 editionis
1299 772 1420 798 nostrae
1437 767 1532 808 (Ed.)
1552 772 1579 798 et
1593 766 1707 799 codicis
1720 767 1864 799 Vaticani
1879 767 1954 799 olim

297 820 476 851 Oaszssnenszsss
488 819 598 860 (God.)
611 824 699 850 notae
713 823 880 860 temporum
902 823 929 849 et
944 818 1084 856 locorum,
1106 818 1205 860 quoad
1220 823 1358 850 constant
1380 818 1425 850 vel
1439 819 1538 850 conici
1559 824 1696 860 possunt,
1722 819 1858 860 sequitur
1880 818 1953 850 ordo

295 871 525 911 chronologicus,
548 881 635 912 quem
654 870 822 911 Philippus
840 869 936 911 Jaffe',
957 874 985 901 et
1005 870 1090 908 alter,
1112 881 1201 912 quem
1219 870 1341 902 Paulus
1358 870 1467 902 Ewald
1488 870 1523 902 in
1547 870 1741 911 Reqestorum
1767 870 1952 912 pontificum

301 923 505 954 Romanorum
526 922 653 954 editione
672 922 773 963 prima
793 921 906 962 (1851)
927 925 954 952 et
971 921 1103 953 secunda
1121 921 1235 962 (1885)
1258 922 1462 953 instituerunt.

333 1038 360 1056 η.
1275 1028 1327 1055 Ed.
1383 1028 1445 1055 God.
1550 1028 1626 1060 Jaffe
1712 1013 1713 1046 1
1784 1028 1882 1055 Ewazoz

469 1092 535 1124 876
868 1094 1016 1133 (Romae)

359 1147 365 1175 ι
429 1144 554 1185 Sepr.1
1313 1146 1326 1175 1
1426 1146 1438 1174 1
1504 1145 1583 1174 2272
1640 1145 1685 1184 (1)
1749 1145 1831 1175 3043
1886 1146 1930 1183 (1)

351 1199 367 1226 2
429 1196 554 1236 Sept.1
1310 1197 1328 1226 2
1423 1198 1441 1226 2
1504 1197 1583 1226 2273
1640 1197 1685 1235 (2)
1748 1197 1828 1226 3044
1884 1197 1929 1236 (2)

337 1249 380 1288 [3]
1309 1248 1328 1278 5
1422 1248 1441 1278 5
1503 1248 1583 1278 2274
1639 1248 1684 1287 (3)
1747 1248 1827 1278 3045
1884 1249 1929 1287 (3)

350 1300 367 1329 4
427 1298 513 1339 Sept.
536 1300 554 1329 9
1309 1300 1327 1329 6
1422 1300 1440 1329 6
1502 1299 1582 1329 2275
1638 1300 1683 1338 (4)
1747 1299 1827 1330 3046
1883 1299 1928 1338 (4)

349 1352 367 1380 5
426 1349 541 1391 (Sept.)
1308 1351 1325 1381 7
1421 1351 1438 1380 7
1501 1351 1582 1381 2276
1638 1351 1683 1390 (5)
1747 1351 1825 1381 3047
1883 1351 1928 1391 (5)

349 1405 366 1432 6
468 1427 485 1438 .,
1307 1403 1326 1432 8
1420 1403 1439 1433 8
1501 1403 1580 1433 2277
1638 1403 1682 1441 (6)
1747 1403 1827 1433 3048
1883 1403 1928 1441 (6)

349 1455 365 1484 7
425 1452 528 1491 (Okt.)
1308 1455 1325 1484 3
1420 1455 1438 1484 3
1501 1454 1580 1484 2279
1637 1454 1682 1493 (8)
1746 1455 1826 1484 3050
1882 1455 1927 1493 (8)

331 1458 367 1542 16
1307 1506 1326 1536 4
1420 1506 1439 1536 4
1500 1506 1580 1536 2278
1637 1506 1681 1544 (7)
1745 1506 1822 1536 3051
1881 1506 1926 1544 (9)

349 1557 366 1587 9
425 1555 500 1586 Okt.
524 1558 561 1586 28
1288 1557 1325 1587 13
1401 1558 1438 1587 13
1500 1557 1580 1587 2283
1616 1557 1681 1596 (10)
1745 1557 1826 1587 3054
1861 1557 1926 1595 (10)

332 1559 386 1688 10}
466 1632 484 1644 ,‚
1289 1609 1326 1638 14
1401 1609 1439 1639 14
1499 1609 1579 1639 2282
1636 1609 1681 1648 (9)
1745 1609 1825 1639 3055
1861 1609 1926 1647 (11)

332 1661 364 1689 11
426 1658 528 1697 (Okn.)
1307 1660 1325 1690 9
1419 1661 1438 1690 9
1499 1661 1581 1691 2284
1616 1660 1681 1699 (11)
1745 1660 1824 1690 3049
1881 1660 1927 1699 (7)

332 1711 366 1740 12
426 1709 500 1740 Okt.
524 1712 559 1740 31
1289 1712 1323 1741 11
1401 1712 1436 1742 11
1500 1713 1580 1742 2285
1616 1712 1681 1751 (12)
1745 1712 1824 1742 3056
1861 1712 1926 1750 (12)

332 1763 367 1791 13
426 1761 528 1800 (018.)
1288 1764 1324 1793 12
1401 1764 1437 1793 12
1500 1764 1580 1794 2286
1616 1763 1681 1802 (13)
1744 1763 1823 1794 3057
1862 1763 1926 1802 (13)

317 1765 385 1850 114}
1287 1815 1325 1845 15
1401 1814 1437 1845 15
1500 1816 1579 1846 2287
1615 1815 1681 1854 (14)
1745 1814 1824 1845 3058
1861 1815 1927 1853 (14)

313 1864 381 1903 [15]
1288 1867 1325 1896 16
1400 1867 1437 1896 16
1500 1867 1580 1898 2288
1616 1866 1681 1906 (15)
1744 1866 1824 1896 3059
1861 1866 1926 1905 (15)

332 1917 367 1945 16
426 1915 507 1945 Nov.
530 1918 547 1945 2
1288 1918 1325 1948 10
1400 1918 1437 1947 10
1499 1919 1579 1949 2289
1615 1918 1680 1957 (16)
1744 1918 1824 1948 3060
1860 1918 1926 1956 (16)

333 1968 367 1997 17
426 1966 507 1996 Nov.
532 1968 568 1997 14
1286 1969 1325 1999 24
1399 1970 1438 1999 24
1488 1971 1569 2001 2290
1615 1969 1681 2008 (17)
1744 1970 1822 1999 3061
1860 1969 1926 2008 (17)

334 2019 368 2047 18
427 2018 507 2047 Nov.
533 2019 569 2048 15
1286 2021 1324 2050 22
1399 2021 1437 2050 22
1499 2022 1576 2052 2291
1615 2020 1681 2060 (18)
1744 2021 1823 2050 3062
1861 2020 1926 2059 (18)

334 2022 386 2106 19)
427 2068 535 2107 (Nov.)
1286 2073 1325 2102 36
1399 2072 1437 2102 36
1500 2074 1580 2103 2310
1616 2072 1680 2112 (36)
1744 2073 1829 2102 3081.
1861 2072 1926 2110 (36)

332 2121 369 2149 20
427 2120 508 2150 Nov.
534 2122 569 2150 16
1286 2124 1325 2154 25
1399 2124 1437 2154 25
1500 2125 1579 2155 2292
1617 2124 1681 2163 (19)
1744 2124 1824 2154 3063
1861 2123 1926 2162 (19)

332 2172 367 2201 21
427 2171 508 2202 Nov.
533 2173 569 2201 16
1286 2175 1324 2205 27
1398 2175 1436 2205 27
1499 2177 1579 2207 2293
1616 2175 1681 2214 (20)
1743 2175 1825 2205 3064
1860 2175 1926 2214 (20)

332 2223 368 2252 22
428 2222 536 2261 (Nov.)
1287 2227 1325 2257 28
1398 2227 1438 2257 28
1500 2228 1580 2258 2294
1615 2226 1680 2267 (21)
1744 2226 1824 2256 3065
1859 2227 1925 2265 (21)

316 2274 368 2304 723
427 2273 508 2305 Nov.
532 2275 570 2304 24
1287 2279 1323 2308 21
1398 2279 1435 2308 21
1500 2280 1579 2310 2296
1615 2278 1680 2318 (22)
1744 2278 1823 2308 3067
1861 2278 1925 2316 (22)

332 2325 369 2354 24
427 2324 502 2355 Dec.
527 2327 539 2355 1
1288 2330 1324 2359 17
1400 2330 1436 2360 17
1500 2331 1580 2361 2300
1609 2325 1680 2369 ’(26)
1744 2329 1824 2359 3068
1861 2329 1925 2367 (23)

332 2376 370 2405 25
428 2376 502 2406 Dec.
529 2378 539 2405 1
1289 2381 1325 2411 18
1400 2381 1437 2411 18
1500 2382 1580 2412 2299
1616 2380 1680 2420 (25)
1744 2381 1824 2410 3069
1849 2380 1925 2419 ’(24)

333 2426 370 2456 26
426 2427 539 2459 0001
1287 2432 1324 2462 19
1398 2432 1435 2463 19
1499 2433 1577 2464 2297
1614 2432 1680 2472 (23)
1742 2432 1823 2462 3070
1859 2432 1925 2471 (25)

333 2477 370 2508 27
427 2477 540 2510 De0.1
1287 2484 1325 2513 20
1399 2484 1438 2514 20
1499 2485 1579 2515 2298
1615 2482 1680 2523 (24)
1744 2483 1820 2514 3071
1859 2483 1924 2522 (26)

333 2529 370 2558 28
429 2529 530 2567 (000.)
1287 2535 1325 2564 26
1399 2535 1438 2564 26
1500 2536 1577 2566 2301
1616 2534 1681 2573 (27)
1744 2535 1823 2565 3072
1859 2534 1926 2574 (27)

331 2580 369 2609 29
427 2580 501 2611 Dec.
528 2582 563 2611 14
1287 2586 1325 2615 23
1399 2587 1438 2616 23
1500 2588 1579 2617 2302
1615 2585 1681 2627 (28)
1744 2586 1823 2616 3073
1861 2585 1925 2624 (28)

312 2631 370 2718 {30
427 2630 502 2668 Dec.
528 2633 563 2662 18
1287 2637 1326 2666 29
1400 2638 1438 2667 29
1501 2639 1579 2669 2303
1616 2637 1680 2678 (29)
1744 2637 1825 2668 3074
1860 2637 1924 2675 (29)

331 2682 365 2711 31
426 2682 501 2712 Dec.
527 2684 563 2713 19
1287 2688 1326 2718 30
1401 2689 1439 2719 30
1501 2691 1581 2720 2304
1616 2689 1681 2729 (30)
1744 2688 1824 2719 3075
1860 2688 1924 2726 (30)
