2189 3042
110 1239 138 1257 cf.
152 1237 206 1257 210.
218 1238 250 1257 10.

262 130 324 160 302
592 124 818 151 FRAGMENTA
838 123 1006 150 REGISTRI
1029 122 1207 150 IOHANNIS
1225 123 1300 150 VIII.
1320 123 1438 149 PAPAE
1459 123 1579 151 46—48.

263 217 294 244 ct
323 217 430 244 cetera
458 211 650 253 patriarchia
675 213 708 241 et
735 209 972 251 divulgabimus
1001 212 1046 249 et,
1075 219 1172 251 quam
1200 209 1240 240 sit
1266 219 1360 241 sevus
1391 213 1423 241 et
1451 210 1582 251 impius,
1609 209 1846 250 nunciabimus,
1876 213 1911 240 ut

262 264 383 294 scilicet
406 266 479 304 post
503 262 770 303 dampnacionem
797 261 985 292 universalis
1015 261 1172 292 aecclesie
1202 264 1269 292 toto
1299 261 1376 292 orbe
1406 261 1480 292 talis
1507 261 1666 292 habeatur
1693 263 1725 291 et
1753 263 1911 301 teneatur,

263 314 365 356 qualis
389 314 474 355 apud
499 313 668 344 ecclesiam
692 316 833 343 nostram
857 312 995 344 habetur
1018 315 1050 343 et
1072 312 1237 343 retinetur.

1061 474 1111 502 47.

369 508 532 562 Iohannes
549 530 642 561 VIII.
667 540 758 569 papa
787 530 992 570 Anyilheryae
1023 530 1215 570 inmeratriei
1243 531 1388 570 querit-ur
1418 531 1455 562 de
1483 540 1547 561 non
1582 530 1712 569 receptis
1741 540 1762 561 a
1790 529 1912 560 Karolo

262 581 373 622 (Calvo
389 582 470 622 resse)
487 582 592 612 missis
615 581 809 620 apostolecis,-
829 581 958 612 misszcm
975 581 1092 613 Karolc'
1113 592 1145 612 se
1168 581 1274 613 minus
1290 582 1458 621 honorifice
1481 584 1678 620 recepturum
1694 591 1756 612 esse
1772 581 1910 612 nuntiat.

1573 632 1742 672 (su-75
1768 632 1824 674 m.)

367 675 428 701 Con.
442 682 516 700 cans
544 676 569 700 A
588 677 608 707 f.
622 677 670 701 133
688 683 726 708 ep.
740 680 781 701 44.

367 726 435 752 Eds
463 725 563 752 Ewald
582 726 645 753 NA.
672 726 699 759 V,
714 730 761 753 312
779 734 806 753 n.
822 731 862 752 44.
883 742 915 745 —
934 726 1123 758 Jaffe-Ezcalrl
1142 726 1205 760 Rey.
1220 730 1298 753 3006.

836 812 1109 846 ANGELBERG[AE]
1133 812 1345 846 AUG[USTAE].

371 866 417 905 (1)
442 863 636 907 [P]r0fecto²
660 874 722 895 non
745 865 871 905 ignorat
894 868 1000 896 vestra
1023 864 1186 905 sollercia,
1209 864 1380 896 karissima
1403 864 1482 903 filia,
1508 864 1645 906 qualiter
1673 875 1730 895 nos
1759 864 1913 896 domnusb

263 916 345 946 filius
368 920 476 947 noster
499 926 626 956 semper
650 919 804 957 augustus
826 916 1050 947 invictissimus
1073 917 1270 957 imperatorl
1294 916 1439 947 hortatus
1463 916 1518 956 sit,
1549 919 1585 947 ut
1608 927 1705 957 super
1728 919 1914 958 contemptu

263 967 349 998 beati
378 967 467 999 Petri
497 967 715 1008 apostolorum
743 967 895 1009 principis
922 968 954 998 in
981 978 1043 998 non
1072 968 1227 1008 receptis,
1256 967 1313 999 sed
1343 968 1563 1009 circumseptis
1591 978 1610 999 a
1639 967 1782 999 Karolo²
1810 967 1915 998 missis

263 1019 361 1060 ipsius
385 1022 523 1050 tractatu
544 1019 655 1050 habito
679 1019 820 1050 invenire
845 1019 1061 1059 studeremus,
1093 1019 1168 1060 quid
1193 1022 1342 1060 oporteat
1366 1019 1450 1060 fieri,
1480 1029 1521 1051 ne
1550 1019 1673 1050 scilicet
1696 1029 1813 1050 novum
1838 1018 1914 1060 quid

265 1071 385 1111 exiliat,
411 1070 495 1111 quod
519 1081 636 1101 novum
659 1071 784 1111 tyranni
808 1080 910 1112 genus
934 1071 1119 1112 excogitare
1142 1081 1205 1102 non
1229 1071 1343 1101 timuit.

374 1124 417 1161 (2)
446 1122 555 1153 Item.
603 1121 803 1163 Quicumque
835 1123 959 1153 venerit
993 1123 1108 1153 missus
1143 1133 1161 1154 a
1189 1122 1327 1163 Karolo,
1351 1127 1435 1153 cnec
1470 1122 1607 1154 ecclesia
1643 1123 1820 1163 aperiatur,
1854 1131 1914 1153 nec

265 1174 446 1204 communio
470 1173 651 1214 prebeatur,
676 1183 734 1204 nec
759 1173 901 1204 osculum
925 1175 1121 1215 porrigatur,
1151 1184 1211 1205 nec
1234 1173 1365 1214 aliquod
1389 1173 1491 1205 sedile
1514 1174 1605 1204 iuxta
1627 1184 1750 1204 morem
1774 1176 1914 1214 paretur,

266 1224 323 1255 sed
350 1234 408 1256 nec
431 1225 501 1256 Ave
530 1225 576 1255 illi
605 1225 779 1256 secundum
806 1225 983 1266 apostolica
1011 1228 1166 1266 precepta
1196 1225 1328 1256 dicatur.
1374 1224 1563 1266 Recipiatur
1589 1228 1698 1256 tamen
1727 1235 1745 1256 a
1768 1224 1861 1256 nobis
1884 1228 1916 1256 et

265 1276 412 1307 audiatur
436 1280 478 1317 et,
502 1277 526 1306 si
551 1276 719 1318 epistolam
736 1276 859 1316 detulit,
883 1276 1080 1316 admittatur,
1104 1277 1162 1308 sed
1186 1279 1219 1308 et
1237 1277 1390 1317 scriptum
1413 1276 1459 1307 illi
1479 1276 1601 1307 monita
1622 1280 1655 1308 et
1673 1277 1916 1318 increpaciones

266 1327 449 1358 continensd
467 1327 633 1359 tribuatur
671 1328 744 1359 Duo
768 1328 855 1359 missi
871 1329 969 1359 vestri
991 1329 1094 1370 primo
1119 1328 1249 1369 quidem
1272 1338 1329 1359 nos
1352 1328 1404 1359 hic
1429 1327 1470 1359 ob
1487 1329 1701 1360 reverentiam
1722 1328 1809 1359 beati
1825 1328 1915 1359 Petri

265 1379 437 1410 honorifice
462 1380 635 1411 secundum
658 1390 781 1411 morem
805 1381 943 1421 priscum
968 1381 1129 1421 excipiant
1154 1383 1186 1411 et
1210 1380 1326 1411 deinde
1343 1380 1509 1411 nobiscum
1532 1381 1564 1410 in
1584 1382 1710 1411 remota
1725 1380 1915 1410 comitantes

265 1432 326 1462 iter
346 1431 509 1462 nostrum³
526 1431 713 1472 expeditum
738 1435 770 1463 et
793 1441 967 1472 congruum
991 1432 1129 1463 reddant
1152 1435 1184 1463 et
1206 1442 1378 1473 pravorum
1401 1431 1523 1463 insidiis
1546 1432 1687 1462 immune
1712 1431 1915 1462 constituant.

1066 1596 1116 1626 43.

375 1652 533 1684 Iohannes
555 1653 652 1684 VIII.
670 1664 761 1692 papa
784 1653 942 1685 Lndove'co
966 1664 1070 1685 ramos
1086 1653 1271 1693 palmarum
1293 1653 1464 1685 secundum
1488 1663 1600 1684 morem
1624 1653 1729 1685 mittit.

1574 1701 1651 1740 (875
1674 1699 1749 1732 Feb.
1766 1700 1829 1740 ex.)

374 1742 435 1768 Con.
449 1750 521 1769 econ:
548 1743 573 1768 A
591 1745 612 1776 f.
627 1745 686 1769 133¹
705 1750 740 1776 cp.
755 1747 797 1769 45.

370 1792 436 1819 Est:
465 1793 563 1819 Ewald
581 1793 643 1820 NA.
671 1794 697 1826 V,
719 1796 768 1820 312
788 1801 812 1819 n.
827 1798 864 1820 45.
885 1808 916 1812 —
936 1793 1129 1825 Jaffei-Ewald
1149 1794 1213 1827 Rey.
1227 1796 1301 1820 3007.

994 1880 1194 1905 LUDOVICO4.

369 1931 489 1962 Vobis2
506 1942 563 1972 per
579 1931 682 1962 huncb
700 1931 1012 1972 quadragesimalem
1029 1942 1153 1962 cursum
1172 1931 1263 1972 quasi
1278 1941 1336 1971 per
1354 1930 1513 1971 quendam
1531 1931 1610 1962 recti
1627 1931 1762 1962 tramitis
1779 1941 1917 1971 agonem

268 1982 411 2024 paschali
434 1983 499 2013 iam
522 1985 722 2014 sacrosancte
750 1982 1000 2023 sollempnitati⁵
1024 1982 1278 2023 proximantibus
1302 1982 1476 2014 secundum
1500 1992 1623 2013 morem
1654 1983 1821 2023 pristinum
1846 1992 1917 2013 cum

268 2034 472 2064 salutacionis
507 2037 539 2065 et
573 2034 766 2065 visitacionis
800 2033 912 2065 officiis
946 2034 1125 2075 palmarum
1160 2044 1266 2065 ramos
1294 2044 1351 2075 per
1378 2033 1590 2064 ministerium
1618 2036 1761 2064 nostrum
1793 2044 1811 2064 a
1839 2033 1916 2065 sede

268 2085 485 2126 apostolorum
502 2086 679 2126 principum
696 2089 800 2116 vestre
824 2086 1009 2126 triumphali
1033 2086 1166 2116 dextere
1191 2085 1367 2116 destinatos
1391 2085 1553 2125 suscipere
1574 2084 1695 2125 libenti,
1713 2090 1915 2126 quesumusc,

268 2140 375 2168 mente
401 2136 589 2178 dignemini,
619 2139 654 2167 ut
677 2137 789 2167 victrix
818 2147 930 2167 manus
953 2140 1060 2168 vestra
1081 2137 1251 2168 nitentium
1275 2136 1426 2178 quoqued
1455 2136 1636 2177 palmarum
1664 2136 1773 2177 pulcro
1798 2136 1916 2168 decore

270 2187 412 2219 ornanda
439 2188 605 2228 consistat,
631 2189 790 2229 quatinus,
816 2199 877 2229 que
906 2189 1115 2220 certaminum
1139 2188 1275 2229 trophea
1302 2187 1434 2218 interius
1462 2187 1502 2218 ab
1533 2187 1743 2219 invisibilibus
1772 2188 1916 2219 hostibus

269 2240 493 2280 sumpse1·itis‘³,
518 2249 576 2280 per
598 2239 780 2270 huiusmodi
803 2239 917 2271 florida
939 2241 1090 2271 virtutum
1114 2240 1290 2271 forinsecus
1313 2239 1489 2280 prodantur
1513 2239 1658 2280 insignia.

373 2405 414 2431 47.
443 2407 465 2438 ὃ)
485 2406 570 2431 littera
589 2407 696 2431 initialis
715 2407 782 2431 deest
800 2406 832 2431 A.
920 2406 945 2438 b)
964 2408 1064 2432 donnus
1083 2407 1114 2431 A.
1204 2407 1226 2438 c)
1246 2407 1269 2432 ei
1288 2407 1371 2438 suppl.
1384 2406 1487 2431 Ewald.
1576 2404 1600 2436 d)
1620 2406 1658 2430 illi
1676 2406 1767 2437 repetit
1784 2405 1816 2430 A.

285 2495 293 2526 )
373 2456 414 2482 48.
441 2457 465 2489 ³)
485 2458 570 2483 littera
593 2458 699 2483 initialis
720 2458 782 2483 add.
802 2458 828 2483 z'n
851 2466 932 2490 mary.
953 2459 987 2483 al.
1006 2467 1075 2483 man.
1095 2459 1127 2482 A.
1237 2457 1261 2490 b)
1285 2458 1362 2482 huius
1382 2458 1414 2483 A.
1520 2457 1543 2489 ⁰)
1567 2458 1595 2489 ᾧ
1614 2457 1646 2482 Α.
1753 2455 1777 2488 d)
1797 2457 1864 2489 {ciue
1883 2457 1915 2482 A.

271 2500 282 2513 Θ
312 2497 445 2528 supseritis
464 2496 496 2521 A.

374 2559 399 2590 1)
418 2558 573 2585 Lmlovicus
592 2559 631 2585 II.
651 2560 751 2585 coniux
772 2560 835 2585 eins.
929 2560 954 2591 2)
976 2559 1068 2592 Calvo,
1093 2563 1123 2585 nt
1143 2560 1246 2586 videtur
1268 2561 1314 2593 (cf.
1334 2559 1506 2586 Miilzlbaclzer
1525 2559 1601 2592 130st
1620 2561 1684 2585 1588
1697 2558 1838 2592 [1546]a),
1861 2566 1917 2584 non

271 2600 375 2627 Karolo
394 2601 448 2627 III.
468 2602 523 2632 filio
543 2601 673 2628 Ludociei
696 2602 862 2634 Germanici,
887 2605 916 2627 ut
938 2602 1034 2628 habent
1057 2602 1155 2628 Ewald
1177 2602 1243 2635 (JE.
1262 2603 1340 2635 3006)
1365 2605 1388 2629 et
1411 2602 1527 2635 Lapdtre
1549 2602 1565 2628 l.
1579 2602 1595 2628 l.
1615 2601 1642 2634 Ι,
1661 2604 1713 2627 230
1734 2603 1828 2627 annot.
1840 2605 1864 2626 4.
1884 2615 1916 2618 —

272 2643 349 2669 Aliae
374 2645 479 2670 notitiae
504 2644 535 2670 de
557 2644 606 2670 hac
625 2645 751 2678 legatione
773 2645 881 2671 omnino
899 2644 1002 2671 desunt.
1090 2645 1116 2676 3)
1136 2645 1178 2671 De
1195 2645 1244 2671 hoc
1266 2646 1362 2672 itinere
1384 2645 1503 2671 similiter
1521 2645 1590 2670 aliae
1613 2644 1727 2670 notitiae
1746 2643 1854 2675 desunt,
1880 2645 1914 2676 cf.

1933 874 1957 893 10

1933 1132 1957 1151 15

1934 1389 1960 1408 20

1935 2091 1960 2110 30

1935 2462 1959 2482 35

272 2694 297 2712 n.
311 2690 358 2718 49,
380 2695 407 2719 p.
422 2690 471 2713 303
494 2690 587 2713 cnmot.
601 2692 621 2713 1.
718 2688 745 2719 4)
764 2687 804 2713 ΙΙ.
825 2687 981 2720 imperatori,
1000 2690 1031 2713 ut
1049 2688 1149 2714 ridetur
1168 2689 1212 2721 (cf.
1230 2697 1314 2722 supra
1332 2697 1359 2714 n.
1374 2691 1417 2721 32,
1431 2691 1500 2721 11.31
1520 2690 1543 2714 et
1562 2695 1588 2714 n.
1600 2690 1642 2720 33,
1657 2687 1766 2720 p.292)‚
1788 2694 1843 2712 non
1860 2686 1916 2719 reyi
1934 2693 1960 2712 40

275 2729 439 2762 Germanico,
459 2732 488 2755 nt
506 2729 580 2756 habet
600 2730 698 2756 Ezealrl
715 2731 745 2756 'in
763 2730 824 2756 NA.
847 2730 877 2763 V,
895 2733 943 2756 312
962 2733 1052 2757 annot.
1065 2734 1087 2758 3.
1177 2732 1203 2765 5)
1223 2732 1257 2758 D.
1277 2735 1315 2758 27.
1328 2731 1436 2758 Martii.
