2189 3042
535 195 763 223 FRAGMENTA
781 195 948 222 REGISTRI
967 196 1150 223 STEPHANI
1168 197 1200 225 V.
1220 196 1339 223 PAPAE
1357 196 1476 223 29—32.
1774 200 1830 230 351

184 282 314 313 obviare
339 282 467 323 debere,
496 283 522 314 si
549 283 594 314 ita
618 286 675 323 est,
706 283 837 314 minime
865 283 1096 324 repperimus⁸,
1127 284 1315 316 monentesb
1338 284 1527 325 religionem
1558 288 1657 325 tuam,
1688 288 1723 316 ut
1752 285 1836 316 circa

183 333 272 364 illum
295 334 340 365 ita
362 337 507 375 peragat,
526 334 693 375 quatinus⁰
717 337 749 365 et
771 334 976 366 mercedemd
992 346 1050 376 pro
1068 345 1106 366 eo
1123 335 1294 377 magnamd
1317 336 1457 368 incurrat
1481 340 1513 368 et
1529 336 1723 368 desiderium
1747 337 1837 368 istius

185 386 357 416 eanonica⁰
382 386 411 416 ei
435 386 645 417 auctoritatee
669 385 719 416 inf
741 385 830 417 aliis‘
851 396 914 417 non
938 386 1112 418 obviantes
1134 386 1205 418 Deo
1230 387 1400 419 adiuvante
1424 388 1577 429 perficiat.

986 558 1034 588 30.

290 615 469 658 Stephanus
500 616 531 647 V.
558 626 647 657 papa
679 614 847 646 Theodosio
878 616 1019 657 episcopo
1049 616 1219 658 (Noueusi)
1248 617 1388 658 pallium
1417 619 1562 649 restituta
1590 619 1634 649 ad
1662 619 1837 659 pristinum

143 675 153 693 ⁵
183 669 299 699 statum
322 667 448 698 eeclesia
472 667 663 699 Salm'zitana
682 667 848 707 promittit.
1649 669 1750 711 (888.)

288 735 349 762 Call.
364 743 439 762 cam:
457 735 484 760 A
503 735 523 769 f.
538 736 599 761 158‘
618 742 645 761 rt.
659 738 700 760 29.

285 786 374 813 Edu„-
399 786 498 812 Ewald
522 787 552 812 in
571 785 633 812 NA.
650 786 680 817 V,
694 789 747 812 407
765 794 792 812 u.
805 789 846 812 29.
874 801 904 805 -—
930 785 1058 812 Mihlosic'
1081 789 1105 812 et
1124 785 1214 813 Rac‘ki
1238 787 1269 812 iu
1287 787 1417 814 ‘Stariue’
1441 787 1508 814 XII
1522 789 1619 821 (1880),
1632 792 1681 814 219
1705 792 1783 815 n.1.3.
1805 804 1837 809 -

182 829 258 863 Res).-
272 830 344 861 Jaffe
361 833 435 856 3448.

820 882 990 907 TEODOSIO
1009 883 1199 908 EPISCOPO¹.

130 946 155 964 ιο
292 934 336 974 (1)
362 932 568 964 salonitanaa
592 932 739 973 ecclesia,
764 944 861 974 quam
883 933 954 964 Deo
978 933 1153 964 auxiliante
1176 935 1356 965 restitutam
1380 936 1506 975 asseris,
1529 938 1566 966 ut
1586 935 1648 966 adb
1669 937 1836 976 pristinum

182 985 317 1027 gradum
340 984 462 1024 redeat,
486 984 646 1015 inhianter
663 985 809 1025 cupimus
827 987 859 1015 et
875 995 986 1016 omnes
1003 985 1159 1016 ecclesiae
1168 989 1189 1025 ⁰,
1214 995 1297 1027 quae
1314 985 1524 1017 barbarorum
1547 987 1636 1018 rabie
1655 987 1835 1019 destructae

183 1040 263 1076 sunt,
288 1036 423 1067 assiduis
440 1035 588 1076 precibus
604 1039 638 1066 ut
654 1038 874 1067 restaurentur
897 1035 1116 1077 imploramus,
1140 1037 1186 1067 ita
1209 1039 1318 1067 tamen
1341 1040 1377 1068 ut
1397 1038 1429 1068 in
1454 1047 1608 1069 novarum
1626 1039 1834 1070 eeclesiarum

182 1088 413 1119 restauratione
437 1087 603 1128 neglectus
618 1098 681 1118 non
698 1088 865 1128 proveniat
888 1088 1100 1129 antiquarum.
1134 1088 1273 1119 Pallium
1297 1091 1329 1119 et
1353 1089 1421 1119 eius
1437 1089 1559 1129 usumd‚
1585 1099 1681 1131 quem
1704 1092 1836 1132 rogitas,

183 1149 255 1172 cum
270 1138 334 1170 Dei
356 1138 575 1170 misericordia
599 1142 795 1180 cooperante
819 1140 888 1181 ipse
912 1139 953 1170 ad
976 1140 1195 1181 apostolorum
1219 1140 1329 1171 limina
1345 1142 1480 1181 veneris,
1505 1142 1679 1172 consultius
1696 1142 1836 1183 dabitur,

131 1203 155 1221 ιε
182 1194 218 1222 ut
240 1190 428 1232 multiplicie
453 1190 678 1222 benedictione
702 1191 917 1232 locupletatus
940 1191 1056 1222 laetior
1080 1191 1122 1222 ad
1145 1193 1273 1233 propria
1296 1192 1421 1233 redeas,
1453 1193 1528 1234 quia
1550 1194 1650 1234 ipsius
1672 1204 1748 1224 usus
1771 1204 1834 1225 non

183 1242 224 1274 ad
247 1241 403 1284 pompaef
425 1241 554 1282 fastus&
579 1241 636 1273 sed
660 1242 702 1273 ad
726 1243 891 1284 religionis
914 1243 1030 1274 attinet
1052 1244 1249 1284 mysterium.

290 1293 335 1334 (2)
359 1293 477 1324 ITEM.
510 1293 680 1329 Quomodo
697 1293 737 1325 ab
756 1293 815 1325 eo2
830 1294 1090 1326 benedictionem
1107 1305 1250 1336 caperes,
1268 1296 1322 1336 qui
1346 1299 1435 1327 caret
1450 1295 1712 1327 benedictione³?
1744 1296 1832 1332 Quo-

183 1345 279 1377 modo
304 1346 396 1377 alteri
419 1344 530 1376 tribuit
553 1345 634 1386 quis,
659 1355 721 1386 quo
747 1345 807 1376 sibi
831 1355 941 1377 carere
966 1346 1159 1378 dinoscitur?

985 1518 1034 1548 31.

293 1576 471 1617 Stephanus
494 1577 528 1609 V.
547 1587 637 1618 papa
662 1577 807 1608 Romano
835 1576 1063 1618 archiepiscopo
1087 1576 1293 1619 (Ravennati)
1324 1577 1433 1609 scribit
1461 1587 1663 1610 successorem
1685 1579 1836 1611 Imoleusi

131 1639 157 1658 πο
184 1629 324 1669 episcopo
347 1629 523 1669 aegrotanti·
545 1629 672 1660 minime
694 1628 866 1669 eluendum
888 1638 961 1660 csse.
1646 1631 1749 1672 (888.)

288 1696 350 1723 0022.
364 1704 438 1723 carr:
459 1697 482 1723 A
501 1698 522 1730 f.
536 1699 596 1723 158‘
615 1704 642 1723 ru..
655 1699 697 1722 30.

286 1739 353 1766 Ed..·
370 1739 469 1766 Ewald
486 1740 517 1766 iu
535 1739 598 1766 NA.
616 1739 644 1771 V,
658 1742 710 1766 407
724 1747 752 1765 rt.
766 1742 806 1766 30.
826 1755 858 1759 —
879 1739 974 1773 Re99.:
993 1739 1070 1771 Jaffe
1087 1742 1160 1766 3449.
1199 1739 1274 1766 Kehr
1292 1738 1378 1766 Italia
1392 1741 1536 1774 pontificia
1554 1742 1581 1774 V,
1596 1745 1643 1768 163
1661 1750 1688 1769 ro.
1702 1745 1726 1769 3.

767 1827 911 1852 ROMANO
917 1830 931 1844 θ’
953 1826 1221 1851 ARCHIEPISCOPO
1229 1826 1247 1852 ⁴.

290 1878 376 1910 Nosb
400 1889 476 1910 vero
501 1879 532 1910 ei
554 1879 740 1910 Immolensi
763 1878 914 1920 episeopo
939 1877 1068 1909 succedi
1098 1887 1136 1908 eo
1160 1878 1288 1909 vivente
1319 1888 1383 1910 non
1413 1879 1658 1920 praecipiemu8‚
1684 1880 1758 1921 quia
1787 1879 1834 1910 in-

132 1940 155 1959 22
183 1932 300 1962 iustum
324 1933 382 1970 est,
405 1933 441 1961 ut
465 1931 644 1972 episcopus,
675 1931 700 1961 si
725 1931 754 1961 ei
781 1930 930 1961 molestia
960 1929 1101 1970 corporis
1129 1930 1231 1969 irruit,
1263 1929 1385 1961 honore
1415 1941 1472 1961 suo
1501 1931 1644 1972 privetur
1672 1933 1833 1972 aegrotus.

183 1981 327 2023 Ideoque
343 1992 401 2022 per
416 1993 473 2013 nos
496 1982 565 2013 fieri
587 1982 769 2013 nullatenus
786 1984 903 2023 potest,
924 1992 964 2012 ne
981 1983 1150 2022 peecatum
1165 1981 1258 2013 nobis
1274 1992 1315 2013 ex
1333 1982 1401 2013 eius
1417 1981 1639 2023 depositione0
1655 1982 1833 2024 proveniat.

988 2154 1036 2184 32.

291 2212 470 2255 Stephanus
493 2212 526 2245 V.
549 2222 635 2254 papa
657 2211 800 2244 Romano
828 2212 1055 2253 archiepiscopo
1078 2212 1260 2244 Ravennati
1280 2213 1444 2256 praecipit
1471 2213 1506 2245 de
1535 2213 1673 2254 cliyeudo
1695 2215 1834 2254 episcopo

184 2265 343 2297 Imolensi.
1646 2266 1747 2307 (888.)

288 2324 351 2350 Con.
363 2331 438 2350 can„-
456 2323 482 2349 A
495 2324 516 2355 f.
528 2323 592 2349 188¹
605 2322 705 2356 (Varia
718 2323 755 2348 ΙΙ
767 2331 795 2349 ri.
805 2326 846 2355 50,
860 2322 1002 2355 efiEwald
1012 2323 1044 2349 iu
1058 2323 1121 2351 NA.
1133 2323 1163 2356 V,
1175 2325 1244 2357 587).
1260 2338 1290 2343 -
1304 2324 1331 2351 Β
1344 2323 1368 2358 I,
1380 2328 1431 2351 244
1447 2325 1519 2359 (196)
1532 2325 1581 2359 (ed.
1593 2325 1634 2351 W.
1647 2333 1698 2351 von
1714 2325 1835 2352 Glanven

133 2377 157 2396 ³0
180 2376 208 2402 p.
222 2372 286 2397 141‚·
304 2365 473 2393 Martinucci
487 2374 516 2399 p.
532 2366 596 2399 131).
616 2380 647 2384 —
668 2365 690 2391 C'
703 2364 749 2397 VI,
764 2368 799 2393 30
817 2366 867 2400 (ed.
881 2366 988 2393 Thaner
1003 2375 1030 2400 p.
1044 2367 1114 2400 283).
1133 2382 1164 2386 -
1186 2366 1211 2394 G
1229 2376 1249 2395 c.
1263 2371 1293 2394 12
1311 2368 1348 2394 D.
1361 2371 1393 2395 63
1413 2368 1462 2402 (ed.
1476 2368 1622 2403 Friedberq
1639 2367 1662 2402 I,
1676 2370 1749 2402 238).

287 2489 311 2520 2·)
330 2489 471 2522 reperimus
489 2488 524 2520 D,
537 2488 585 2514 ΒΧ,
656 2488 681 2521 b)
700 2493 831 2514 moventes
849 2488 901 2515 ΒΧ.
965 2489 987 2521 ο)
1007 2495 1135 2522 quatenus
1153 2490 1187 2522 D,
1201 2489 1259 2515 D1.
1325 2489 1350 2522 d)
1368 2499 1413 2524 pro
1432 2499 1461 2516 eo
1480 2499 1601 2524 magnam
1619 2492 1759 2516 mercedem
1781 2491 1832 2516 D1.

184 2533 207 2565 θ)
226 2533 363 2558 canonicae
381 2533 404 2557 ei
422 2532 589 2557 institutionis
607 2533 759 2557 auctoritate
778 2531 834 2562 D¹,·
852 2534 976 2558 canonica
995 2535 1146 2559 auctoritate
1163 2533 1196 2559 Ε.
1267 2532 1286 2565 ¹)
1305 2542 1354 2559 om.
1368 2533 1420 2559 D1.
1491 2534 1516 2566 8)
1535 2534 1640 2559 obviant
1660 2534 1709 2558 D1.

289 2583 330 2610 30.
358 2583 381 2615 θ’)
400 2584 499 2609 Littera
517 2583 624 2608 initialis
643 2583 710 2608 deest
723 2583 756 2608 A.
817 2582 841 2614 b)
861 2592 908 2609 om.
921 2585 952 2610 A.
1024 2583 1046 2616 e)
1065 2583 1131 2610 eccii
1144 2584 1177 2611 A.
1249 2584 1273 2616 d)
1292 2593 1355 2610 usus
1373 2593 1420 2611 em.
1430 2585 1532 2611 Ewald.
1604 2584 1626 2616 θ)
1645 2583 1782 2617 multipiici
1796 2584 1828 2610 A.

184 2627 203 2660 s)
223 2636 306 2661 ponpe
320 2627 353 2653 A.
425 2626 450 2658 8)
468 2627 552 2652 sactus
565 2625 599 2657 A,
616 2634 682 2651 corr.
695 2625 798 2651 Ewald.

132 2684 157 2704 35
289 2677 330 2704 31.
357 2678 381 2710 a)
400 2677 462 2703 Roi'h
476 2677 510 2705 A.
580 2677 605 2709 b)
626 2677 725 2702 Littera
742 2678 849 2703 initialis
867 2678 933 2704 deest
953 2679 986 2705 A.
1057 2678 1079 2710 ⁰)
1098 2680 1263 2712 dispositione
1283 2680 1314 2704 A.

290 2764 315 2797 1)
334 2763 471 2795 Nouensi5
493 2762 528 2795 cf.
548 2771 578 2796 p.
595 2764 647 2789 338
671 2771 698 2789 ri.
717 2766 746 2795 9;
769 2770 796 2796 p.
815 2765 863 2789 346
888 2770 915 2789 η.
936 2766 976 2790 24.
1099 2763 1125 2796 2)
1144 2763 1203 2791 Scil.
1217 2763 1385 2797 Aquileiensi
1406 2763 1577 2797 patriarcha,
1603 2762 1637 2794 cf.
1653 2771 1682 2795 p.
1695 2764 1748 2788 338
1765 2770 1792 2788 n.
1808 2766 1830 2789 9.

185 2807 211 2841 3)
231 2807 272 2840 Cf.
285 2807 360 2841 epist.
374 2806 526 2833 quocentii
539 2807 563 2833 Ι.
577 2805 642 2839 Rey.
652 2805 725 2837 Jaffc
737 2807 794 2839 303,
813 2804 851 2832 ed.
862 2805 956 2839 Miyue
968 2805 1045 2833 Patr.
1057 2806 1100 2833 lat.
1113 2805 1242 2839 LXVII,
1253 2809 1312 2833 269.
1383 2806 1411 2840 4)
1427 2805 1591 2838 Ravennati,
1603 2808 1637 2839 cf.
1647 2813 1675 2838 p.
1689 2808 1738 2831 342
1755 2813 1782 2832 η.
1794 2809 1831 2833 17.
