2189 3042
662 94 840 121 IOHANNIS
860 94 934 120 VIII.
955 94 1072 120 PAPAE
1095 94 1293 121 EPISTOLAE
1316 95 1357 122 22.
1375 95 1417 121 23.
1824 98 1861 127 21

216 182 344 223 potest',
368 182 479 223 inquit,
504 180 626 212 ‘manus
644 184 697 212 tua
714 181 831 221 facere,
856 182 1013 212 instanter
1031 182 1178 222 operare³
1201 185 1233 213 et
1251 185 1368 213 cetera.
1408 181 1545 212 Nescitis
1562 192 1710 224 namque,
1735 186 1770 212 ut
1793 192 1865 213 cum

216 234 310 264 venia
333 237 439 264 vestra
463 233 581 273 dicam,
605 232 714 274 ‘quida
737 236 969 273 superventura
993 234 1097 274 pariat
1121 233 1209 264 dies³.
1255 234 1306 265 Ita
1330 244 1421 275 ergo,
1447 234 1490 264 fili
1515 233 1798 274 Christianissime,
1825 233 1864 264 de
1880 241 2018 267 1‘rov.27‚1.

217 285 277 316 hac
301 285 437 316 ecclesia
460 295 581 315 necnon
607 287 640 315 et
667 285 770 325 patria
792 285 946 315 velociter
970 288 1003 316 et
1025 285 1199 326 prudenter
1223 286 1406 327 excogitate
1436 288 1467 316 et
1496 285 1655 325 ordinate,
1684 288 1719 316 ut
1749 285 1863 316 saltem

216 336 284 377 ipse
309 337 499 377 paucissime
523 336 657 376 reliquie
681 336 768 366 salve
793 337 864 376 sint,
889 346 949 376 que
974 340 1196 366 remanserunt
1220 347 1345 377 queque
1363 337 1480 367 cotidie
1497 338 1683 367 catervatim
1701 336 1808 377 gladio
1834 339 1866 366 et

185 403 196 421 ε,
217 388 318 429 preda
343 389 536 429 dispereunt.
577 388 742 418 Occurrite
767 390 905 427 strenue,
930 387 1095 419 subvenite
1120 388 1269 419 celeriter
1293 391 1325 418 et
1340 399 1436 418 mauu
1454 388 1679 418 consolationis
1695 391 1799 419 vestre
1824 387 1864 418 ab

218 441 317 471 oculis
346 441 460 470 nostris
489 439 619 470 tandem
651 438 847 479 abstergiteb
878 439 1035 478 lacrimas,
1068 440 1216 480 quatinus
1247 451 1342 480 super
1373 440 1436 470 illis
1468 443 1500 470 et
1530 440 1766 480 presentialiter
1793 439 1864 469 Deo

217 492 355 532 propitio
373 491 543 532 gaudeatis
566 494 598 521 et
622 491 652 520 in
669 490 793 520 futuroc
818 491 1031 531 frequentiae
1048 491 1201 522 laudabili
1220 492 1332 522 relicta
1351 492 1437 522 fama
1456 491 1626 531 superstite
1650 502 1721 522 cum
1739 490 1864 521 Christo

217 542 389 584 perpetesd
412 544 444 573 in
467 542 638 574 celestibus
662 542 824 582 inperetis.

320 604 415 627 DATA
437 604 518 627 XVII.
538 603 721 627 KALENDAS
745 603 949 633 DECEMBRIS,
974 603 1174 627 INDICTIONE
1198 603 1229 627 X.

1017 740 1066 769 23.

177 809 200 828 ιο
326 799 484 830 Iohannes
510 798 602 829 VIII.
623 808 712 837 papa
735 798 938 829 Lambertum
961 799 1099 829 comitem
1124 798 1348 837 (mm-oleionem
1373 798 1582 837 Spoletinum)
1604 799 1642 829 ab
1665 798 1869 839 ‘infestatione

217 851 378 882 hominum
401 861 425 881 s.
439 850 529 881 Petri
552 853 581 881 et
603 850 763 881 hommum
782 850 941 881 Guidonis
958 850 1021 889 (II.
1038 850 1154 888 fratris
1177 850 1259 890 ems)
1277 850 1469 887 dehortatur,
1494 850 1604 879 missos
1626 860 1698 880 suos
1714 850 1867 880 Aoiomm-

218 903 293 934 (lum
316 905 344 933 et
367 902 563 941 W'alpertemz
588 901 824 942 (Porlzcenscm)
847 903 1003 941 episcopos
1026 901 1226 933 commendat.
1548 902 1612 931 376
1635 900 1712 932 Dec.
1732 902 1781 932 14.

333 961 406 988 Cod.:
436 961 462 988 R
481 963 554 995 f.10‘
573 970 600 988 φῖ.
614 965 654 987 23.

323 1013 406 1039 Ε(Ῐᾱ.;
435 1013 529 1039 Editio
545 1013 671 1039 Romana
690 1014 777 1046 (1591)
796 1013 856 1045 III,
876 1016 923 1039 305
941 1021 967 1039 η.
982 1017 1021 1038 22.
1058 1012 1155 1038 Mami
1175 1012 1254 1037 Cone.
1268 1012 1326 1038 coll.
1341 1011 1439 1044 XVII,
1459 1015 1493 1037 20
1510 1020 1537 1038 n.
1551 1015 1589 1038 22.
1625 1011 1717 1045 Μῄιμτε
1737 1011 1811 1037 Patr.
1825 1012 1869 1038 lat.

176 1064 199 1082 15
224 1056 359 1089 CXXVI,
381 1061 428 1082 707
444 1065 471 1083 n.
485 1061 523 1083 54.
543 1072 575 1075 -—
595 1056 668 1088 Jaffae}
687 1056 752 1089 Rey.
766 1059 831 1082 3073
850 1056 948 1089 (2302).
985 1056 1062 1082 Kehr
1082 1056 1163 1081 Italia
1178 1055 1318 1088 pontificia
1339 1055 1387 1080 IV
1410 1059 1432 1081 2.

634 1142 818 1176 (IOHANNEs
841 1141 1057 1174 EPISCOPUS)*
1077 1143 1282 1167 LAMBERTOa
1301 1142 1463 1167 (¹0MlT1a1.

327 1195 400 1226 Abb
424 1195 515 1233 olim,
544 1195 569 1224 si
593 1194 786 1234 recordaris,
810 1193 945 1224 salutem
971 1197 1058 1224 tuam
1082 1196 1179 1234 atque
1203 1194 1383 1234 profectum
1407 1192 1629 1223 desiderantes
1657 1195 1689 1222 et
1713 1192 1817 1222 anima
1841 1195 1872 1222 te

220 1247 338 1278 salvari
361 1250 393 1277 et
417 1246 579 1287 corporeis
602 1245 776 1276 honoribus
800 1245 955 1276 cumulari
979 1245 1191 1286 quesivimusc
1213 1248 1245 1275 et
1269 1245 1463 1285 optavimus3
1489 1247 1521 1275 et
1548 1244 1644 1285 quiab
1668 1254 1749 1274 nunc
1772 1243 1872 1274 multo

221 1299 360 1339 amplius
384 1298 444 1328 hoc
469 1308 566 1338 quam
590 1297 687 1338 prius,
711 1297 755 1327 fili
779 1297 958 1335 karissime,
983 1296 1139 1335 volumus,
1167 1297 1248 1327 scias
1272 1299 1406 1336 paterno
1431 1296 1549 1326 affectu
1573 1306 1591 1326 a
1614 1295 1704 1326 nobis
1729 1298 1759 1325 te
1784 1294 1873 1335 diligi

174 1361 200 1379 20
221 1353 254 1381 et
276 1352 311 1380 ut
328 1350 504 1390 spiritalem
522 1348 622 1379 filium
639 1359 768 1389 prorsus
785 1348 946 1388 amplecti,
972 1348 1121 1388 quoniam
1138 1347 1292 1378 honorem
1309 1351 1406 1388 atque
1431 1351 1519 1378 tuum
1537 1347 1714 1387 profectum
1733 1349 1873 1376 nostram

219 1401 357 1442 gloriam
383 1411 453 1432 esse
477 1404 627 1441 putamus
656 1404 688 1430 et
717 1399 758 1430 de
783 1403 835 1430 tue
863 1400 1085 1440 prosperitatis
1113 1402 1286 1440 augmento
1310 1400 1340 1429 in
1365 1398 1503 1429 Domino
1528 1398 1734 1439 gratulamur.
1780 1397 1874 1428 Unde

222 1456 254 1484 et
279 1456 312 1483 tu
338 1463 400 1483 non
423 1453 580 1482 inmemor
603 1451 715 1490 nostri,
740 1462 904 1492 rogamus,
932 1454 967 1481 ut
990 1461 1117 1491 semper
1141 1461 1179 1481 ea
1205 1451 1291 1489 velis,
1317 1461 1377 1492 qut}
1402 1451 1557 1487 volumus,
1583 1453 1624 1488 et,
1648 1460 1708 1490 que
1732 1452 1874 1480 nostrum

222 1505 261 1535 de
294 1505 356 1535 tuis
387 1503 568 1535 hominibus
597 1503 794 1544 pontificium
824 1503 963 1544 pulsant,
997 1502 1170 1533 emendare
1196 1503 1377 1533 nullatenus
1401 1501 1627 1542 pretermittas.
1683 1501 1754 1531 Non
1790 1501 1874 1531 enim

221 1566 400 1597 speramus,
424 1558 460 1585 ut
483 1555 561 1585 talia
578 1555 669 1591 scias,
695 1555 803 1596 qualia
827 1554 868 1585 ab
892 1555 1013 1585 eisdem
1039 1555 1100 1585 tuis
1117 1554 1298 1585 hominibus
1321 1555 1350 1584 in
1376 1555 1490 1584 nostris
1510 1553 1625 1584 finibus
1642 1556 1875 1593 perpetrantur,

178 1619 203 1637 25
224 1619 284 1649 que
309 1609 437 1648 oportet
460 1607 597 1648 gloriam
617 1610 704 1637 tuam
722 1607 864 1637 studiose
881 1607 1042 1647 inquirere
1068 1610 1108 1645 et,
1133 1607 1215 1636 sicut
1232 1606 1398 1645 condecet,
1422 1616 1478 1646 pro
1495 1605 1557 1636 Dei
1582 1608 1614 1635 et
1637 1608 1744 1634 nostro
1769 1614 1877 1634 amore

222 1660 308 1690 omni
333 1659 500 1689 conamine
533 1658 724 1696 emendare,
757 1659 831 1699 quia
859 1661 925 1689 tam
954 1658 1135 1689 hominibus
1164 1659 1263 1688 saneti
1288 1658 1377 1688 Petri
1405 1657 1543 1698 apostoli
1572 1667 1668 1697 quam
1696 1655 1876 1686 hominibus

222 1710 420 1742 Guidonisd2
446 1711 491 1741 tui
508 1711 664 1749 homines,
690 1711 770 1741 sicut
788 1711 915 1747 sertui-⁹,
939 1711 1106 1741 innumera
1128 1710 1215 1741 mala
1232 1710 1352 1740 faciunt
1376 1713 1408 1739 et
1432 1709 1558 1750 rapinas
1582 1708 1699 1738 multas
1715 1710 1876 1746 exercent,

222 1774 300 1804 que,
324 1773 492 1802 rogamus,
522 1762 629 1792 statim
654 1761 826 1793 emendare
851 1761 951 1792 facias
975 1765 1007 1791 et
1031 1761 1087 1791 tibi
1112 1761 1263 1792 subiectis
1286 1760 1369 1791 ultra
1394 1761 1458 1791 tale
1484 1760 1560 1801 quid
1585 1759 1691 1790 facere
1714 1769 1777 1789 non
1801 1769 1874 1789 con-

222 1815 349 1845 sentias.
389 1813 510 1845 Verum
539 1814 565 1843 si
595 1813 627 1843 id
652 1813 734 1844 forte
764 1813 938 1844 emendare
967 1815 997 1843 te
1021 1823 1082 1843 non
1108 1823 1202 1854 posse
1228 1812 1350 1851 fateris,
1380 1815 1415 1842 ut
1442 1822 1513 1842 cum
1537 1821 1616 1852 pace
1645 1813 1699 1840 tua
1724 1810 1876 1849 dicamus⁷

178 1878 203 1897 ³0
222 1867 254 1896 in
279 1876 395 1906 pravos
419 1868 516 1906 atque
540 1865 667 1906 iniquos
690 1864 837 1895 homines
861 1864 932 1895 illos
957 1864 997 1895 ob
1022 1865 1067 1895 tui
1091 1865 1208 1895 amoris
1225 1864 1441 1897 dilectionem,
1466 1867 1520 1893 tuo
1544 1873 1699 1893 consensu
1722 1861 1876 1900 adhibito,

221 1918 320 1948 nostri
337 1917 536 1958 apostolatus
556 1917 748 1948 sententiam
767 1916 914 1947 dabimus
932 1919 974 1955 et,
999 1926 1166 1957 quousque
1183 1916 1380 1956 resipiscant,
1406 1926 1424 1945 a
1441 1915 1601 1946 liminibus
1618 1917 1724 1954 sancte
1743 1913 1877 1952 ecclesie

220 1969 520 2011 sequestrabimusf.
568 1969 704 2000 Latores
728 1978 804 1998 vero
822 1969 1028 2009 presentium,
1053 1969 1166 1998 missos
1187 1968 1362 2008 apostolice
1380 1967 1474 2006 sedis,
1498 1965 1733 1998 Acimundum3
1756 1964 1878 1995 scilicet

222 2025 254 2052 et
276 2021 516 2062 Uualpertum4
541 2020 744 2051 venerabiles
776 2021 945 2060 episcopos
975 2019 1110 2050 dilectos
1133 2023 1268 2058 nostro&
1293 2019 1334 2049 ad
1357 2022 1445 2049 tuam
1468 2018 1669 2048 nobilitatem
1693 2017 1876 2055 direximus,

221 2075 257 2103 ut
278 2072 321 2113 hi,
346 2072 433 2114 quod
450 2073 570 2113 pagina
589 2072 727 2111 reticuit,
752 2072 823 2102 viva
840 2082 918 2102 voce
936 2071 1106 2112 loquentes
1123 2071 1250 2102 edicant
1272 2074 1304 2101 et
1320 2073 1518 2102 revertentes
1536 2070 1575 2100 de
1593 2073 1646 2100 tua
1663 2068 1879 2099 benivolentia

184 2136 209 2155 ³5
229 2134 287 2155 nos
310 2124 440 2155 letiores
464 2124 614 2154 efficiant.

326 2182 421 2204 DATA
445 2181 535 2204 lxx&
553 2180 737 2204 KALENDAS
763 2180 931 2209 IANUARII,
957 2180 1156 2205 INDICTlONE
1176 2181 1206 2204 X.

331 2354 356 2388 >¹³)
376 2354 438 2380 add.
457 2363 528 2381 man.
548 2355 703 2380 correctoris
724 2354 758 2380 R.

333 2416 355 2447 θ’)
376 2417 444 2449 quod
463 2416 495 2441 R.
582 2415 608 2447 b)
628 2421 667 2441 -te
690 2417 715 2441 in
735 2425 788 2441 ras.
807 2416 839 2442 R.
928 2415 951 2448 c)
970 2413 1057 2441 futfiro
1076 2416 1107 2440 R.
1196 2415 1221 2447 d)
1240 2424 1304 2450 ppes
1322 2415 1354 2439 R.

335 2467 377 2492 93.
406 2467 429 2500 ³)
449 2468 538 2492 litteris
550 2468 707 2498 minusculis,
720 2473 747 2493 ut
760 2473 898 2497 conlatus,
910 2469 954 2493 sed
967 2469 1044 2492 minio
1058 2469 1143 2499 script.
1159 2467 1187 2492 R.
1261 2466 1284 2498 b)
1304 2467 1344 2491 Ab
1357 2467 1417 2491 olim
1429 2479 1458 2483 —-
1471 2470 1494 2490 et
1508 2466 1569 2497 quia
1586 2466 1613 2490 iu
1626 2473 1678 2489 ras.
1692 2464 1722 2488 Β.
1793 2464 1814 2493 e)
1828 2470 1878 2494 que

189 2518 216 2536 40
236 2511 343 2536 sibimus
362 2511 393 2535 R.
475 2509 499 2543 d)
519 2511 584 2536 Gui-
602 2511 627 2534 in
648 2519 700 2536 ras,
719 2511 751 2535 B.
833 2511 854 2543 εθ)
874 2512 947 2536 aliud
969 2520 981 2535 r
1000 2516 1059 2543 post.
1072 2511 1185 2542 primum
1206 2518 1271 2534 eras.
1291 2510 1322 2534 R.
1401 2507 1419 2541 f)
1438 2509 1453 2532 b
1472 2516 1539 2532 corr.
1553 2516 1583 2532 ew
1602 2517 1618 2532 u
1638 2508 1668 2532 R.
1751 2505 1775 2538 g)
1794 2507 1828 2530 sic
1846 2505 1877 2531 B.

341 2587 365 2620 1)
385 2586 540 2612 Marchioni
565 2586 712 2619 Spoletina,
740 2589 863 2619 858—71,
887 2589 998 2612 875—79
1023 2586 1080 2619 (secl
1105 2586 1138 2617 cf.
1159 2585 1278 2618 Lapare
1298 2585 1313 2611 I.
1327 2585 1342 2610 l.
1362 2585 1382 2610 I
1384 2605 1390 2617 ,
1411 2588 1460 2610 ‘255
1482 2585 1573 2609 annot.
1587 2584 1622 2616 3).
1726 2582 1752 2613 2)
1773 2581 1879 2607 Conn'tis

228 2629 365 2662 Spoletini,
382 2632 475 2662 postea
494 2630 565 2663 regis
578 2629 675 2655 Italiae
688 2630 833 2663 (889-94)
846 2632 869 2655 et
881 2629 991 2661 demque
1004 2629 1172 2661 imperatoris
1186 2630 1256 2662 (891)
1270 2627 1414 2659 constituti,
1434 2626 1480 2659 qui
1498 2629 1563 2651 tunc
1580 2625 1661 2657 fratri
1678 2633 1727 2650 suo
1739 2624 1879 2650 Lambrrto

226 2672 343 2704 infestus
365 2672 448 2703 fuisse
474 2679 506 2697 ew
532 2672 582 2698 hac
606 2672 715 2705 epistola
740 2673 882 2704 ermestun
908 2672 942 2703 ef.
962 2671 1100 2697 Ditimnler
1118 2671 1173 2697 III
1178 2673 1196 2703 ²,
1214 2674 1246 2697 30
1264 2673 1392 2696 armet—L
1489 2668 1514 2701 3)
1535 2668 1618 2693 Cuius
1641 2667 1710 2693 sedes
1732 2667 1879 2700 iquorulur.

224 2715 252 2747 4)
272 2715 441 2740 Por-mensem
459 2718 589 2747 876-83,
605 2717 665 2748 post
684 2715 851 2741 deiectionem
871 2715 993 2740 For-mosi
1011 2714 1173 2740 ordinatum.
