2189 3042
161 764 185 783 10

161 1022 186 1040 15

159 1766 182 1785 25

158 2023 168 2041 3
171 2022 182 2039 Α]

158 2279 181 2298 35

148 2594 172 2612 40

636 206 813 234 IOHANNIS
832 206 906 232 VIII.
925 206 1043 232 PAPAE
1065 205 1264 232 EPISTOLAE
1286 206 1343 233 305.
1363 206 1420 233 306.
1790 211 1851 240 265

205 295 357 335 precipue
382 293 604 324 honorabilem
628 293 773 334 cupimus
796 292 950 332 retinere,
980 293 1075 332 prout
1098 291 1166 332 ipse
1190 302 1247 322 nos
1270 292 1334 323 iam
1366 292 1440 323 olim
1472 292 1586 324 fecisse
1615 294 1726 334 procul
1756 294 1853 326 dubio

205 345 427 376 reminisceris.
474 344 538 375 Sed
563 345 638 385 quia
665 347 719 374 tua
748 344 899 384 exigente
928 343 1057 374 sceleris
1085 343 1164 373 tanti
1193 342 1328 374 audacia
1351 344 1452 374 sancti
1476 343 1612 385 Spiritus
1636 345 1754 376 iudicio
1779 350 1810 378 te
1834 357 1853 378 a

206 397 365 427 consortio
389 399 496 427 nostro
514 395 611 426 divini
627 395 759 426 misterii
775 396 843 426 iure
861 395 1088 433 submovimus,
1105 405 1186 425 nunc
1203 394 1378 426 secundum
1396 406 1509 436 preces
1527 399 1596 427 tuas
1613 400 1646 427 et
1661 397 1853 429 relationem

204 447 293 478 Petri
310 447 500 478 venerabilis
517 446 644 477 diaconi
659 447 714 486 tui,
732 447 758 476 si
773 446 869 477 modo
886 449 1027 487 pactum,
1045 445 1130 487 quod
1147 445 1302 477 hactenus
1320 457 1391 477 cum
1408 447 1513 488 impiis
1526 448 1685 489 Agarenis
1701 449 1852 490 habuisti,

204 498 375 529 manifesta
399 498 569 529 devotione
593 497 728 538 fregeris
752 500 784 528 et
803 497 844 528 ab
862 507 971 528 eorum
993 497 1188 538 nequissima
1211 498 1365 529 societate
1382 501 1449 529 toto
1467 500 1634 531 conamine
1652 502 1852 541 separaveris

204 552 302 590 atque
327 549 353 580 si
376 549 578 590 presentibus
609 548 658 579 his
685 549 790 579 missis
817 548 947 588 nostris,
977 549 1100 580 Marino
1130 549 1280 580 videlicet
1309 551 1566 581 reverentissimo
1598 552 1789 592 episcop0²²¹
1821 555 1853 584 et

204 603 312 640 sancte
336 600 422 631 sedis
444 602 551 639 nostre
575 600 697 630 arcario
722 603 755 630 et
778 599 885 630 Siconi
909 600 1039 641 egregio
1064 600 1142 639 viro,
1166 601 1305 631 maiores
1322 600 1554 632 Saracenorum
1579 605 1714 643 quantos
1737 604 1852 635 melius

203 654 306 692 potes,
331 661 411 690 quos
434 651 620 682 nominatim
645 651 821 692 querimus,
849 661 918 681 cum
944 650 1014 681 aliis
1038 650 1184 682 omnibus
1207 652 1332 692 ceperis
1356 655 1388 682 et
1411 653 1563 693 iugulatis
1587 654 1657 684 aliis
1681 665 1736 685 eos
1760 655 1852 686 nobis

204 702 369 741 direxeris,
394 713 412 733 a
435 703 560 733 vinculo
585 702 924 733 excommunicationis
948 702 1143 733 absolvimus
1167 705 1200 733 et
1222 703 1312 733 iuxta
1336 703 1564 743 precedentem
1589 706 1852 737 consuetudinem

205 753 390 794 episcopale
420 753 561 784 officium
584 753 763 792 reddimus,
792 764 830 784 eo
861 753 982 784 scilicet
1013 753 1109 784 modo
1134 753 1184 784 vel
1209 757 1334 793 tenore,
1359 759 1393 785 ut
1417 757 1519 796 captis
1544 759 1575 787 et
1598 757 1723 788 traditis
1746 761 1851 798 antea,

203 808 238 836 ut
261 805 379 836 dictum
404 808 461 844 est,
487 805 681 846 Sarracenis,
706 805 857 846 deinceps
879 805 1002 836 nullum
1026 815 1097 836 cum
1122 805 1168 835 eis
1191 806 1325 836 ulterius
1349 806 1441 846 fedus
1465 807 1495 837 in
1513 818 1641 848 quoquo
1658 809 1754 840 modo
1771 810 1851 840 inire

203 867 379 898 presumas.
425 856 509 888 Nam
533 857 559 887 si
587 867 657 888 cum
688 857 751 888 illis
780 857 897 887 iterum
925 860 1054 898 pactum
1086 856 1216 897 aliquod
1247 856 1354 887 facere
1384 860 1583 897 tcmtaveris,
1614 860 1645 889 in
1675 860 1789 891 eadem
1821 864 1852 892 te

204 908 536 940 excommunicatione
552 918 683 939 manere
700 909 877 939 sanccimus
894 911 926 939 et
942 908 1132 939 auctoritate
1144 907 1206 938 Dei
1224 908 1451 948 omnipotentis
1468 912 1500 939 et
1517 909 1603 940 beati
1616 910 1705 941 Petri
1722 915 1851 952 aposto-

203 959 307 990 lorum
331 959 482 1000 principis
506 962 538 990 et
561 962 669 990 nostra
694 961 780 990 omni
804 959 979 1000 episcopali
1003 959 1124 989 honore
1149 962 1180 989 te
1205 959 1395 999 privandum
1420 964 1452 991 et
1468 964 1626 1001 perpetuo
1644 962 1851 994 anathemate

206 1010 422 1041 damnandum
447 1021 517 1042 esse
541 1010 752 1042 decernimus.

991 1173 1063 1202 306.

310 1241 470 1273 Iohannes
492 1240 586 1272 VIII.
607 1251 695 1280 papa
714 1240 864 1272 Otramno
887 1240 1055 1271 Viennensi
1079 1239 1310 1278 archiepiscopo
1327 1241 1496 1279 praecipit,
1521 1244 1556 1272 ut
1575 1245 1704 1281 propter
1724 1253 1853 1274 cansam

202 1293 327 1333 Aptach'
350 1303 370 1324 a
392 1303 424 1324 se
446 1293 481 1323 in
503 1293 681 1331 episcopum
706 1292 893 1324 Genevensis
916 1291 1060 1323 ecelesiae
1082 1292 1268 1329 consecrati,
1299 1292 1335 1322 in
1358 1302 1422 1331 qua
1450 1291 1550 1323 alium
1580 1293 1645 1331 ipse
1674 1304 1853 1325 consecrare

201 1355 266 1376 non
287 1345 329 1375 sit
350 1344 477 1381 veritus,
501 1343 635 1375 Romam
657 1343 686 1375 d.
704 1344 756 1374 24.
774 1343 962 1382 Septembris
984 1343 1099 1374 veniat.
1444 1344 1523 1383 (8852
1547 1344 1766 1385 Malu-Iul.)

316 1412 392 1438 Coe:
421 1412 448 1438 R
466 1414 488 1445 f.
502 1415 548 1437 119
565 1420 592 1437 n.
605 1414 662 1437 308.

306 1463 392 1490 Edd.:
421 1462 517 1489 Editio
529 1462 655 1488 Romana
668 1462 753 1495 (1591)
766 1462 823 1493 III,
836 1465 883 1488 505
900 1470 928 1488 n.
941 1465 987 1487 295
1006 1466 1037 1483 ='
1057 1461 1183 1487 sirmond
1202 1461 1279 1488 Cone.
1292 1464 1348 1488 ant.
1367 1462 1474 1488 Galliae
1494 1462 1555 1495 III,
1575 1466 1623 1488 513
1641 1471 1667 1489 n.
1684 1467 1720 1490 74.
1757 1465 1852 1490 Mansi

205 1507 280 1533 Cone.
294 1507 350 1533 coll.
370 1506 470 1538 XVII,
484 1508 533 1531 216
551 1514 577 1530 n.
591 1508 645 1531 295.
681 1504 777 1538 Miyne
796 1504 872 1531 Patr.
886 1505 931 1530 zat.
946 1504 1082 1537 CXXVI,
1102 1508 1151 1530 952
1170 1513 1196 1530 n.
1209 1507 1267 1531 358.
1287 1519 1319 1523 -
1338 1505 1409 1536 Jaffe'
1429 1505 1494 1539 Rey.
1507 1508 1572 1532 3375
1590 1506 1684 1540 (2605).

673 1596 863 1620 OTTRAMNO
882 1596 1065 1620 VIENNENSI
1083 1596 1353 1620 ARCHIEPISCOPO
1362 1595 1380 1621 ².

310 1651 474 1693 Susceptis
508 1654 611 1691 vestre
648 1650 855 1682 fraternitatis
889 1651 1047 1692 apicibus,
1087 1651 1172 1692 quod
1208 1653 1335 1682 essenta
1370 1651 1517 1690 alicuius,
1555 1656 1589 1683 ut
1624 1653 1668 1684 ita
1703 1653 1849 1693 dixerim,

201 1703 418 1735 rectitudinisb
441 1702 510 1733 zelo
535 1703 731 1743 compositi0‚
757 1703 833 1734 satis
860 1702 998 1733 ubertim
1028 1703 1249 1743 cognovimus,
1282 1703 1356 1743 quia
1384 1706 1456 1743 post
1487 1703 1623 1743 plurima
1652 1705 1683 1735 in
1714 1706 1850 1737 ecclesia

204 1755 385 1786 Genevensi
420 1754 565 1785 fatemini
595 1764 651 1785 vos
686 1764 890 1785 consecrasse
926 1755 1112 1795 episcopum
1147 1757 1180 1784 et
1210 1754 1340 1795 quidam
1373 1754 1523 1795 Aptadus
1555 1756 1683 1786 nomine
1718 1757 1851 1788 clericus

203 1806 383 1845 adveniret,
416 1806 469 1847 qui
504 1804 638 1845 ecclesie
672 1804 871 1837 Genevensis
905 1815 964 1836 nec
996 1805 1191 1846 baptizatus,
1222 1805 1404 1846 clericatus,
1436 1806 1614 1847 ordinatus,
1645 1808 1850 1848 acclamatus,

203 1857 346 1889 eruditus
369 1867 521 1898 umquam
546 1857 713 1897 extiterat,
744 1857 914 1888 ecclesiam
938 1856 1026 1887 illam
1050 1857 1215 1897 invaserit,
1245 1857 1465 1898 multipliciter
1489 1858 1695 1898 admiramur,
1720 1870 1775 1890 cur
1797 1859 1851 1890 illa

202 1909 324 1940 nescire
348 1919 404 1939 vos
429 1908 547 1948 dicitis,
577 1919 638 1949 que
662 1911 761 1947 totus,
791 1911 826 1939 ut
852 1919 975 1949 remur,
1005 1907 1162 1940 Occidens
1192 1919 1253 1939 non
1285 1910 1420 1950 ignorat.
1467 1910 1661 1950 Precedenti
1691 1911 1850 1952 siquidem

202 1963 348 2001 tempore
372 1959 464 1990 nobis
487 1959 592 1990 fuerat
615 1960 809 1999 nuntiatum,
839 1963 873 1990 ut
897 1970 953 1990 vos
976 1960 1008 1990 in
1032 1959 1147 1991 eadem
1176 1960 1312 1991 ecclesia
1342 1961 1528 2002 episcopum
1558 1972 1745 1992 consecrare
1775 1972 1849 1993 con-

201 2011 411 2053 tempseritis,
435 2010 508 2041 ideo
533 2021 589 2041 nos
612 2011 794 2042 necessaria
817 2014 999 2052 temporum
1023 2012 1177 2053 qualitate
1202 2016 1373 2053 perspecta
1398 2013 1521 2043 clericis
1547 2013 1690 2044 eiusdem
1714 2013 1849 2054 ecclesie

202 2062 448 2104 suggerentibus
480 2062 670 2092 auctoritate
705 2063 884 2103 apostolica
914 2062 979 2093 illic
1010 2064 1198 2104 episcopum
1226 2064 1393 2104 Aptadum
1426 2065 1554 2095 nomine
1583 2066 1848 2096 consecravimus.

202 2114 272 2150 Qua
305 2124 346 2144 ex
376 2124 409 2144 re
440 2123 502 2143 non
531 2113 614 2144 bene
643 2124 699 2143 vos
728 2113 842 2144 fecisse
874 2114 1061 2154 probamus,
1093 2115 1146 2155 qui
1175 2125 1272 2155 super
1305 2115 1540 2146 ordinationem
1569 2118 1710 2147 nostram
1742 2117 1850 2148 obices

200 2176 312 2196 manus
333 2165 488 2195 habuistis
513 2167 544 2195 et
568 2164 704 2195 alterum
729 2166 915 2206 episcopum
938 2165 1059 2196 ibidem
1084 2166 1282 2197 ordinastisd.
1322 2166 1373 2198 De
1396 2167 1457 2197 hoc
1482 2170 1600 2207 autem,
1626 2167 1712 2208 quod
1735 2168 1849 2209 dicitis,

201 2216 287 2258 quod
311 2217 379 2257 ipse
396 2216 544 2257 Aptadus
560 2215 758 2247 Genevensis
782 2217 916 2257 ecclesie
940 2228 999 2248 nec
1023 2217 1213 2258 baptizatus,
1239 2219 1418 2257 clericatus,
1444 2219 1619 2259 ordinatus,
1644 2220 1850 2260 acclamatus,

203 2268 345 2300 eruditus
368 2278 521 2309 umquam
546 2269 700 2308 extiterit,
724 2269 851 2299 interim
876 2269 1001 2299 silentio
1026 2272 1075 2299 est
1097 2269 1284 2310 tegendum,
1310 2280 1347 2301 eo
1373 2270 1469 2311 quod,
1494 2281 1565 2301 cum
1589 2271 1728 2302 karitate
1746 2275 1851 2303 vestra

202 2320 380 2361 loquamur,
405 2319 502 2350 nichil
528 2319 642 2350 horum
666 2322 772 2350 vestra
796 2321 947 2351 sanctitas
971 2321 1002 2351 in
1026 2320 1221 2352 Viennensi⁰
1245 2321 1382 2353 ecclesia
1410 2325 1458 2352 est
1487 2325 1666 2353 consecuta.
1713 2322 1849 2354 Verum-

204 2376 312 2403 tamen
340 2372 388 2402 his
418 2371 545 2402 interim
573 2371 770 2402 necessarios
798 2373 1011 2412 pretermissis
1045 2373 1287 2403 sanctimoniam
1319 2376 1458 2404 vestram
1490 2374 1553 2404 iam
1585 2373 1703 2404 dudum
1737 2374 1851 2405 litteris

203 2423 319 2454 nostris
342 2423 537 2462 monuimus,
561 2425 605 2462 ut,
630 2423 704 2463 quia
728 2422 866 2463 quedam
890 2423 979 2453 vobis
1003 2434 1021 2454 a
1046 2423 1236 2464 quibusdam
1261 2424 1450 2465 obiciuntur,
1475 2435 1537 2466 que
1561 2425 1706 2465 synodali
1730 2425 1850 2456 discus-

203 2475 291 2505 sione
316 2477 388 2505 sunt
412 2474 615 2515 corrigenda,
640 2474 725 2504 omni
750 2475 956 2505 excusatione
981 2479 1105 2506 remota
1129 2478 1242 2506 octavo
1266 2476 1423 2506 kalendas
1448 2476 1596 2506 Octobris
1620 2476 1725 2507 future
1749 2476 1850 2507 indic-

297 2586 320 2617 3)
339 2595 406 2611 corr.
420 2594 449 2610 ex
468 2587 686 2611 reverentissimos
705 2588 835 2619 episcopos
854 2587 885 2612 Ιί.

301 2640 359 2666 306.
387 2640 410 2672 a)
428 2642 454 2665 -d
473 2646 558 2666 essent
569 2642 596 2666 in
609 2650 662 2667 ras.
675 2643 710 2667 al.
723 2651 792 2667 man.
811 2642 844 2667 R.
916 2642 939 2673 b)
960 2643 996 2667 bis
1014 2643 1136 2674 scriplum
1154 2648 1177 2668 et
1196 2644 1304 2668 deletum
1323 2645 1353 2668 B.
1427 2644 1449 2674 0)
1469 2645 1620 2676 compositos
1636 2643 1666 2667 R.
1738 2642 1761 2673 ⁸¹)
1781 2652 1849 2667 corr.

200 2693 231 2709 ex
249 2684 371 2709 ordinatis
389 2683 420 2709 R.
509 2684 530 2715 e)
550 2693 617 2710 corr.
637 2685 662 2709 ἔνι
681 2685 797 2710 ienuensi
816 2685 848 2709 B.
936 2684 953 2716 ¹')
973 2694 1039 2711 corr.
1052 2694 1082 2710 ex
1100 2687 1230 2711 necesario
1251 2687 1281 2711 R.

305 2763 330 2795 l)
353 2763 392 2794 Cf.
412 2771 438 2789 n.
452 2766 514 2796 224,
535 2772 563 2796 p.
576 2767 629 2789 200
647 2767 739 2790 annot.
754 2769 774 2790 1.
881 2765 906 2797 2)
928 2764 968 2795 Cf.
988 2773 1034 2791 nn.
1048 2768 1111 2798 292,
1130 2768 1187 2792 303.
1226 2765 1300 2791 Haec
1323 2765 1434 2798 epistola
1454 2765 1530 2797 prior
1550 2764 1655 2790 ridetur
1673 2772 1725 2790 esse
1747 2765 1846 2794 citatio,

200 2813 237 2837 ep.
256 2813 282 2830 n.
297 2808 346 2831 303
363 2806 498 2837 posterior,
517 2806 548 2831 in
567 2814 619 2838 qua
636 2807 715 2832 etiam
734 2807 766 2832 de
782 2810 931 2840 perpetrata
951 2807 1077 2834 violentia
1092 2808 1215 2834 Ocramni
1235 2809 1335 2842 ayltur,
1355 2809 1390 2840 cf.
1410 2807 1472 2833 NA.
1496 2806 1639 2838 XXXVI,
1655 2811 1699 2832 156
1718 2809 1809 2832 annot.
1823 2809 1847 2832 3.

306 2859 457 2886 Erisrorss.
476 2860 535 2886 VII.
1610 2862 1642 2887 34
