2189 3042
158 783 225 811 ,10

202 1031 225 1049 15

201 1292 226 1311 20

203 1550 227 1568 25

203 1812 228 1830 30

203 2069 227 2088 35

201 2344 228 2363 40

201 2568 226 2587 45

692 110 872 137 IOHANNIS
890 110 965 136 VIII.
985 110 1105 136 PAPAE
1127 109 1326 136 EPISTOLAE
1353 109 1392 136 18.
1412 110 1452 136 19.
1856 115 1892 143 17

244 197 377 228 cationis
400 198 532 229 vinculis
555 197 734 237 innodatus,
760 197 900 239 quandiu
923 197 965 228 ad
983 196 1094 228 sedem
1111 197 1321 238 apostolicam
1338 208 1401 227 non
1418 207 1586 228 occurrens
1609 197 1729 228 nullam
1744 198 1894 230 idoneam

244 259 342 289 super
369 260 402 280 se
426 250 584 280 rationem
608 249 798 290 regulariter
826 249 1021 289 exhibuerit,
1051 250 1153 280 sciens
1182 259 1215 280 se
1244 249 1479 279 anathematisa
1507 249 1711 290 postmodum
1736 251 1894 281 sententia

245 300 424 331 feriendum
436 301 455 331 ¹.

349 354 443 377 DATA
465 353 637 377 KALENDIS
661 354 854 378 DECEMBRIS
878 353 1078 378 INDICTIONE
1100 354 1130 378 X.

1050 478 1095 507 19.

353 527 513 558 Iohannes
543 527 638 560 VIII.
668 538 755 566 papa
782 527 885 558 Felici
915 527 1191 558 Metlmmaueensi
1224 530 1252 557 et
1283 527 1375 558 Petro
1407 527 1587 567 Eqaile'ensc·
1621 528 1784 568 episcopis,
1818 530 1894 568 qnia

245 578 377 610 Petrum
411 579 605 610 Gradensem
633 579 864 618 patriarcham,
896 580 1172 618 metropolitanum
1197 589 1305 616 sinim,
1340 579 1537 609 deseruerint
1572 581 1600 609 ct
1631 579 1764 611 Romam
1792 581 1895 612 venire

244 631 372 669 saepius
395 630 496 662 vocati
519 629 713 668 distulerint,
737 631 838 661 sacris
862 631 1023 662 interdicit
1046 630 1231 661 ministeriis
1254 633 1282 661 ct
1305 631 1348 661 ad
1370 630 1525 670 synodum
1548 631 1597 661 dic
1621 631 1671 662 13.
1688 632 1761 663 Feb.
1782 632 1894 663 liaben-

245 682 320 712 dam
342 682 429 712 citat.
1599 684 1663 713 376
1685 683 1761 714 Dec.
1783 686 1808 714 Z.

360 731 432 758 Coei:
462 732 489 758 R
507 735 528 766 f.
541 734 569 759 δ’
588 741 615 758 n.
630 736 665 758 19.

348 775 434 800 Edd..·
462 775 556 801 Editio
576 775 701 802 Romcma
720 776 802 809 (1591)
822 776 879 805 ΙΙΙ,
898 778 945 801 301
964 784 990 801 n.
1005 779 1042 801 18.
1081 775 1176 800 Mansi
1195 774 1272 800 Cone.
1286 775 1340 800 coll.
1363 775 1460 806 XVII,
1482 779 1512 800 17
1529 783 1555 801 n.
1572 778 1611 801 18.
1648 776 1742 809 Miyne
1760 778 1834 804 Patr.
1848 779 1895 805 lat.

247 817 387 849 CXXVI,
408 821 454 844 702
474 826 502 844 n.
516 822 556 844 49.
593 818 741 844 Μοηὺἰσοῖο
764 819 794 844 in
813 819 963 844 Bzizzenino
985 818 1044 844 dell'
1055 818 1162 843 Istitzito
1185 820 1246 843 sior.
1261 818 1380 843 Italiam>
1400 818 1446 843 IX
1465 818 1551 851 (1890)
1572 827 1600 851 p.
1616 822 1664 845 322
1683 828 1710 846 n.
1725 825 1748 846 4.
1768 836 1800 839 —
1819 822 1896 853 Jaffe'

245 861 309 895 Raeq.
324 864 391 887 3070
409 861 506 894 (2297).

388 919 561 943 IOHANNES
585 920 696 944 FELICI
718 920 780 943 ETa
798 919 909 944 PETRO
933 919 1102 943 EPISCOPIS
1126 918 1446 942 MANDAMAUCENSI²
1467 919 1510 942 ET
1534 919 1757 949 EQUILENSI=2³.

353 969 456 1005 Quam
492 971 608 1011 ingrati
643 973 675 1001 et
708 970 873 1000 inhumani
907 969 1031 1000 fueritis
1067 979 1144 1010 erga
1173 968 1385 999 reverendum
1424 968 1555 1000 fratrem
1587 973 1729 1000 nostrum
1762 971 1895 1002 Petrum

245 1021 379 1060 ecclesie
405 1020 580 1052 Gradensis
604 1022 794 1061 antistitem,
825 1022 856 1052 in
879 1021 940 1052 hoe
964 1022 1104 1060 maxime
1136 1020 1229 1051 datur
1255 1020 1409 1061 intelligi,
1440 1021 1472 1050 in
1504 1031 1566 1062 quo
1598 1021 1652 1052 ille
1682 1033 1739 1062 pro
1770 1023 1896 1064 legibus

243 1073 385 1113 paternis
401 1073 620 1103 incolarumffl
642 1073 724 1103 iterb
748 1073 904 1113 arripiens
931 1072 1053 1102 nullum
1070 1075 1211 1102 vestrum
1229 1072 1379 1102 comitem
1405 1082 1460 1111 sue
1485 1074 1751 1113 peregrinationis
1774 1074 1895 1106 habere

244 1124 438 1164 promeruit,
468 1125 636 1165 presertim
667 1135 737 1154 cum
765 1124 807 1154 ad
835 1124 944 1154 limina
973 1124 1013 1155 sit
1043 1123 1261 1165 apostolorum
1286 1123 1450 1164 profectus
1476 1123 1652 1165 sedemque
1677 1125 1818 1165 adierit0,
1843 1127 1896 1157 ubi

244 1185 372 1216 semper
396 1176 561 1206 catholicis
585 1175 771 1206 subvenitur
794 1178 826 1206 et
854 1175 908 1206 ubi
932 1175 1059 1215 plurimi
1090 1179 1287 1215 sanctorum,
1317 1175 1464 1205 iniuriam
1488 1177 1588 1216 passi,
1619 1180 1759 1217 petram,
1791 1188 1808 1208 a
1833 1189 1896 1219 qua

243 1226 360 1257 Petrus
384 1237 500 1258 nomen
524 1227 652 1258 sortitus
677 1229 733 1266 est,
758 1226 918 1267 refugium
934 1228 1132 1257 invenerunt.
1182 1227 1335 1257 Additum
1360 1231 1469 1258 autem
1494 1231 1543 1258 est
1566 1228 1638 1258 huie
1662 1229 1718 1267 rei,
1744 1230 1830 1270 quod
1854 1230 1895 1261 ad

243 1279 374 1309 maioris
399 1279 597 1318 contumacie
614 1281 717 1318 vestre
735 1278 896 1308 cumulum
914 1278 1219 1309 demonstrandumd
1236 1278 1312 1316 estd,
1338 1279 1412 1319 quia
1436 1279 1557 1310 scilicet
1580 1290 1643 1310 non
1667 1280 1768 1311 solum
1791 1280 1896 1323 [11011]Θ

247 1340 319 1361 cum
348 1330 403 1360 illo
434 1332 554 1360 stantes
584 1329 757 1360 secundum
789 1329 979 1370 prophetam
1009 1329 1154 1360 ‘minime
1186 1340 1227 1360 ex
1256 1330 1390 1361 adverso
1420 1331 1608 1361 ascendistis
1640 1335 1672 1362 et
1703 1334 1896 1373 opposuistis

245 1392 371 1412 murum
401 1392 458 1422 pro
489 1381 584 1412 domo
608 1382 759 1421 Domini',
790 1381 864 1412 seds
893 1383 983 1422 quasi
1013 1382 1150 1413 rebelles
1174 1385 1267 1423 rupto
1292 1383 1509 1413 unanimitatis
1534 1383 1644 1422 federe
1669 1385 1823 1415 transistis
1854 1386 1894 1416 ad

245 1433 355 1464 hostes
380 1437 424 1473 et,
455 1443 526 1464 eum
549 1438 632 1464 nong
655 1434 742 1463 sitisg
766 1443 837 1464 cum
860 1433 930 1473 illo,
959 1434 1035 1464 facti
1060 1433 1204 1474 profecto
1230 1435 1305 1464 estis
1329 1434 1482 1465 adversus
1506 1435 1609 1470 illum,
1634 1436 1715 1466 sicut
1738 1436 1894 1467 Dominus

246 1485 304 1516 ait:
334 1484 407 1520 ‘Qui
437 1495 499 1515 non
527 1487 576 1515 est
605 1494 745 1524 mecum,
778 1488 888 1515 contra
916 1496 967 1516 me
997 1485 1073 1519 est*;
1106 1486 1138 1515 in
1169 1496 1232 1526 quo
1264 1489 1296 1516 et
1326 1486 1427 1526 ipsam
1456 1486 1631 1516 bestiarum
1657 1488 1895 1519 transcendistis

247 1536 402 1575 sevitiam,
426 1536 670 1577 parricidalibus
694 1537 848 1567 adversus
872 1548 944 1568 eum
970 1540 1097 1568 utentes
1122 1537 1269 1568 consiliis.
1308 1537 1372 1568 Pro
1397 1538 1512 1579 quibus
1536 1538 1682 1569 omnibus
1699 1541 1898 1580 apostolatus

245 1589 343 1618 nostri
367 1599 422 1619 vos
437 1587 575 1618 Romam
594 1599 760 1619 occurrere
786 1592 818 1619 et
842 1600 898 1630 pro
923 1589 972 1619 his
997 1592 1029 1619 et
1052 1589 1132 1627 aliis,
1158 1600 1218 1630 que
1237 1589 1426 1630 corrigenda
1444 1589 1602 1630 duximus,
1626 1591 1811 1623 satisfacere
1836 1604 1896 1623 non

246 1641 367 1671 seme1⁵
402 1640 547 1681 apicibus
582 1641 848 1679 commonuimus,
885 1640 962 1671 sedh
997 1641 1106 1671 venire
1141 1641 1295 1671 hactenus
1330 1641 1434 1671 modis
1470 1641 1616 1672 omnibus
1651 1644 1896 1684 contempsistis.

247 1691 451 1732 Quapropter
474 1702 529 1722 vos
554 1702 572 1722 a
595 1692 712 1722 sanctis
736 1693 895 1732 mysteriis
918 1693 1045 1723 interim
1069 1692 1269 1723 celebrandis
1294 1694 1485 1724 auctoritate
1509 1694 1624 1723 summi
1647 1695 1784 1734 pastoris
1807 1706 1896 1737 arce-

245 1733 328 1783 mus,
353 1743 510 1783 iubentes,
535 1746 569 1774 ut
592 1743 698 1773 idibus
721 1743 905 1774 Februariis
929 1745 1019 1774 istius
1042 1744 1238 1784 indictionis,
1263 1745 1289 1775 si
1313 1744 1454 1775 adestisG
1478 1745 1530 1775 vel
1554 1746 1579 1775 si
1604 1745 1681 1776 (lure
1706 1746 1897 1777 infirmitatis

246 1794 389 1836 pondere
421 1805 483 1825 non
522 1795 715 1835 gravamini,
753 1795 874 1836 synodo
914 1798 1020 1835 nostre
1056 1795 1159 1835 Rome
1195 1796 1410 1836 oelebrande⁷
1446 1797 1599 1828 interesse
1634 1798 1897 1829 inexcusabiliter

245 1847 425 1885 maturetis,
457 1847 606 1887 quatinus
638 1849 671 1877 et
694 1847 734 1877 ab
759 1847 893 1878 obiectis
916 1849 1112 1889 purgemini,
1146 1852 1178 1878 et
1201 1858 1219 1878 a
1244 1849 1359 1890 capite,
1385 1851 1449 1879 tam
1474 1848 1596 1879 scilicet
1619 1849 1795 1889 apostolica
1819 1850 1896 1881 sede

246 1908 341 1939 quam
364 1897 611 1938 metropolitano
637 1901 756 1936 vestro,
781 1899 812 1928 in
836 1899 922 1929 nullo
947 1899 1059 1930 dividii
1082 1899 1270 1938 videamini,
1294 1910 1344 1936 ne,
1370 1900 1455 1941 quod
1479 1900 1576 1941 absit,
1602 1901 1894 1932 circumveniamini

245 1960 264 1980 a
288 1948 421 1989 Satana,
449 1950 503 1990 qui
527 1949 679 1980 videlicet
706 1960 834 1990 semper
858 1951 1055 1982 dissensione
1087 1951 1216 1992 gaudet.
1271 1951 1418 1982 Membra
1449 1953 1582 1992 quippe,
1615 1962 1675 1993 que
1706 1954 1802 1993 capiti
1832 1964 1895 1984 non

245 2000 391 2040 herentk,
415 2001 642 2032 intermortua
659 2000 866 2042 deputantur;
891 2003 984 2033 sicuti
1007 2002 1119 2043 procul
1142 2003 1239 2033 (lubio
1264 2013 1329 2041 vos,
1355 2004 1408 2043 qui
1432 2014 1490 2034 nec
1514 2004 1689 2044 apostolice
1714 2004 1808 2043 sedis,
1834 2015 1894 2046 que

247 2053 309 2083 estl
339 2055 436 2093 caput
467 2053 608 2083 omnium
639 2052 756 2083 Christi
787 2054 1009 2094 ecclesiarum,
1041 2054 1179 2085 decretis
1208 2054 1365 2094 heretisffi,
1394 2065 1452 2085 nec
1483 2055 1612 2086 affectui
1636 2057 1895 2096 metropolitaniu

246 2104 367 2146 proprii
390 2107 422 2134 et
445 2105 571 2144 patroni
594 2106 689 2145 atque
713 2106 867 2146 magistri.
912 2106 981 2136 Iam
1005 2116 1081 2136 vero
1106 2107 1131 2136 si
1154 2105 1260 2136 idibus
1283 2106 1397 2137 saltem
1421 2106 1605 2137 Februariis
1629 2118 1795 2138 occurrere
1820 2118 1894 2138 con-

349 2199 372 2231 a)
391 2199 528 2224 secundam
546 2208 562 2224 a
580 2199 618 2230 (in
630 2201 686 2232 fine
704 2201 787 2232 rigae)
807 2201 868 2226 add.
882 2202 916 2226 al.
932 2211 999 2226 man.
1018 2202 1051 2226 R.

350 2251 391 2276 19.
418 2251 441 2279 ³⁴)
461 2252 668 2283 et—-Equilensi
686 2261 738 2277 non
757 2254 912 2284 uncialibus,
931 2254 1020 2278 litteris
1039 2255 1095 2285 sed,
1117 2259 1144 2278 ut
1162 2259 1303 2285 contextus,
1328 2255 1491 2285 minusculis,
1519 2255 1597 2279 minio
1616 2260 1700 2279 tamen
1717 2255 1812 2287 scripta
1829 2260 1893 2280 sant.

246 2295 379 2327 Equilensi
401 2303 466 2319 corr.
487 2302 517 2318 er
535 2295 668 2325 Aquileusi
686 2295 717 2320 R.
814 2295 840 2328 b)
859 2297 1011 2327 incolatum,
1035 2302 1045 2322 t
1070 2306 1136 2322 corr.
1156 2306 1187 2322 επ
1209 2307 1221 2322 1·
1240 2298 1271 2322 Β,
1373 2298 1395 2328 ⁰)
1414 2298 1525 2322 audierit
1543 2298 1574 2322 12.
1675 2297 1699 2329 d)
1718 2299 1793 2323 -dum
1812 2303 1849 2323 est
1868 2299 1894 2322 ἱη

246 2346 299 2363 ras.
318 2337 349 2361 R.
438 2335 460 2369 θ)
480 2345 527 2362 om.
547 2337 579 2362 R.
667 2337 686 2370 f)
705 2347 772 2364 corr.
792 2348 822 2364 ea:
840 2344 901 2365 sunt
919 2340 950 2365 R.
1034 2339 1059 2373 g)
1078 2341 1181 2365 nossitis
1199 2341 1231 2365 R.
1318 2340 1342 2372 h)
1363 2350 1429 2366 corr.
1450 2350 1480 2365 eo:
1503 2346 1562 2365 sunt
1583 2341 1613 2366 H.
1701 2340 1719 2371 i)
1739 2342 1761 2365 -i
1780 2350 1845 2365 corr.
1865 2350 1895 2366 ea:

245 2389 261 2406 a
279 2381 317 2409 R‚·
340 2380 478 2405 monticolo
497 2380 513 2405 l.
529 2381 545 2405 Z.
564 2381 634 2412 leyz't:
656 2382 814 2407 dividamini.
907 2382 933 2414 k)
953 2392 1020 2408 corr.
1040 2392 1070 2408 ea·
1088 2385 1212 2409 haberent
1230 2384 1261 2409 R.
1356 2383 1374 2415 l)
1394 2388 1419 2408 -t
1439 2385 1501 2409 add.
1516 2385 1550 2409 al.
1563 2393 1631 2409 man.
1651 2384 1682 2409 B.
1776 2384 1808 2415 m)
1827 2393 1893 2409 corr.

246 2433 276 2449 ea·
295 2424 423 2448 haberetis
442 2423 474 2448 R.
562 2423 587 2455 ¹¹)
607 2425 767 2457 metropoliui
785 2425 816 2450 R.

351 2474 375 2505 l)
400 2474 484 2500 Ursas
501 2482 558 2499 non
576 2474 661 2499 solnm
676 2475 799 2507 petitioni
813 2484 903 2509 papae
921 2485 976 2502 non
994 2478 1111 2508 assensit,
1130 2477 1174 2503 sed
1191 2486 1223 2503 nc
1241 2477 1356 2510 leyatam
1376 2477 1479 2509 quidem
1499 2477 1617 2509 (Delium
1634 2477 1781 2509 episcopam
1794 2477 1893 2502 Arimi-

246 2525 367 2549 nensem,
392 2516 426 2548 cf.
445 2525 471 2543 n.
485 2517 527 2550 26)
545 2518 663 2550 ese-cipere
681 2518 811 2552 eliquatus
830 2523 877 2552 est,
901 2523 933 2546 ut
952 2523 1023 2553 patet
1045 2528 1076 2546 ccc
1100 2529 1126 2547 n.
1139 2525 1176 2547 57.
1272 2521 1299 2552 2)
1318 2518 1515 2552 ‘sslalamoccoss
1541 2528 1560 2545 r.
1581 2523 1658 2551 n.17,
1674 2528 1701 2552 p.
1717 2524 1747 2544 14
1766 2521 1854 2544 (mitat.
1870 2524 1892 2543 9.

247 2560 273 2593 3)
291 2559 407 2591 ‘Jesolo'‚
425 2567 446 2585 v.
459 2559 523 2585 ibid.
537 2563 631 2587 annot.
646 2565 686 2587 10.
766 2563 792 2596 4)
814 2563 835 2589 Ι.
849 2571 868 2588 e.
884 2571 937 2596 pro
957 2564 1038 2589 libera
1055 2566 1077 2589 et
1095 2563 1227 2589 canonica
1245 2564 1425 2596 cpiscoporum
1444 2563 1612 2587 institutione
1631 2565 1722 2587 contra
1738 2561 1799 2587 Ursi
1817 2561 1893 2586 (lacis

248 2603 440 2635 aspirationes,
461 2605 494 2637 cf.
513 2603 705 2638 Kretsclimayr
724 2605 738 2631 l.
753 2605 768 2631 l.
789 2606 815 2638 I,
836 2610 875 2632 99.
981 2607 1007 2636 ὅ)
1029 2606 1069 2638 Cf.
1088 2615 1115 2633 n.
1130 2610 1167 2639 17,
1187 2614 1215 2639 p.
1230 2610 1260 2632 15
1280 2606 1294 2631 l.
1311 2609 1399 2631 2—3:
1427 2605 1530 2631 totiens
1550 2613 1566 2630 a
1585 2604 1663 2630 nobis
1682 2603 1787 2635 vocati,
1811 2612 1837 2629 11.
1851 2607 1891 2635 20,

247 2646 283 2679 (p.
298 2650 328 2672 18
352 2646 367 2671 Ζ.
381 2646 435 2679 16).·
461 2646 545 2672 semel
569 2647 598 2672 et
621 2646 663 2672 bis
687 2647 865 2675 decrevimus.
903 2649 1011 2675 Priores
1029 2657 1087 2675 vero
1106 2649 1243 2675 citationes
1264 2657 1320 2674 non
1344 2651 1459 2674 ars-tant.
1500 2648 1539 2679 Cf.
1560 2652 1642 2679 11.·36,
1662 2652 1737 2679 1124
1762 2649 1854 2671 cuntot.
1868 2650 1890 2671 4.

246 2690 272 2721 6)
292 2688 353 2715 Scil.
373 2688 490 2721 Venetz‘is,
508 2697 554 2715 nec
571 2689 626 2715 iam
647 2689 901 2724 Constantinopolim
920 2692 1037 2724 profecti
1054 2693 1119 2724 sint,
1142 2694 1176 2725 cf.
1195 2700 1222 2718 τι.
1237 2696 1266 2717 18
1284 2700 1311 2724 p.
1327 2695 1357 2717 16
1375 2692 1390 2717 l.
1406 2695 1443 2717 22.
1553 2691 1577 2723 7)
1599 2690 1660 2722 Qua
1681 2690 1711 2715 (Ic
1733 2688 1833 2723 synodo
1856 2688 1890 2719 cf.

247 2741 274 2758 n.
289 2735 329 2765 10,
344 2739 371 2764 p.
385 2736 399 2758 9
417 2734 510 2757 annot.
526 2735 549 2758 5.

350 2784 500 2810 EPISTOLAE
518 2784 579 2810 VII.

1909 1242 1936 1261 cf.
1947 1241 2021 1262 natth.
2028 1244 2097 1267 16,18.

1910 1344 1986 1366 Ezech.
1999 1348 2030 1371 13,
2040 1349 2058 1367 5.

1910 1499 1984 1520 ‚natta
1996 1501 2069 1525 1130.

1909 1910 1936 1930 cf.
1946 1912 1964 1932 2.
1973 1910 2018 1931 Cor.
2028 1913 2047 1936 2,
2058 1911 2090 1931 11.
