2189 3042
108 886 137 905 cf.
151 884 214 905 Ρῐον.
226 888 259 910 10,
270 887 290 904 7.

301 127 363 156 442
537 121 726 148 ANASTASII
748 119 1042 147 BIBLIOTHECARII
1062 118 1262 145 EPISTOLAE
1281 118 1363 144 SIVE
1383 118 1658 146 PRAEFA'I'lONES
1678 119 1717 146 18.

301 211 333 240 in
356 208 449 240 laude
475 209 573 249 ipsius
595 207 728 238 saltem²²
746 206 850 237 Grece
872 204 1096 244 invenireturb,
1115 205 1358 246 interpretatum
1380 204 1439 236 sibi
1456 205 1623 236 misissem.
1651 205 1793 236 Verume
1810 207 1954 248 quamvis

301 261 331 291 in
361 259 457 291 laude
488 259 585 299 ipsius
615 257 716 289 multa
744 257 973 297 inve11iantur0‚
1009 266 1092 297 quae
1123 256 1174 288 vel
1203 256 1319 288 Latine
1348 253 1418 287 vel¹¹
1449 255 1553 287 Grece
1584 256 1744 298 descripta
1768 259 1850 297 sunt,
1874 267 1954 289 unus

301 314 408 342 tamen
433 320 538 341 sermo
562 307 684 350 nuper‘¹
703 309 807 340 editus
831 311 889 349 est,
914 309 968 350 qui
991 312 1097 340 utrum
1113 308 1228 339 Latine
1248 308 1460 349 repperiatur,
1477 307 1564 339 nullo
1582 308 1753 340 hactenus*
1773 308 1955 340 declaratur

301 361 428 393 indicio.
475 360 587 392 Hunc?
609 371 686 402 ergo
710 360 918 402 interpretari
942 362 975 391 et
991 360 1177 401 paternitati
1194 362 1268 390 tuae
1285 358 1446 391 destinare
1463 359 1600 391 decrevi.
1640 359 1673 390 Si
1689 362 1798 391 autem
1816 361 1953 401 quaeris,

301 414 370 455 quis
394 413 474 444 tanti
497 412 673 444 sermonisss
696 411 856 442 habeatur
879 411 1054 452 expositor,
1078 410 1216 442 libenter
1230 411 1384 452 aperiam.
1423 410 1635 442 Theodorus¹
1651 411 1808 453 namqueh
1825 411 1954 453 quidam

300 463 450 496 sacerdos
479 463 577 505 apudi
601 462 989 504 Constantinopolitanam
1014 462 1125 493 urbem
1154 462 1212 493 fuit
1237 461 1453 504 temporibusk
1476 461 1647 493 Adriani¹2
1672 466 1703 494 et
1727 462 1867 494 Leonis³
1890 462 1955 494 Ro-

299 525 467 547 manorum
485 514 680 556 pontificum,
695 515 743 545 vir
755 515 857 545 satism
870 513 1036 554 mirabilis,
1050 515 1103 555 qui
1119 519 1207 544 cum¹¹
1226 524 1287 544 non
1303 514 1406 545 solum
1423 514 1585 554 scientiam,
1602 513 1658 545 sed
1675 515 1772 555 signis
1788 514 1955 556 polleret0,

301 567 397 599 duum
435 566 650 608 imperialium
681 569 733 598 ct¹‘
763 565 955 607 insigniums*
985 566 1282 605 monasteriorum‘1,
1314 565 1450 596 Studiisr
1478 565 1600 597 scilicet
1629 570 1661 597 et
1697 564 1954 606 saccudiorums,

302 619 492 650 constitutus
522 621 571 649 est
600 617 708 649 abbas.
757 617 818 654 Qui
850 617 937 648 cumt
961 627 1089 658 semper
1111 617 1143 648 in
1171 617 1368 659 apostolicae
1393 617 1478 648 sedis
1502 618 1724 648 communione
1750 618 1956 659 persisteret¹¹

300 674 351 701 etv
380 670 594 700 hereticorum
625 670 736 701 nenias
773 673 805 700 et
842 670 1072 710 imperatorum
1103 669 1293 700 vesaniamw
1326 670 1422 700 etiam
1460 669 1626 700 tormentis
1654 668 1809 700 affectus*
1839 670 1956 700 mentis

299 723 416 753 virtute
447 722 610 762 repressit.
659 721 739 757 Quiy
771 722 853 752 enim
882 731 947 752 non
977 722 1079 752 solum
1111 721 1231 762 gratiay
1260 721 1373 762 plenus
1404 721 1557 762 opuscula
1585 720 1736 752 nonnulla
1767 722 1955 762 composuit,

298 774 381 805 inter
405 783 487 814 quae
512 777 544 804 et
567 783 748 804 sermonem
773 773 885 813 hunez,
910 784 1005 814 quem
1030 773 1234 814 interpretari
1259 772 1315 803 tibi
1332 772 1470 812 voluisti,
1488 772 1647 803 obscurisa
1664 773 1741 803 satis
1764 772 1954 804 dictionibus

302 824 411 856 edidit.
458 824 627 856 Translate
651 825 760 866 itaque
784 834 942 865 sermone,
960 835 1055 866 quem
1080 824 1125 855 illi
1148 824 1235 855 idem
1253 823 1348 855 Greci
1370 822 1567 864 enoomionb‚
1585 834 1641 854 nos
1658 834 1733 855 vero
1751 824 1956 864 praeconium

304 877 357 908 vel
380 876 510 908 laudem
535 887 704 917 possumus
729 876 835 907 dicere
859 894 901 897 —
925 879 957 907 et
980 886 1093 907 revera
1117 875 1269 907 Salomon
1292 876 1368 906 aita:
1394 875 1561 906 ‘Memoria
1585 876 1738 906 iustorum
1763 885 1834 906 cum
1856 875 1957 907 laudi-

300 928 358 959 bus
384 947 433 967 —,
459 929 523 959 scio
549 927 704 969 quosdam
730 938 792 958 non
817 928 954 958 scientes
978 928 1141 969 utriusque
1167 927 1321 958 idiomata
1337 927 1466 968 linguae
1482 927 1735 968 interpretationi
1753 937 1846 959 meae
1865 928 1955 959 clero-

299 983 431 1020 gaturos
456 982 487 1010 et
510 990 561 1010 me
586 990 625 1011 ea
649 990 826 1021 passurum,
857 989 940 1020 quae
966 979 1126 1021 quondam
1158 979 1211 1010 ille
1242 979 1389 1010 caelestis
1419 978 1655 1010 bibliothecaec
1684 976 1826 1010 cultor—‘¹4
1850 990 1868 1010 a
1892 979 1955 1010 suis

298 1031 452 1062 aemulist·
482 1031 622 1072 pertulit.
658 1030 779 1061 Verum
812 1032 955 1072 quisquis
979 1031 1031 1061 ille
1055 1029 1173 1066 fuorits,
1198 1031 1279 1061 tuisg
1303 1030 1482 1061 salubribus
1506 1031 1633 1061 monitis
1657 1030 1799 1062 eruditus
1822 1041 1884 1062 non
1901 1031 1954 1062 seh

300 1082 341 1113 ad
373 1082 606 1113 detrahendum
636 1083 740 1113 velut⁰
772 1082 937 1123 improbus
968 1083 1102 1123 ingerat,
1131 1082 1187 1113 sed
1212 1082 1253 1112 ad
1281 1081 1505 1123 corrigendum
1535 1083 1624 1123 quasi
1659 1082 1778 1123 probus
1809 1082 1955 1114 accedati

299 1144 359 1165 nec
390 1137 462 1175 post
491 1134 619 1164 dorsum
652 1133 756 1164 fratris
788 1143 899 1164 carnes
923 1134 1119 1165 invidentiae
1145 1133 1240 1164 dente
1265 1133 1427 1174 decerpat.
1452 1133 1509 1165 sed
1533 1133 1652 1175 palam,
1676 1135 1702 1164 si
1725 1136 1842 1175 potest,
1867 1134 1953 1175 quod

300 1196 318 1216 a
341 1196 417 1217 vero
448 1185 618 1226 discrepat,
647 1184 788 1216 affectuk
813 1186 955 1216 caritatis
986 1185 1146 1218 emendet.
1192 1185 1265 1216 Non
1295 1185 1380 1215 enim
1410 1185 1564 1216 maiorem
1603 1186 1738 1226 gratiam
1770 1185 1955 1217 consecut0¹

300 1237 436 1275 invideo,
461 1237 518 1268 sed
541 1240 649 1278 grates
666 1237 789 1267 auctori
812 1236 967 1277 rependo,
993 1238 1047 1278 qui
1064 1256 1103 1259 —
1122 1238 1180 1268 etsi
1198 1248 1259 1268 non
1278 1248 1335 1278 per
1351 1247 1413 1276 me,
1430 1247 1489 1278 per
1508 1242 1770 1278 quemcumquem
1787 1239 1896 1268 tamen
1918 1255 1952 1259 —

299 1288 432 1319 Latinos
462 1288 502 1319 de
531 1288 582 1319 die
612 1289 643 1318 in
674 1287 759 1319 diem
789 1288 880 1319 donis
910 1289 1023 1330 replet,
1056 1289 1170 1330 quibus
1200 1299 1234 1320 se
1260 1287 1354 1319 Greci
1387 1288 1505 1319 ditatos
1538 1288 1632 1319 olim¹¹
1664 1299 1861 1330 magnopere
1885 1289 1954 1330 glo-

299 1341 448 1371 riantur0.
496 1339 544 1370 Tu
574 1342 692 1379 tamen,
725 1339 868 1379 obsecro,
896 1341 922 1370 si
946 1340 1026 1371 haec
1050 1340 1215 1371 translatio
1239 1351 1340 1381 parva
1363 1340 1480 1381 placet,
1505 1350 1575 1371 eam
1600 1340 1771 1381 legendam
1797 1340 1954 1372 ccclesiae

299 1391 391 1422 trade
416 1394 448 1422 et
471 1395 549 1432 prop
574 1402 624 1422 me
650 1391 719 1422 Deo
744 1391 826 1422 hanc
849 1391 971 1433 legenti
995 1392 1109 1423 saltem
1134 1391 1233 1424 semel
1257 1391 1504 1433 ‘Kirieleysou''¹
1532 1391 1639 1423 (licere
1663 1392 1746 1423 iube.

697 1450 801 1491 Salve,
826 1452 955 1492 praesul
979 1456 1086 1482 amate
1111 1451 1191 1490 Deo,
1216 1452 1282 1483 sine
1307 1452 1451 1492 margine
1475 1452 1562 1482 salve

760 1502 800 1533 Et
825 1513 947 1533 memor
971 1505 1038 1533 esto
1064 1503 1125 1533 tuir
1149 1502 1270 1533 fratrisr
1287 1503 1481 1534 Anastasiiss.

409 1629 436 1662 *>
455 1629 622 1663 Sequitur-*in
636 1629 670 1657 C.-
690 1630 796 1664 Incipit
815 1638 904 1656 sermo
924 1630 1063 1657 Theodori
1082 1630 1231 1664 presbiteri
1251 1632 1279 1657 et
1298 1631 1410 1658 abbatis
1429 1631 1463 1658 de
1481 1633 1579 1659 sancto
1599 1631 1794 1659 Bartholomeo
1814 1633 1951 1666 apostolo.

407 1708 431 1741 ὃ)
451 1709 560 1734 salutem
582 1710 608 1740 C,
623 1708 677 1734 01.
766 1708 790 1741 h)
810 1717 861 1741 que
879 1709 921 1734 uel
947 1709 1025 1734 latine
1049 1710 1091 1734 uel
1116 1717 1190 1742 grece
1216 1710 1279 1734 add.
1296 1709 1321 1739 C,
1337 1710 1383 1734 01
1401 1709 1446 1743 (cf.
1460 1711 1534 1743 iufra
1554 1711 1571 1736 l.
1585 1710 1627 1743 9);
1653 1712 1722 1743 quod
1740 1711 1818 1743 (corr.
1832 1720 1862 1736 en:-
1887 1712 1952 1744 que)

302 1752 344 1776 uel
357 1752 438 1777 latine
451 1752 493 1776 uel
505 1760 581 1784 grece
595 1752 633 1784 (e'n
647 1761 729 1785 mar-9.
742 1757 806 1784 post.
820 1752 884 1777 add.
899 1752 944 1784 sit)
963 1753 1025 1777 add.
1038 1752 1076 1784 R,·
1094 1753 1162 1784 quod
1181 1753 1223 1777 uel
1235 1753 1326 1778 Latine
1340 1753 1381 1778 vel
1393 1754 1491 1778 Graece
1504 1754 1536 1778 sit
1549 1754 1610 1779 add.
1625 1754 1676 1778 Da.
1747 1753 1770 1785 e)
1782 1755 1952 1780 Verum-in-

300 1795 438 1819 veniantur
455 1794 555 1819 abscisa
569 1795 595 1820 0.
629 1802 631 1805 ·
667 1794 691 1826 d)
711 1795 872 1828 vel—nuper
892 1794 919 1826 (l.
933 1794 960 1825 3)
973 1795 1074 1820 abscisa
1089 1795 1115 1821 0.
1188 1794 1210 1827 e)
1228 1798 1335 1820 actenus
1356 1796 1381 1825 O,
1396 1796 1417 1820 O
1426 1799 1445 1820 1.
1516 1794 1535 1828 f)
1554 1797 1614 1822 hinc
1635 1796 1688 1822 01.
1760 1797 1785 1828 Β)
1805 1798 1881 1822 tantis
1900 1806 1952 1823 ser-

300 1838 418 1861 monibus
439 1837 486 1862 01.
549 1836 574 1868 h)
594 1846 714 1870 namque,
727 1846 854 1870 superscr.
866 1842 930 1870 post.
943 1846 976 1862 m.
991 1838 1110 1862 uidelicet
1125 1837 1162 1867 R:
1179 1838 1298 1863 videlicet
1312 1838 1362 1862 Da.
1426 1837 1444 1870 i)
1462 1843 1526 1871 aput
1541 1839 1566 1864 C.
1631 1838 1656 1871 k)
1669 1840 1826 1872 temporibus
1839 1841 1889 1865 fuit
1901 1840 1952 1866 Da.

298 1878 316 1910 l)
335 1881 438 1905 Arriani
460 1879 485 1911 O,
501 1879 552 1906 01.
631 1881 663 1911 m)
683 1881 753 1911 satis,
775 1885 841 1912 post.
854 1889 887 1905 m.
901 1888 1027 1912 superscr.
1041 1881 1115 1905 valde
1135 1880 1169 1909 B,·
1195 1880 1269 1905 valde
1288 1880 1340 1906 Da.
1428 1881 1453 1912 1ὶ)
1472 1890 1522 1906 om.
1536 1882 1588 1906 Da.
1676 1882 1700 1913 0)
1719 1883 1778 1908 fidei
1801 1884 1952 1914 constantia,

298 1931 388 1947 verum
406 1923 483 1948 etiam
502 1924 622 1948 scientiae
640 1924 724 1956 gratia
741 1927 766 1948 et
779 1924 909 1956 signorum
924 1923 1031 1955 polleret
1044 1923 1184 1948 virtutibus
1199 1923 1249 1948 Da.
1312 1922 1337 1955 1³)
1351 1924 1542 1957 insigniumque
1555 1924 1607 1950 Da.
1670 1925 1694 1956 (1)
1708 1925 1889 1951 coenobiorum
1902 1925 1953 1950 Da.

298 1967 319 1995 1“)
339 1965 421 1991 Stadii
440 1966 492 1991 Da.
563 1966 584 1997 Β)
604 1967 771 1992 Sacudiorum
784 1966 816 1991 R.
887 1966 907 1998 t)
927 1974 975 1991 om.
991 1966 1017 1997 0,
1034 1966 1055 1990 C
1064 1969 1085 1997 1,
1098 1966 1149 1990 Da.
1221 1965 1246 1997 u)
1266 1967 1405 1998 persistens
1418 1966 1470 1992 Da.
1542 1967 1565 1999 v)
1584 1976 1632 1994 om.
1646 1967 1696 1992 Da.
1769 1967 1799 1999 w)
1817 1969 1875 1993 fidei
1896 1977 1953 1994 con-

299 2010 393 2033 stantia
412 2009 474 2034 add.
489 2009 539 2033 Da.
611 2008 635 2040 X)
654 2010 767 2034 afflictus
782 2009 834 2034 01.
904 2008 929 2040 δ’)
947 2017 1047 2034 necnon
1066 2014 1090 2034 et
1108 2010 1189 2034 sancti
1208 2010 1312 2042 spiritus
1326 2011 1410 2042 gratia
1424 2010 1474 2036 Da.
1545 2010 1567 2042 z)
1588 2012 1618 2036 tle
1638 2011 1662 2036 b.
1676 2011 1872 2037 Bai-tholomaeo
1892 2013 1954 2037 satis

298 2054 386 2078 utilem
405 2054 520 2078 obscuris
545 2054 700 2079 dictionibus
725 2054 784 2078 add.
800 2053 851 2078 Da.
957 2053 980 2083 Β)
1000 2055 1097 2079 Graeco
1122 2054 1202 2078 edidit
1226 2055 1329 2085 famine,
1357 2054 1401 2086 qui
1420 2055 1518 2079 Graeco
1543 2054 1670 2079 vocabulo
1695 2052 1829 2085 ἐγκώμιον
1853 2055 1954 2084 dicitur,

299 2097 367 2128 quod
385 2098 477 2122 Latine
493 2097 657 2129 praeconium
677 2097 731 2122 sive
750 2097 808 2121 laus
827 2097 985 2129 exprimitur.
1023 2097 1073 2127 Qui
1099 2097 1132 2121 ad
1151 2097 1299 2122 Latinitatis
1323 2098 1438 2122 notitiam
1461 2097 1570 2122 fideliter
1588 2097 1735 2127 translatus,
1755 2100 1784 2122 ut
1802 2098 1953 2130 scrupulum

299 2147 398 2164 omnem
424 2140 454 2164 de
480 2140 626 2164 nutantium
651 2140 798 2172 pectoribus
824 2141 926 2164 auferat
951 2144 976 2164 et
1000 2140 1127 2172 improbas
1153 2140 1298 2165 invidorum
1323 2149 1353 2165 ac
1377 2140 1565 2165 detrahentium
1584 2141 1686 2173 linguas
1708 2140 1858 2173 comprimat
1876 2146 1953 2173 atque

299 2182 469 2214 ignorantiam
489 2183 598 2207 instruat
615 2183 762 2212 insciorum,
789 2186 974 2214 consequenter
999 2183 1123 2215 legendus
1147 2187 1192 2208 est.
1229 2184 1262 2208 Et
1288 2191 1378 2209 revera
1406 2184 1467 2215 quia
1485 2183 1604 2208 Salomon
1632 2184 1669 2208 ait
1695 2183 1796 2215 reliqua
1822 2187 1849 2208 ut
1874 2192 1955 2216 supra

300 2226 316 2249 l.
330 2228 359 2249 14
378 2225 430 2250 Da.
509 2224 534 2256 b)
553 2225 602 2250 olel.
616 2226 745 2250 escomion
765 2233 891 2257 superscr.
907 2225 939 2254 0,·
965 2226 1094 2250 escomion
1116 2226 1171 2254 01,-
1199 2227 1329 2251 eskomion
1349 2227 1380 2251 R.
1460 2226 1482 2258 c)
1501 2226 1655 2251 blibiothece
1676 2226 1702 2258 O,
1719 2225 1770 2252 01.
1841 2225 1865 2257 d)
1884 2235 1951 2252 corr.

299 2271 325 2291 ut
342 2267 392 2292 vid.
406 2275 436 2292 ea·
454 2268 531 2293 cultis
552 2268 582 2297 O,·
600 2269 676 2293 cultis
698 2268 750 2292 01.
822 2267 844 2298 θ)
863 2268 1080 2293 aemulis—velut
1098 2267 1125 2300 (l.
1138 2267 1179 2301 18)
1191 2268 1296 2300 perdita
1312 2269 1340 2293 in
1360 2268 1388 2293 0.
1458 2267 1477 2300 f)
1497 2269 1546 2294 fuit
1565 2268 1597 2300 R,
1609 2268 1661 2294 Da.
1732 2267 1757 2300 ἕ)
1781 2268 1836 2293 eius
1855 2268 1888 2299 R,
1901 2267 1953 2293 Da.

290 2308 324 2340 .¹¹)
337 2310 395 2341 quis
408 2310 470 2335 add.
484 2310 536 2335 Da.
607 2309 624 2340 i)
638 2311 746 2336 acendat
761 2310 794 2342 0,·
811 2311 933 2335 accendat
948 2310 997 2335 01.
1064 2309 1088 2341 ις)
1107 2311 1133 2335 in
1146 2319 1242 2335 rasura
1258 2311 1307 2336 01.
1376 2309 1395 2342 1)
1415 2315 1578 2337 consecutum
1592 2311 1642 2336 Da.
1714 2310 1746 2343 m)
1758 2311 1910 2344 quttsscuque
1923 2311 1955 2340 C,-

298 2361 465 2385 quoscunque
483 2353 515 2383 R,
529 2353 580 2378 Da.
691 2353 716 2385 n)
737 2362 792 2379 esse
811 2353 862 2378 Da.
974 2354 998 2385 ⁰)
1017 2354 1188 2385 gloriarentur
1207 2354 1257 2378 Da.
1363 2353 1388 2385 1))
1407 2363 1455 2379 om.
1469 2355 1500 2380 R.
1615 2354 1639 2386 (1)
1658 2354 1836 2387 kyrrieleyson
1857 2354 1878 2379 C‘
1886 2357 1907 2386 1,
1920 2354 1953 2380 R.

299 2395 320 2423 r)
339 2396 424 2420 fratris
443 2397 480 2421 tui
500 2396 552 2421 Da.

404 2472 429 2503 1)
448 2471 575 2498 Βαοειιᾶίί
593 2475 617 2498 et
636 2472 729 2499 Stadii
747 2472 970 2498 monasteriorum
990 2473 1070 2499 abbas
1088 2473 1156 2499 viaeit
1176 2476 1313 2500 759—826.
1351 2473 1392 2499 De
1416 2481 1445 2499 eo
1471 2473 1579 2507 eiusque
1604 2473 1709 2506 scriptis
1728 2474 1763 2506 cf.
1776 2474 1810 2500 A.
1823 2473 1954 2499 Ehrhard

299 2514 374 2547 apud
393 2514 430 2541 K.
442 2515 630 2542 Krumbacher
640 2515 806 2542 ‘Geschichte
824 2515 870 2541 der
887 2515 1103 2548 byzant'inischen
1120 2515 1270 2542 Litai-atur’
1282 2518 1291 2532 ²
1306 2524 1337 2549 p.
1351 2520 1408 2542 147.
1435 2516 1525 2542 Sermo
1542 2515 1573 2542 de
1590 2524 1610 2542 s.
1624 2516 1828 2543 Barthfolomaeo
1846 2516 1954 2542 habitus

298 2559 371 2583 artat
388 2557 474 2584 edit-us
492 2558 567 2592 apud
586 2559 681 2592 Miyne
701 2558 777 2585 Patr.
789 2566 886 2592 ιᾳτιιεειι
898 2557 1006 2591 XCIX,
1026 2563 1079 2586 792.
1172 2560 1199 2589 2>
1218 2560 1251 2592 I.‚
1265 2563 1403 2586 772—795.
1498 2559 1524 2593 3)
1544 2559 1609 2593 111.,
1624 2562 1758 2586 795-816,
1845 2560 1873 2591 4)
1891 2558 1953 2586 Scil.

300 2599 490 2634 Hieronymus,
525 2603 561 2635 cf.
582 2609 669 2635 supra
691 2609 720 2634 p.
733 2604 787 2627 400
820 2608 885 2627 ann.
902 2605 915 2627 1
939 2604 963 2627 et
981 2601 1071 2627 Perels
1085 2601 1100 2628 l.
1115 2601 1131 2628 l.
1141 2610 1170 2635 p.
1185 2605 1237 2628 :247
1253 2610 1318 2629 amz.
1332 2605 1354 2628 3.
1412 2601 1440 2628 V.
1459 2602 1619 2637 Hieronymi
1643 2602 1800 2636 Apoloyiam
1828 2602 1954 2628 adversus

298 2642 379 2668 libros
399 2642 503 2676 Rufini,
525 2643 564 2670 ed.
579 2644 672 2677 Miqne
690 2644 766 2671 Patr.
779 2644 825 2670 lat.
841 2643 960 2676 XXIII,
973 2647 1024 2671 397
1031 2652 1083 2677 sqq.

947 2758 1306 2772 quwffl.

1985 678 2009 697 10

1984 937 2007 955 15

1981 1460 2005 1479 25

1981 1802 2006 1822 ³0

1982 2016 2005 2035 35

1980 2231 2006 2250 4⁰

1981 2479 2005 2498 45
