<?xml version="1.0" encoding="UTF-8"?>
<!DOCTYPE html PUBLIC "-//W3C//DTD XHTML 1.0 Transitional//EN"
    "http://www.w3.org/TR/xhtml1/DTD/xhtml1-transitional.dtd">
<html xmlns="http://www.w3.org/1999/xhtml" xml:lang="en" lang="en">
 <head>
  <title>
</title>
<meta http-equiv="Content-Type" content="text/html;charset=utf-8" />
  <meta name='ocr-system' content='tesseract 3.04.00' />
  <meta name='ocr-capabilities' content='ocr_page ocr_carea ocr_par ocr_line ocrx_word'/>
</head>
<body>
  <div class='ocr_page' id='page_1' title='image "./monumentagerman07geseuoft_0298.png"; bbox 0 0 2189 3042; ppageno 0'>
   <div class='ocr_carea' id='block_1_1' title="bbox 63 2167 253 2218">
    <p class='ocr_par' dir='ltr' id='par_1_1' title="bbox 63 2167 253 2218">
     <span class='ocr_line' id='line_1_1' title="bbox 63 2167 253 2191; baseline 0 -3"><span class='ocrx_word' id='word_1_1' title='bbox 63 2169 91 2188; x_wconf 70' lang='lat' dir='ltr'>cf.</span> <span class='ocrx_word' id='word_1_2' title='bbox 101 2167 176 2187; x_wconf 60' lang='lat' dir='ltr'>natta</span> <span class='ocrx_word' id='word_1_3' title='bbox 184 2169 253 2191; x_wconf 66' lang='lat'>1⁸,123</span> 
     </span>
     <span class='ocr_line' id='line_1_2' title="bbox 100 2194 223 2218; baseline 0 -4"><span class='ocrx_word' id='word_1_4' title='bbox 100 2194 153 2214; x_wconf 89' lang='lat' dir='ltr'>Luc.</span> <span class='ocrx_word' id='word_1_5' title='bbox 163 2196 194 2218; x_wconf 81' lang='lat'>15,</span> <span class='ocrx_word' id='word_1_6' title='bbox 204 2195 223 2214; x_wconf 76' lang='lat'>4.</span> 
     </span>
    </p>
   </div>
   <div class='ocr_carea' id='block_1_2' title="bbox 65 2231 254 2255">
    <p class='ocr_par' dir='ltr' id='par_1_2' title="bbox 65 2231 254 2255">
     <span class='ocr_line' id='line_1_3' title="bbox 65 2231 254 2255; baseline -0.011 -2"><span class='ocrx_word' id='word_1_7' title='bbox 65 2234 93 2253; x_wconf 81' lang='lat' dir='ltr'>cs.</span> <span class='ocrx_word' id='word_1_8' title='bbox 100 2231 177 2252; x_wconf 78' lang='lat' dir='ltr'>Matth.</span> <span class='ocrx_word' id='word_1_9' title='bbox 184 2234 216 2255; x_wconf 68' lang='lat'>11,</span> <span class='ocrx_word' id='word_1_10' title='bbox 223 2233 254 2251; x_wconf 85' lang='lat'>30.</span> 
     </span>
    </p>
   </div>
   <div class='ocr_carea' id='block_1_3' title="bbox 252 152 1470 199">
    <p class='ocr_par' dir='ltr' id='par_1_3' title="bbox 252 152 1470 199">
     <span class='ocr_line' id='line_1_4' title="bbox 252 152 1470 199; baseline -0.017 -1"><span class='ocrx_word' id='word_1_11' title='bbox 252 170 313 199; x_wconf 59' lang='lat'>‘254</span> <span class='ocrx_word' id='word_1_12' title='bbox 681 158 858 187; x_wconf 86' lang='lat' dir='ltr'>IOHANNIS</span> <span class='ocrx_word' id='word_1_13' title='bbox 877 157 952 184; x_wconf 84' lang='lat' dir='ltr'><strong>VIII.</strong></span> <span class='ocrx_word' id='word_1_14' title='bbox 971 154 1090 182; x_wconf 83' lang='lat' dir='ltr'><strong>PAPAE</strong></span> <span class='ocrx_word' id='word_1_15' title='bbox 1112 153 1311 180; x_wconf 87' lang='lat' dir='ltr'>EPISTOLAE</span> <span class='ocrx_word' id='word_1_16' title='bbox 1334 152 1392 180; x_wconf 85' lang='lat'>304.</span> <span class='ocrx_word' id='word_1_17' title='bbox 1411 152 1470 179; x_wconf 84' lang='lat'>305.</span> 
     </span>
    </p>
   </div>
   <div class='ocr_carea' id='block_1_4' title="bbox 251 238 1960 1678">
    <p class='ocr_par' dir='ltr' id='par_1_4' title="bbox 251 238 1960 1678">
     <span class='ocr_line' id='line_1_5' title="bbox 251 238 1900 291; baseline -0.008 -8"><span class='ocrx_word' id='word_1_18' title='bbox 251 254 371 291; x_wconf 86' lang='lat' dir='ltr'>lucum,</span> <span class='ocrx_word' id='word_1_19' title='bbox 400 250 456 281; x_wconf 88' lang='lat' dir='ltr'>sed</span> <span class='ocrx_word' id='word_1_20' title='bbox 479 250 540 290; x_wconf 90' lang='lat' dir='ltr'>ipsi</span> <span class='ocrx_word' id='word_1_21' title='bbox 564 250 596 279; x_wconf 85' lang='grc'>01</span> <span class='ocrx_word' id='word_1_22' title='bbox 619 246 765 278; x_wconf 83' lang='grc'><strong>1101011103</strong></span> <span class='ocrx_word' id='word_1_23' title='bbox 789 255 899 276; x_wconf 89' lang='lat' dir='ltr'>eorum</span> <span class='ocrx_word' id='word_1_24' title='bbox 923 246 1035 274; x_wconf 85' lang='lat' dir='ltr'>contra</span> <span class='ocrx_word' id='word_1_25' title='bbox 1061 242 1132 272; x_wconf 58' lang='grc' dir='ltr'>1113ει</span> <span class='ocrx_word' id='word_1_26' title='bbox 1155 244 1188 272; x_wconf 85' lang='lat' dir='ltr'>et</span> <span class='ocrx_word' id='word_1_27' title='bbox 1211 241 1386 282; x_wconf 71' lang='lat' dir='ltr'>equitatem</span> <span class='ocrx_word' id='word_1_28' title='bbox 1411 239 1517 270; x_wconf 90' lang='lat' dir='ltr'>omnia</span> <span class='ocrx_word' id='word_1_29' title='bbox 1540 238 1679 270; x_wconf 88' lang='lat' dir='ltr'>retinere</span> <span class='ocrx_word' id='word_1_30' title='bbox 1703 239 1900 278; x_wconf 68' lang='lat' dir='ltr'>presumunt.</span> 
     </span>
     <span class='ocr_line' id='line_1_6' title="bbox 252 288 1901 339; baseline -0.01 -5"><span class='ocrx_word' id='word_1_31' title='bbox 252 304 335 334; x_wconf 86' lang='lat' dir='ltr'>Nam</span> <span class='ocrx_word' id='word_1_32' title='bbox 364 302 456 333; x_wconf 88' lang='lat' dir='ltr'>nobis</span> <span class='ocrx_word' id='word_1_33' title='bbox 482 301 514 331; x_wconf 89' lang='lat' dir='ltr'>in</span> <span class='ocrx_word' id='word_1_34' title='bbox 538 297 740 339; x_wconf 74' lang='lat' dir='ltr'>Pentapolib,</span> <span class='ocrx_word' id='word_1_35' title='bbox 769 296 830 327; x_wconf 91' lang='lat' dir='ltr'>hoc</span> <span class='ocrx_word' id='word_1_36' title='bbox 860 298 909 326; x_wconf 87' lang='lat' dir='ltr'>est</span> <span class='ocrx_word' id='word_1_37' title='bbox 937 295 969 325; x_wconf 92' lang='lat' dir='ltr'>in</span> <span class='ocrx_word' id='word_1_38' title='bbox 992 293 1071 325; x_wconf 91' lang='lat' dir='ltr'>urbe</span> <span class='ocrx_word' id='word_1_39' title='bbox 1095 292 1202 332; x_wconf 86' lang='lat' dir='ltr'>Fano,</span> <span class='ocrx_word' id='word_1_40' title='bbox 1232 290 1479 322; x_wconf 79' lang='lat' dir='ltr'>consistentibus</span> <span class='ocrx_word' id='word_1_41' title='bbox 1501 289 1686 321; x_wconf 86' lang='lat' dir='ltr'>Adelardus</span> <span class='ocrx_word' id='word_1_42' title='bbox 1709 288 1901 320; x_wconf 88' lang='lat' dir='ltr'>reverentis-</span> 
     </span>
     <span class='ocr_line' id='line_1_7' title="bbox 252 340 1902 394; baseline -0.01 -9"><span class='ocrx_word' id='word_1_43' title='bbox 252 355 350 385; x_wconf 81' lang='lat' dir='ltr'>simus</span> <span class='ocrx_word' id='word_1_44' title='bbox 374 351 563 394; x_wconf 75' lang='lat' dir='ltr'>episcopus¹</span> <span class='ocrx_word' id='word_1_45' title='bbox 587 352 620 381; x_wconf 87' lang='lat' dir='ltr'>et</span> <span class='ocrx_word' id='word_1_46' title='bbox 643 349 804 380; x_wconf 87' lang='lat' dir='ltr'>diliciosus</span> <span class='ocrx_word' id='word_1_47' title='bbox 827 350 934 378; x_wconf 89' lang='lat' dir='ltr'>vester</span> <span class='ocrx_word' id='word_1_48' title='bbox 957 345 1197 385; x_wconf 89' lang='lat' dir='ltr'>communisque</span> <span class='ocrx_word' id='word_1_49' title='bbox 1221 343 1344 374; x_wconf 80' lang='lat' dir='ltr'>fidelisc</span> <span class='ocrx_word' id='word_1_50' title='bbox 1368 341 1542 373; x_wconf 88' lang='lat' dir='ltr'>secundum</span> <span class='ocrx_word' id='word_1_51' title='bbox 1559 343 1663 380; x_wconf 72' lang='lat' dir='ltr'>vestre</span> <span class='ocrx_word' id='word_1_52' title='bbox 1689 340 1902 381; x_wconf 82' lang='lat' dir='ltr'>delegationis</span> 
     </span>
     <span class='ocr_line' id='line_1_8' title="bbox 253 391 1904 441; baseline -0.009 -5"><span class='ocrx_word' id='word_1_53' title='bbox 253 407 371 436; x_wconf 85' lang='lat' dir='ltr'>iussum</span> <span class='ocrx_word' id='word_1_54' title='bbox 396 403 525 434; x_wconf 79' lang='lat' dir='ltr'>advenit</span> <span class='ocrx_word' id='word_1_55' title='bbox 550 406 581 432; x_wconf 90' lang='lat' dir='ltr'>et</span> <span class='ocrx_word' id='word_1_56' title='bbox 604 401 648 432; x_wconf 91' lang='lat' dir='ltr'>ibi</span> <span class='ocrx_word' id='word_1_57' title='bbox 672 399 789 441; x_wconf 71' lang='lat' dir='ltr'>prefati</span> <span class='ocrx_word' id='word_1_58' title='bbox 812 398 970 430; x_wconf 88' lang='lat' dir='ltr'>Uuidonis</span> <span class='ocrx_word' id='word_1_59' title='bbox 994 400 1027 428; x_wconf 88' lang='lat' dir='ltr'>et</span> <span class='ocrx_word' id='word_1_60' title='bbox 1049 395 1224 427; x_wconf 79' lang='lat' dir='ltr'><strong>satellitum</strong></span> <span class='ocrx_word' id='word_1_61' title='bbox 1249 395 1330 435; x_wconf 89' lang='grc'><strong>01113,</strong></span> <span class='ocrx_word' id='word_1_62' title='bbox 1361 395 1415 435; x_wconf 90' lang='lat' dir='ltr'>qui</span> <span class='ocrx_word' id='word_1_63' title='bbox 1438 396 1547 424; x_wconf 87' lang='lat' dir='ltr'>nostra</span> <span class='ocrx_word' id='word_1_64' title='bbox 1577 392 1735 423; x_wconf 88' lang='lat' dir='ltr'>violenter</span> <span class='ocrx_word' id='word_1_65' title='bbox 1763 391 1904 422; x_wconf 90' lang='lat' dir='ltr'>tulerunt</span> 
     </span>
     <span class='ocr_line' id='line_1_9' title="bbox 253 442 1947 495; baseline -0.009 -8"><span class='ocrx_word' id='word_1_66' title='bbox 253 467 290 487; x_wconf 76' lang='lat' dir='ltr'>ac</span> <span class='ocrx_word' id='word_1_67' title='bbox 324 456 476 493; x_wconf 77' lang='lat' dir='ltr'>retinent,</span> <span class='ocrx_word' id='word_1_68' title='bbox 506 453 700 495; x_wconf 80' lang='lat' dir='ltr'>presentiam</span> <span class='ocrx_word' id='word_1_69' title='bbox 734 449 901 492; x_wconf 69' lang='lat' dir='ltr'>prestolati</span> <span class='ocrx_word' id='word_1_70' title='bbox 936 459 1057 487; x_wconf 89' lang='lat' dir='ltr'>sumus,</span> <span class='ocrx_word' id='word_1_71' title='bbox 1087 451 1245 488; x_wconf 84' lang='lat' dir='ltr'>quatenus</span> <span class='ocrx_word' id='word_1_72' title='bbox 1277 445 1328 477; x_wconf 92' lang='lat' dir='ltr'>vel</span> <span class='ocrx_word' id='word_1_73' title='bbox 1356 445 1430 476; x_wconf 90' lang='lat' dir='ltr'>inde</span> <span class='ocrx_word' id='word_1_74' title='bbox 1468 445 1570 476; x_wconf 82' lang='lat' dir='ltr'>omnis</span> <span class='ocrx_word' id='word_1_75' title='bbox 1605 442 1838 475; x_wconf 75' lang='lat' dir='ltr'>emendationis</span> <span class='ocrx_word' id='word_1_76' title='bbox 1872 444 1905 472; x_wconf 88' lang='lat' dir='ltr'>et</span> <span class='ocrx_word' id='word_1_77' title='bbox 1935 451 1947 471; x_wconf 80' lang='lat'>⁵</span> 
     </span>
     <span class='ocr_line' id='line_1_10' title="bbox 254 494 1904 547; baseline -0.008 -9"><span class='ocrx_word' id='word_1_78' title='bbox 254 507 371 547; x_wconf 70' lang='lat' dir='ltr'>iustitie</span> <span class='ocrx_word' id='word_1_79' title='bbox 407 508 501 546; x_wconf 86' lang='lat' dir='ltr'>cepto</span> <span class='ocrx_word' id='word_1_80' title='bbox 535 504 625 534; x_wconf 88' lang='lat' dir='ltr'>initio</span> <span class='ocrx_word' id='word_1_81' title='bbox 660 513 717 544; x_wconf 88' lang='lat' dir='ltr'>per</span> <span class='ocrx_word' id='word_1_82' title='bbox 750 504 873 532; x_wconf 85' lang='lat' dir='ltr'>ceteras</span> <span class='ocrx_word' id='word_1_83' title='bbox 907 499 1003 530; x_wconf 88' lang='lat' dir='ltr'>urbes</span> <span class='ocrx_word' id='word_1_84' title='bbox 1039 499 1078 530; x_wconf 91' lang='lat' dir='ltr'>de</span> <span class='ocrx_word' id='word_1_85' title='bbox 1107 498 1253 529; x_wconf 90' lang='lat' dir='ltr'>omnibus</span> <span class='ocrx_word' id='word_1_86' title='bbox 1281 497 1373 528; x_wconf 85' lang='lat' dir='ltr'>iuxta</span> <span class='ocrx_word' id='word_1_87' title='bbox 1403 496 1573 536; x_wconf 67' lang='lat' dir='ltr'>clementie</span> <span class='ocrx_word' id='word_1_88' title='bbox 1600 498 1706 535; x_wconf 68' lang='lat' dir='ltr'>vestre</span> <span class='ocrx_word' id='word_1_89' title='bbox 1739 494 1904 525; x_wconf 88' lang='lat' dir='ltr'>decretum</span> 
     </span>
     <span class='ocr_line' id='line_1_11' title="bbox 254 545 1904 599; baseline -0.008 -10"><span class='ocrx_word' id='word_1_90' title='bbox 254 557 439 599; x_wconf 88' lang='lat' dir='ltr'>recipiendo</span> <span class='ocrx_word' id='word_1_91' title='bbox 463 566 570 588; x_wconf 88' lang='lat' dir='ltr'>coram</span> <span class='ocrx_word' id='word_1_92' title='bbox 594 555 702 596; x_wconf 86' lang='lat' dir='ltr'>legato</span> <span class='ocrx_word' id='word_1_93' title='bbox 720 556 825 584; x_wconf 87' lang='lat' dir='ltr'>vestro</span> <span class='ocrx_word' id='word_1_94' title='bbox 841 552 978 582; x_wconf 85' lang='lat' dir='ltr'>iustitias</span> <span class='ocrx_word' id='word_1_95' title='bbox 994 551 1115 592; x_wconf 86' lang='lat' dir='ltr'>pariter</span> <span class='ocrx_word' id='word_1_96' title='bbox 1131 549 1415 590; x_wconf 86' lang='lat' dir='ltr'>proficisceremur.</span> <span class='ocrx_word' id='word_1_97' title='bbox 1455 547 1520 579; x_wconf 84' lang='lat' dir='ltr'>Sed</span> <span class='ocrx_word' id='word_1_98' title='bbox 1535 547 1591 578; x_wconf 94' lang='grc'><strong>1110</strong></span> <span class='ocrx_word' id='word_1_99' title='bbox 1608 556 1736 588; x_wconf 80' lang='lat' dir='ltr'>semper</span> <span class='ocrx_word' id='word_1_100' title='bbox 1753 545 1904 587; x_wconf 82' lang='lat' dir='ltr'>fugiendo</span> 
     </span>
     <span class='ocr_line' id='line_1_12' title="bbox 256 597 1906 646; baseline -0.007 -6"><span class='ocrx_word' id='word_1_101' title='bbox 256 609 407 641; x_wconf 86' lang='lat' dir='ltr'>iudicium</span> <span class='ocrx_word' id='word_1_102' title='bbox 431 612 463 639; x_wconf 85' lang='lat' dir='ltr'>et</span> <span class='ocrx_word' id='word_1_103' title='bbox 485 610 589 646; x_wconf 71' lang='lat' dir='ltr'>vestre</span> <span class='ocrx_word' id='word_1_104' title='bbox 614 605 760 636; x_wconf 89' lang='lat' dir='ltr'>iussionis</span> <span class='ocrx_word' id='word_1_105' title='bbox 783 604 959 645; x_wconf 78' lang='lat' dir='ltr'>piissimam</span> <span class='ocrx_word' id='word_1_106' title='bbox 983 602 1181 633; x_wconf 85' lang='lat' dir='ltr'>sanctionem</span> <span class='ocrx_word' id='word_1_107' title='bbox 1206 601 1321 632; x_wconf 83' lang='lat' dir='ltr'>callide</span> <span class='ocrx_word' id='word_1_108' title='bbox 1346 599 1537 631; x_wconf 84' lang='lat' dir='ltr'>declinando</span> <span class='ocrx_word' id='word_1_109' title='bbox 1561 609 1624 630; x_wconf 91' lang='lat' dir='ltr'>non</span> <span class='ocrx_word' id='word_1_110' title='bbox 1647 599 1807 638; x_wconf 85' lang='lat' dir='ltr'>veniente,</span> <span class='ocrx_word' id='word_1_111' title='bbox 1831 597 1906 638; x_wconf 86' lang='lat' dir='ltr'>quia</span> 
     </span>
     <span class='ocr_line' id='line_1_13' title="bbox 255 649 1906 700; baseline -0.008 -8"><span class='ocrx_word' id='word_1_112' title='bbox 255 661 346 692; x_wconf 88' lang='lat' dir='ltr'>nobis</span> <span class='ocrx_word' id='word_1_113' title='bbox 382 661 448 690; x_wconf 87' lang='lat' dir='ltr'>sine</span> <span class='ocrx_word' id='word_1_114' title='bbox 480 659 625 700; x_wconf 84' lang='lat' dir='ltr'>profectu</span> <span class='ocrx_word' id='word_1_115' title='bbox 654 657 761 697; x_wconf 77' lang='lat' dir='ltr'>aliquo</span> <span class='ocrx_word' id='word_1_116' title='bbox 793 666 850 696; x_wconf 88' lang='lat' dir='ltr'>per</span> <span class='ocrx_word' id='word_1_117' title='bbox 878 655 963 696; x_wconf 85' lang='lat' dir='ltr'>ipsas</span> <span class='ocrx_word' id='word_1_118' title='bbox 992 654 1152 692; x_wconf 82' lang='lat' dir='ltr'>civitates,</span> <span class='ocrx_word' id='word_1_119' title='bbox 1183 652 1266 694; x_wconf 67' lang='lat' dir='ltr'>qued</span> <span class='ocrx_word' id='word_1_120' title='bbox 1298 652 1425 682; x_wconf 89' lang='lat' dir='ltr'>illorum</span> <span class='ocrx_word' id='word_1_121' title='bbox 1458 651 1644 692; x_wconf 82' lang='lat' dir='ltr'>gravamine</span> <span class='ocrx_word' id='word_1_122' title='bbox 1674 649 1906 690; x_wconf 76' lang='lat' dir='ltr'>opprimuntur,</span> 
     </span>
     <span class='ocr_line' id='line_1_14' title="bbox 256 698 1952 754; baseline -0.008 -11"><span class='ocrx_word' id='word_1_123' title='bbox 256 712 431 754; x_wconf 73' lang='lat' dir='ltr'>proficiscie</span> <span class='ocrx_word' id='word_1_124' title='bbox 462 711 627 742; x_wconf 86' lang='lat' dir='ltr'>evidenter</span> <span class='ocrx_word' id='word_1_125' title='bbox 659 708 764 739; x_wconf 81' lang='lat' dir='ltr'>extitit</span> <span class='ocrx_word' id='word_1_126' title='bbox 799 706 1017 745; x_wconf 82' lang='lat' dir='ltr'>manifestum,</span> <span class='ocrx_word' id='word_1_127' title='bbox 1054 705 1228 736; x_wconf 87' lang='lat' dir='ltr'>direximus</span> <span class='ocrx_word' id='word_1_128' title='bbox 1263 714 1334 734; x_wconf 93' lang='lat' dir='ltr'>cum</span> <span class='ocrx_word' id='word_1_129' title='bbox 1370 702 1486 733; x_wconf 89' lang='lat' dir='ltr'>eodem</span> <span class='ocrx_word' id='word_1_130' title='bbox 1517 702 1683 733; x_wconf 88' lang='lat' dir='ltr'>Adelardo</span> <span class='ocrx_word' id='word_1_131' title='bbox 1717 698 1952 732; x_wconf 76' lang='lat' dir='ltr'>venerabilifm</span> 
     </span>
     <span class='ocr_line' id='line_1_15' title="bbox 257 752 1909 805; baseline -0.008 -10"><span class='ocrx_word' id='word_1_132' title='bbox 257 765 407 805; x_wconf 75' lang='lat' dir='ltr'>episcopo</span> <span class='ocrx_word' id='word_1_133' title='bbox 435 763 530 793; x_wconf 88' lang='lat' dir='ltr'>misso</span> <span class='ocrx_word' id='word_1_134' title='bbox 555 763 661 792; x_wconf 86' lang='lat' dir='ltr'>vestro</span> <span class='ocrx_word' id='word_1_135' title='bbox 684 759 897 800; x_wconf 88' lang='lat' dir='ltr'>Uualpertum</span> <span class='ocrx_word' id='word_1_136' title='bbox 925 756 1218 788; x_wconf 87' lang='lat' dir='ltr'>reverentissimum</span> <span class='ocrx_word' id='word_1_137' title='bbox 1242 755 1449 796; x_wconf 84' lang='lat' dir='ltr'>episcopum²</span> <span class='ocrx_word' id='word_1_138' title='bbox 1474 757 1506 785; x_wconf 87' lang='lat' dir='ltr'>et</span> <span class='ocrx_word' id='word_1_139' title='bbox 1535 753 1665 784; x_wconf 88' lang='lat' dir='ltr'>fidelem</span> <span class='ocrx_word' id='word_1_140' title='bbox 1694 752 1909 784; x_wconf 88' lang='lat' dir='ltr'>consiliarium</span> 
     </span>
     <span class='ocr_line' id='line_1_16' title="bbox 257 803 1910 855; baseline -0.007 -9"><span class='ocrx_word' id='word_1_141' title='bbox 257 818 410 854; x_wconf 85' lang='lat' dir='ltr'>nostrum,</span> <span class='ocrx_word' id='word_1_142' title='bbox 432 815 485 855; x_wconf 92' lang='lat' dir='ltr'>qui</span> <span class='ocrx_word' id='word_1_143' title='bbox 502 813 571 844; x_wconf 82' lang='lat' dir='ltr'>vice</span> <span class='ocrx_word' id='word_1_144' title='bbox 595 814 703 842; x_wconf 86' lang='lat' dir='ltr'>nostra</span> <span class='ocrx_word' id='word_1_145' title='bbox 727 811 903 851; x_wconf 85' lang='lat' dir='ltr'>recepisset</span> <span class='ocrx_word' id='word_1_146' title='bbox 927 814 985 840; x_wconf 81' lang='lat' dir='ltr'>eag</span> <span class='ocrx_word' id='word_1_147' title='bbox 1002 808 1073 839; x_wconf 84' lang='lat' dir='ltr'>loca</span> <span class='ocrx_word' id='word_1_148' title='bbox 1096 808 1160 838; x_wconf 83' lang='lat' dir='ltr'>iam</span> <span class='ocrx_word' id='word_1_149' title='bbox 1185 807 1234 837; x_wconf 89' lang='lat' dir='ltr'>bis</span> <span class='ocrx_word' id='word_1_150' title='bbox 1254 805 1347 837; x_wconf 87' lang='lat' dir='ltr'>nobis</span> <span class='ocrx_word' id='word_1_151' title='bbox 1370 807 1401 836; x_wconf 91' lang='lat' dir='ltr'>in</span> <span class='ocrx_word' id='word_1_152' title='bbox 1418 808 1524 837; x_wconf 84' lang='lat' dir='ltr'>vestra</span> <span class='ocrx_word' id='word_1_153' title='bbox 1544 805 1707 846; x_wconf 74' lang='lat' dir='ltr'>presentia</span> <span class='ocrx_word' id='word_1_154' title='bbox 1726 803 1854 835; x_wconf 88' lang='lat' dir='ltr'>reddita</span> <span class='ocrx_word' id='word_1_155' title='bbox 1877 805 1910 834; x_wconf 88' lang='lat' dir='ltr'>et</span> 
     </span>
     <span class='ocr_line' id='line_1_17' title="bbox 257 855 1910 908; baseline -0.007 -11"><span class='ocrx_word' id='word_1_156' title='bbox 257 867 434 908; x_wconf 84' lang='lat' dir='ltr'>legitimam</span> <span class='ocrx_word' id='word_1_157' title='bbox 459 865 498 896; x_wconf 88' lang='lat' dir='ltr'>de</span> <span class='ocrx_word' id='word_1_158' title='bbox 516 864 585 895; x_wconf 88' lang='lat' dir='ltr'>aliis</span> <span class='ocrx_word' id='word_1_159' title='bbox 603 863 749 895; x_wconf 88' lang='lat' dir='ltr'>omuibus</span> <span class='ocrx_word' id='word_1_160' title='bbox 769 861 1038 893; x_wconf 85' lang='lat' dir='ltr'>emendationem.</span> <span class='ocrx_word' id='word_1_161' title='bbox 1085 859 1148 896; x_wconf 82' lang='lat' dir='ltr'>Qui</span> <span class='ocrx_word' id='word_1_162' title='bbox 1164 858 1314 889; x_wconf 85' lang='lat' dir='ltr'>videlicet</span> <span class='ocrx_word' id='word_1_163' title='bbox 1335 857 1473 899; x_wconf 87' lang='lat' dir='ltr'>profecti</span> <span class='ocrx_word' id='word_1_164' title='bbox 1492 857 1613 888; x_wconf 91' lang='lat' dir='ltr'>nullum</span> <span class='ocrx_word' id='word_1_165' title='bbox 1634 857 1753 897; x_wconf 67' lang='lat' dir='ltr'>iustitie</span> <span class='ocrx_word' id='word_1_166' title='bbox 1772 855 1910 886; x_wconf 84' lang='lat' dir='ltr'>fructum</span> 
     </span>
     <span class='ocr_line' id='line_1_18' title="bbox 257 907 1909 958; baseline -0.007 -9"><span class='ocrx_word' id='word_1_167' title='bbox 257 918 449 958; x_wconf 83' lang='lat' dir='ltr'>recipientes</span> <span class='ocrx_word' id='word_1_168' title='bbox 481 916 522 947; x_wconf 88' lang='lat' dir='ltr'>ad</span> <span class='ocrx_word' id='word_1_169' title='bbox 550 926 606 946; x_wconf 89' lang='lat' dir='ltr'>nos</span> <span class='ocrx_word' id='word_1_170' title='bbox 636 915 754 946; x_wconf 89' lang='lat' dir='ltr'>reversi</span> <span class='ocrx_word' id='word_1_171' title='bbox 785 916 869 953; x_wconf 81' lang='lat' dir='ltr'>sunt,</span> <span class='ocrx_word' id='word_1_172' title='bbox 901 923 958 943; x_wconf 86' lang='lat' dir='ltr'>nos</span> <span class='ocrx_word' id='word_1_173' title='bbox 989 915 1098 943; x_wconf 90' lang='lat' dir='ltr'>autem</span> <span class='ocrx_word' id='word_1_174' title='bbox 1127 909 1276 949; x_wconf 74' lang='lat' dir='ltr'>omnemh</span> <span class='ocrx_word' id='word_1_175' title='bbox 1301 909 1516 940; x_wconf 77' lang='lat' dir='ltr'>excusationis</span> <span class='ocrx_word' id='word_1_176' title='bbox 1548 919 1659 939; x_wconf 88' lang='lat' dir='ltr'>eorum</span> <span class='ocrx_word' id='word_1_177' title='bbox 1688 907 1909 939; x_wconf 82' lang='lat' dir='ltr'>defensionem</span> 
     </span>
     <span class='ocr_line' id='line_1_19' title="bbox 258 959 1954 1011; baseline -0.008 -10"><span class='ocrx_word' id='word_1_178' title='bbox 258 971 385 1011; x_wconf 87' lang='lat' dir='ltr'>penitus</span> <span class='ocrx_word' id='word_1_179' title='bbox 409 969 534 1000; x_wconf 84' lang='lat' dir='ltr'>auferre</span> <span class='ocrx_word' id='word_1_180' title='bbox 552 968 696 998; x_wconf 88' lang='lat' dir='ltr'>volentes</span> <span class='ocrx_word' id='word_1_181' title='bbox 721 965 919 997; x_wconf 83' lang='lat' dir='ltr'>decrevimus</span> <span class='ocrx_word' id='word_1_182' title='bbox 943 974 998 994; x_wconf 88' lang='lat' dir='ltr'>eos</span> <span class='ocrx_word' id='word_1_183' title='bbox 1021 964 1137 994; x_wconf 88' lang='lat' dir='ltr'>iterum</span> <span class='ocrx_word' id='word_1_184' title='bbox 1161 963 1299 1000; x_wconf 83' lang='lat' dir='ltr'>mittere,</span> <span class='ocrx_word' id='word_1_185' title='bbox 1323 963 1357 991; x_wconf 92' lang='lat' dir='ltr'>ut</span> <span class='ocrx_word' id='word_1_186' title='bbox 1380 960 1494 991; x_wconf 83' lang='lat' dir='ltr'>saltem</span> <span class='ocrx_word' id='word_1_187' title='bbox 1518 959 1723 1001; x_wconf 89' lang='lat' dir='ltr'>postmodum</span> <span class='ocrx_word' id='word_1_188' title='bbox 1747 960 1908 1000; x_wconf 88' lang='lat' dir='ltr'>recipere-</span> <span class='ocrx_word' id='word_1_189' title='bbox 1929 967 1954 986; x_wconf 82' lang='lat'>1⁵</span> 
     </span>
     <span class='ocr_line' id='line_1_20' title="bbox 259 1010 1910 1057; baseline -0.007 -5"><span class='ocrx_word' id='word_1_190' title='bbox 259 1032 328 1052; x_wconf 88' lang='lat' dir='ltr'>mus</span> <span class='ocrx_word' id='word_1_191' title='bbox 351 1021 514 1051; x_wconf 80' lang='lat' dir='ltr'>iustitiam.</span> <span class='ocrx_word' id='word_1_192' title='bbox 561 1018 622 1054; x_wconf 83' lang='lat' dir='ltr'>Qui</span> <span class='ocrx_word' id='word_1_193' title='bbox 647 1028 718 1048; x_wconf 90' lang='lat' dir='ltr'>cum</span> <span class='ocrx_word' id='word_1_194' title='bbox 742 1017 784 1047; x_wconf 88' lang='lat' dir='ltr'>ad</span> <span class='ocrx_word' id='word_1_195' title='bbox 807 1015 986 1057; x_wconf 68' lang='lat' dir='ltr'>predictum</span> <span class='ocrx_word' id='word_1_196' title='bbox 1011 1014 1193 1045; x_wconf 89' lang='lat' dir='ltr'>Uuidonem</span> <span class='ocrx_word' id='word_1_197' title='bbox 1218 1023 1341 1043; x_wconf 88' lang='lat' dir='ltr'>rursum</span> <span class='ocrx_word' id='word_1_198' title='bbox 1365 1011 1530 1052; x_wconf 69' lang='lat' dir='ltr'>abissenti,</span> <span class='ocrx_word' id='word_1_199' title='bbox 1554 1011 1651 1042; x_wconf 87' lang='lat' dir='ltr'>nichil</span> <span class='ocrx_word' id='word_1_200' title='bbox 1675 1010 1910 1042; x_wconf 86' lang='lat' dir='ltr'>emendationis</span> 
     </span>
     <span class='ocr_line' id='line_1_21' title="bbox 260 1062 1910 1114; baseline -0.007 -10"><span class='ocrx_word' id='word_1_201' title='bbox 260 1073 419 1114; x_wconf 91' lang='lat' dir='ltr'>nichilque</span> <span class='ocrx_word' id='word_1_202' title='bbox 437 1071 625 1102; x_wconf 82' lang='lat' dir='ltr'>redditionis</span> <span class='ocrx_word' id='word_1_203' title='bbox 642 1070 682 1100; x_wconf 91' lang='lat' dir='ltr'>ab</span> <span class='ocrx_word' id='word_1_204' title='bbox 700 1080 738 1100; x_wconf 92' lang='lat' dir='ltr'>eo</span> <span class='ocrx_word' id='word_1_205' title='bbox 755 1069 805 1100; x_wconf 91' lang='lat' dir='ltr'>vel</span> <span class='ocrx_word' id='word_1_206' title='bbox 827 1067 1016 1109; x_wconf 80' lang='lat' dir='ltr'>sequacibus</span> <span class='ocrx_word' id='word_1_207' title='bbox 1034 1067 1112 1105; x_wconf 79' lang='lat' dir='ltr'>eius,</span> <span class='ocrx_word' id='word_1_208' title='bbox 1129 1067 1210 1097; x_wconf 89' lang='lat' dir='ltr'>sicut</span> <span class='ocrx_word' id='word_1_209' title='bbox 1226 1065 1417 1106; x_wconf 85' lang='lat' dir='ltr'>promissum</span> <span class='ocrx_word' id='word_1_210' title='bbox 1434 1063 1548 1102; x_wconf 88' lang='lat' dir='ltr'>fuerat,</span> <span class='ocrx_word' id='word_1_211' title='bbox 1565 1062 1709 1103; x_wconf 89' lang='lat' dir='ltr'>recipere</span> <span class='ocrx_word' id='word_1_212' title='bbox 1728 1064 1910 1103; x_wconf 90' lang='lat' dir='ltr'>potuerunt,</span> 
     </span>
     <span class='ocr_line' id='line_1_22' title="bbox 261 1114 1911 1163; baseline -0.007 -7"><span class='ocrx_word' id='word_1_213' title='bbox 261 1125 318 1156; x_wconf 86' lang='lat' dir='ltr'>sed</span> <span class='ocrx_word' id='word_1_214' title='bbox 334 1127 368 1155; x_wconf 91' lang='lat' dir='ltr'>ut</span> <span class='ocrx_word' id='word_1_215' title='bbox 385 1128 479 1155; x_wconf 85' lang='lat' dir='ltr'>antea</span> <span class='ocrx_word' id='word_1_216' title='bbox 503 1123 569 1153; x_wconf 90' lang='lat' dir='ltr'>sine</span> <span class='ocrx_word' id='word_1_217' title='bbox 593 1122 700 1163; x_wconf 86' lang='lat' dir='ltr'>aliquo</span> <span class='ocrx_word' id='word_1_218' title='bbox 725 1120 765 1151; x_wconf 86' lang='lat' dir='ltr'>ad</span> <span class='ocrx_word' id='word_1_219' title='bbox 787 1131 844 1151; x_wconf 88' lang='lat' dir='ltr'>nos</span> <span class='ocrx_word' id='word_1_220' title='bbox 869 1119 986 1150; x_wconf 87' lang='lat' dir='ltr'>effectu</span> <span class='ocrx_word' id='word_1_221' title='bbox 1010 1118 1062 1150; x_wconf 79' lang='lat' dir='ltr'>etk</span> <span class='ocrx_word' id='word_1_222' title='bbox 1079 1117 1231 1148; x_wconf 70' lang='lat' dir='ltr'>nosterk*</span> <span class='ocrx_word' id='word_1_223' title='bbox 1248 1127 1394 1148; x_wconf 86' lang='lat' dir='ltr'>reversus</span> <span class='ocrx_word' id='word_1_224' title='bbox 1418 1119 1467 1147; x_wconf 89' lang='lat' dir='ltr'>est</span> <span class='ocrx_word' id='word_1_225' title='bbox 1491 1118 1524 1147; x_wconf 89' lang='lat' dir='ltr'>et</span> <span class='ocrx_word' id='word_1_226' title='bbox 1538 1117 1644 1146; x_wconf 87' lang='lat' dir='ltr'>vester</span> <span class='ocrx_word' id='word_1_227' title='bbox 1660 1114 1701 1145; x_wconf 87' lang='lat' dir='ltr'>ad</span> <span class='ocrx_word' id='word_1_228' title='bbox 1718 1125 1773 1145; x_wconf 89' lang='lat' dir='ltr'>vos</span> <span class='ocrx_word' id='word_1_229' title='bbox 1790 1114 1911 1154; x_wconf 86' lang='lat' dir='ltr'>absque</span> 
     </span>
     <span class='ocr_line' id='line_1_23' title="bbox 260 1165 1911 1215; baseline -0.007 -8"><span class='ocrx_word' id='word_1_230' title='bbox 260 1176 379 1215; x_wconf 66' lang='lat' dir='ltr'>iustitie</span> <span class='ocrx_word' id='word_1_231' title='bbox 405 1175 674 1215; x_wconf 77' lang='lat' dir='ltr'>contemplatione</span> <span class='ocrx_word' id='word_1_232' title='bbox 699 1171 882 1203; x_wconf 83' lang='lat' dir='ltr'>omnimodo</span> <span class='ocrx_word' id='word_1_233' title='bbox 908 1170 1015 1211; x_wconf 88' lang='lat' dir='ltr'>rediit,</span> <span class='ocrx_word' id='word_1_234' title='bbox 1044 1169 1189 1210; x_wconf 83' lang='lat' dir='ltr'>quamvis</span> <span class='ocrx_word' id='word_1_235' title='bbox 1215 1168 1338 1209; x_wconf 81' lang='lat' dir='ltr'>ingenti</span> <span class='ocrx_word' id='word_1_236' title='bbox 1367 1171 1399 1198; x_wconf 90' lang='lat' dir='ltr'>et</span> <span class='ocrx_word' id='word_1_237' title='bbox 1425 1167 1513 1198; x_wconf 90' lang='lat' dir='ltr'>fideli</span> <span class='ocrx_word' id='word_1_238' title='bbox 1543 1165 1714 1197; x_wconf 86' lang='lat' dir='ltr'>devotione</span> <span class='ocrx_word' id='word_1_239' title='bbox 1743 1166 1812 1206; x_wconf 87' lang='lat' dir='ltr'>ipse</span> <span class='ocrx_word' id='word_1_240' title='bbox 1837 1175 1911 1196; x_wconf 89' lang='lat' dir='ltr'>con-</span> 
     </span>
     <span class='ocr_line' id='line_1_24' title="bbox 262 1217 1958 1262; baseline -0.007 -4"><span class='ocrx_word' id='word_1_241' title='bbox 262 1227 372 1258; x_wconf 82' lang='lat' dir='ltr'>frater¹</span> <span class='ocrx_word' id='word_1_242' title='bbox 396 1229 504 1257; x_wconf 81' lang='lat' dir='ltr'>noster</span> <span class='ocrx_word' id='word_1_243' title='bbox 527 1224 708 1256; x_wconf 85' lang='lat' dir='ltr'>Adelardus</span> <span class='ocrx_word' id='word_1_244' title='bbox 741 1223 782 1254; x_wconf 83' lang='lat' dir='ltr'>ad</span> <span class='ocrx_word' id='word_1_245' title='bbox 810 1222 963 1253; x_wconf 89' lang='lat' dir='ltr'>iustitiam</span> <span class='ocrx_word' id='word_1_246' title='bbox 993 1220 1187 1262; x_wconf 77' lang='lat' dir='ltr'>exigendam</span> <span class='ocrx_word' id='word_1_247' title='bbox 1217 1218 1414 1250; x_wconf 86' lang='lat' dir='ltr'>multimodis</span> <span class='ocrx_word' id='word_1_248' title='bbox 1439 1218 1645 1249; x_wconf 86' lang='lat' dir='ltr'>decertasset.</span> <span class='ocrx_word' id='word_1_249' title='bbox 1696 1217 1788 1248; x_wconf 90' lang='lat' dir='ltr'>Nunc</span> <span class='ocrx_word' id='word_1_250' title='bbox 1816 1217 1914 1258; x_wconf 90' lang='lat' dir='ltr'>igitur</span> <span class='ocrx_word' id='word_1_251' title='bbox 1931 1224 1958 1243; x_wconf 79' lang='lat'>2⁰</span> 
     </span>
     <span class='ocr_line' id='line_1_25' title="bbox 262 1268 1915 1321; baseline -0.007 -12"><span class='ocrx_word' id='word_1_252' title='bbox 262 1290 320 1321; x_wconf 87' lang='lat' dir='ltr'>pro</span> <span class='ocrx_word' id='word_1_253' title='bbox 338 1281 425 1309; x_wconf 88' lang='lat' dir='ltr'>certo</span> <span class='ocrx_word' id='word_1_254' title='bbox 442 1278 579 1307; x_wconf 87' lang='lat' dir='ltr'>scientes</span> <span class='ocrx_word' id='word_1_255' title='bbox 602 1276 720 1306; x_wconf 84' lang='lat' dir='ltr'>nullam</span> <span class='ocrx_word' id='word_1_256' title='bbox 745 1285 802 1305; x_wconf 89' lang='lat' dir='ltr'>nos</span> <span class='ocrx_word' id='word_1_257' title='bbox 819 1274 859 1305; x_wconf 87' lang='lat' dir='ltr'>de</span> <span class='ocrx_word' id='word_1_258' title='bbox 876 1273 972 1304; x_wconf 85' lang='lat' dir='ltr'>tantis</span> <span class='ocrx_word' id='word_1_259' title='bbox 988 1273 1081 1303; x_wconf 88' lang='lat' dir='ltr'>malis</span> <span class='ocrx_word' id='word_1_260' title='bbox 1097 1282 1190 1313; x_wconf 89' lang='lat' dir='ltr'>posse</span> <span class='ocrx_word' id='word_1_261' title='bbox 1208 1271 1328 1302; x_wconf 89' lang='lat' dir='ltr'>habere</span> <span class='ocrx_word' id='word_1_262' title='bbox 1349 1270 1503 1301; x_wconf 86' lang='lat' dir='ltr'>iustitiam</span> <span class='ocrx_word' id='word_1_263' title='bbox 1527 1272 1559 1300; x_wconf 87' lang='lat' dir='ltr'>et</span> <span class='ocrx_word' id='word_1_264' title='bbox 1583 1268 1841 1300; x_wconf 89' lang='lat' dir='ltr'>emendationem</span> <span class='ocrx_word' id='word_1_265' title='bbox 1858 1277 1915 1308; x_wconf 88' lang='lat' dir='ltr'>per</span> 
     </span>
     <span class='ocr_line' id='line_1_26' title="bbox 263 1320 1915 1371; baseline -0.007 -10"><span class='ocrx_word' id='word_1_266' title='bbox 263 1329 440 1371; x_wconf 87' lang='lat' dir='ltr'>quemlibet</span> <span class='ocrx_word' id='word_1_267' title='bbox 464 1327 659 1359; x_wconf 84' lang='lat' dir='ltr'>celsitudinis</span> <span class='ocrx_word' id='word_1_268' title='bbox 683 1329 787 1366; x_wconf 68' lang='lat' dir='ltr'>vestre</span> <span class='ocrx_word' id='word_1_269' title='bbox 812 1326 966 1366; x_wconf 81' lang='lat' dir='ltr'>legatum,</span> <span class='ocrx_word' id='word_1_270' title='bbox 989 1324 1049 1354; x_wconf 86' lang='lat' dir='ltr'>nisi</span> <span class='ocrx_word' id='word_1_271' title='bbox 1073 1334 1130 1364; x_wconf 91' lang='lat' dir='ltr'>per</span> <span class='ocrx_word' id='word_1_272' title='bbox 1144 1325 1284 1366; x_wconf 72' lang='lat' dir='ltr'>vestram</span> <span class='ocrx_word' id='word_1_273' title='bbox 1309 1321 1511 1362; x_wconf 86' lang='lat' dir='ltr'>imperialem</span> <span class='ocrx_word' id='word_1_274' title='bbox 1535 1320 1741 1362; x_wconf 67' lang='lat' dir='ltr'>presentiam,</span> <span class='ocrx_word' id='word_1_275' title='bbox 1765 1329 1915 1360; x_wconf 85' lang='lat' dir='ltr'>rogamus</span> 
     </span>
     <span class='ocr_line' id='line_1_27' title="bbox 264 1370 1915 1421; baseline -0.007 -9"><span class='ocrx_word' id='word_1_276' title='bbox 264 1382 381 1412; x_wconf 82' lang='lat' dir='ltr'>obnixe</span> <span class='ocrx_word' id='word_1_277' title='bbox 405 1384 502 1421; x_wconf 88' lang='lat' dir='ltr'>atque</span> <span class='ocrx_word' id='word_1_278' title='bbox 526 1390 584 1420; x_wconf 88' lang='lat' dir='ltr'>per</span> <span class='ocrx_word' id='word_1_279' title='bbox 600 1379 851 1418; x_wconf 88' lang='lat' dir='ltr'>omnipotentem</span> <span class='ocrx_word' id='word_1_280' title='bbox 869 1376 1042 1407; x_wconf 88' lang='lat' dir='ltr'>Dominum</span> <span class='ocrx_word' id='word_1_281' title='bbox 1066 1374 1261 1414; x_wconf 68' lang='lat' dir='ltr'>adjuramus,</span> <span class='ocrx_word' id='word_1_282' title='bbox 1285 1376 1320 1404; x_wconf 93' lang='lat' dir='ltr'>ut</span> <span class='ocrx_word' id='word_1_283' title='bbox 1340 1373 1380 1404; x_wconf 85' lang='lat' dir='ltr'>ad</span> <span class='ocrx_word' id='word_1_284' title='bbox 1399 1371 1636 1404; x_wconf 84' lang='lat' dir='ltr'>defendendam</span> <span class='ocrx_word' id='word_1_285' title='bbox 1661 1374 1694 1402; x_wconf 89' lang='lat' dir='ltr'>et</span> <span class='ocrx_word' id='word_1_286' title='bbox 1716 1370 1915 1401; x_wconf 87' lang='lat' dir='ltr'>liberandam</span> 
     </span>
     <span class='ocr_line' id='line_1_28' title="bbox 265 1422 1915 1470; baseline -0.007 -6"><span class='ocrx_word' id='word_1_287' title='bbox 265 1434 304 1464; x_wconf 88' lang='lat' dir='ltr'>de</span> <span class='ocrx_word' id='word_1_288' title='bbox 321 1432 468 1464; x_wconf 86' lang='lat' dir='ltr'>manibus</span> <span class='ocrx_word' id='word_1_289' title='bbox 489 1430 743 1468; x_wconf 85' lang='lat' dir='ltr'>malefactorum,</span> <span class='ocrx_word' id='word_1_290' title='bbox 761 1429 813 1470; x_wconf 92' lang='lat' dir='ltr'>qui</span> <span class='ocrx_word' id='word_1_291' title='bbox 831 1438 902 1459; x_wconf 85' lang='lat' dir='ltr'>eam</span> <span class='ocrx_word' id='word_1_292' title='bbox 919 1427 1070 1458; x_wconf 84' lang='lat' dir='ltr'>atrociter</span> <span class='ocrx_word' id='word_1_293' title='bbox 1088 1427 1253 1463; x_wconf 82' lang='lat' dir='ltr'>devorant,</span> <span class='ocrx_word' id='word_1_294' title='bbox 1277 1425 1457 1465; x_wconf 88' lang='lat' dir='ltr'>ecclesiam,</span> <span class='ocrx_word' id='word_1_295' title='bbox 1480 1423 1569 1455; x_wconf 86' lang='lat' dir='ltr'>beati</span> <span class='ocrx_word' id='word_1_296' title='bbox 1584 1423 1674 1454; x_wconf 86' lang='lat' dir='ltr'>Petri</span> <span class='ocrx_word' id='word_1_297' title='bbox 1695 1422 1915 1463; x_wconf 85' lang='lat' dir='ltr'>apostolorum</span> 
     </span>
     <span class='ocr_line' id='line_1_29' title="bbox 266 1472 1960 1525; baseline -0.008 -10"><span class='ocrx_word' id='word_1_298' title='bbox 266 1484 415 1525; x_wconf 85' lang='lat' dir='ltr'>principis</span> <span class='ocrx_word' id='word_1_299' title='bbox 438 1483 528 1514; x_wconf 85' lang='lat' dir='ltr'>vobis</span> <span class='ocrx_word' id='word_1_300' title='bbox 556 1482 772 1519; x_wconf 84' lang='lat' dir='ltr'>commissam,</span> <span class='ocrx_word' id='word_1_301' title='bbox 797 1484 884 1520; x_wconf 65' lang='lat' dir='ltr'>quem</span> <span class='ocrx_word' id='word_1_302' title='bbox 908 1489 964 1509; x_wconf 82' lang='lat' dir='ltr'>vos</span> <span class='ocrx_word' id='word_1_303' title='bbox 989 1478 1094 1508; x_wconf 92' lang='lat' dir='ltr'>divino</span> <span class='ocrx_word' id='word_1_304' title='bbox 1123 1480 1220 1508; x_wconf 85' lang='lat' dir='ltr'>nutun</span> <span class='ocrx_word' id='word_1_305' title='bbox 1244 1476 1407 1508; x_wconf 86' lang='lat' dir='ltr'>adiutores</span> <span class='ocrx_word' id='word_1_306' title='bbox 1435 1486 1471 1507; x_wconf 88' lang='lat' dir='ltr'>ac</span> <span class='ocrx_word' id='word_1_307' title='bbox 1496 1475 1682 1506; x_wconf 84' lang='lat' dir='ltr'>defensores</span> <span class='ocrx_word' id='word_1_308' title='bbox 1709 1474 1741 1504; x_wconf 93' lang='lat' dir='ltr'>in</span> <span class='ocrx_word' id='word_1_309' title='bbox 1769 1472 1916 1504; x_wconf 88' lang='lat' dir='ltr'>omnibus</span> <span class='ocrx_word' id='word_1_310' title='bbox 1934 1481 1960 1501; x_wconf 65' lang='lat'>2⁵</span> 
     </span>
     <span class='ocr_line' id='line_1_30' title="bbox 267 1525 1915 1577; baseline -0.007 -11"><span class='ocrx_word' id='word_1_311' title='bbox 267 1535 365 1577; x_wconf 83' lang='lat' dir='ltr'>elegit</span> <span class='ocrx_word' id='word_1_312' title='bbox 396 1535 528 1573; x_wconf 84' lang='lat' dir='ltr'>habere,</span> <span class='ocrx_word' id='word_1_313' title='bbox 559 1534 618 1573; x_wconf 90' lang='lat' dir='ltr'>ipsi</span> <span class='ocrx_word' id='word_1_314' title='bbox 646 1532 717 1563; x_wconf 89' lang='lat' dir='ltr'>Deo</span> <span class='ocrx_word' id='word_1_315' title='bbox 749 1531 922 1562; x_wconf 80' lang='lat' dir='ltr'>auxiliante</span> <span class='ocrx_word' id='word_1_316' title='bbox 953 1530 1061 1560; x_wconf 90' lang='lat' dir='ltr'>venire</span> <span class='ocrx_word' id='word_1_317' title='bbox 1090 1529 1227 1560; x_wconf 84' lang='lat' dir='ltr'>libenter</span> <span class='ocrx_word' id='word_1_318' title='bbox 1255 1528 1443 1569; x_wconf 84' lang='lat' dir='ltr'>dignemini,</span> <span class='ocrx_word' id='word_1_319' title='bbox 1473 1530 1630 1568; x_wconf 88' lang='lat' dir='ltr'>quatenus</span> <span class='ocrx_word' id='word_1_320' title='bbox 1653 1525 1715 1556; x_wconf 89' lang='lat' dir='ltr'>Dei</span> <span class='ocrx_word' id='word_1_321' title='bbox 1747 1527 1779 1555; x_wconf 89' lang='lat' dir='ltr'>et</span> <span class='ocrx_word' id='word_1_322' title='bbox 1808 1527 1915 1555; x_wconf 88' lang='lat' dir='ltr'>vestro</span> 
     </span>
     <span class='ocr_line' id='line_1_31' title="bbox 266 1575 1917 1626; baseline -0.008 -8"><span class='ocrx_word' id='word_1_323' title='bbox 266 1587 385 1617; x_wconf 83' lang='lat' dir='ltr'>solacio</span> <span class='ocrx_word' id='word_1_324' title='bbox 410 1586 507 1625; x_wconf 83' lang='lat' dir='ltr'>freta,</span> <span class='ocrx_word' id='word_1_325' title='bbox 532 1596 592 1626; x_wconf 70' lang='lat' dir='ltr'>que</span> <span class='ocrx_word' id='word_1_326' title='bbox 617 1594 673 1614; x_wconf 86' lang='lat' dir='ltr'>sua</span> <span class='ocrx_word' id='word_1_327' title='bbox 698 1586 782 1623; x_wconf 82' lang='lat' dir='ltr'>sunt,</span> <span class='ocrx_word' id='word_1_328' title='bbox 808 1583 914 1613; x_wconf 83' lang='lat' dir='ltr'>valeat</span> <span class='ocrx_word' id='word_1_329' title='bbox 937 1582 1090 1612; x_wconf 89' lang='lat' dir='ltr'>securiter</span> <span class='ocrx_word' id='word_1_330' title='bbox 1113 1581 1251 1611; x_wconf 90' lang='lat' dir='ltr'>retinere</span> <span class='ocrx_word' id='word_1_331' title='bbox 1280 1589 1351 1610; x_wconf 84' lang='lat' dir='ltr'>cum</span> <span class='ocrx_word' id='word_1_332' title='bbox 1375 1579 1507 1620; x_wconf 71' lang='lat' dir='ltr'>pristine</span> <span class='ocrx_word' id='word_1_333' title='bbox 1537 1577 1701 1618; x_wconf 78' lang='lat' dir='ltr'>dignitatis</span> <span class='ocrx_word' id='word_1_334' title='bbox 1730 1576 1847 1607; x_wconf 89' lang='lat' dir='ltr'>decore</span> <span class='ocrx_word' id='word_1_335' title='bbox 1875 1575 1917 1606; x_wconf 90' lang='lat' dir='ltr'>ad</span> 
     </span>
     <span class='ocr_line' id='line_1_32' title="bbox 266 1632 1143 1678; baseline -0.008 -9"><span class='ocrx_word' id='word_1_336' title='bbox 266 1638 396 1669; x_wconf 80' lang='lat' dir='ltr'>laudem</span> <span class='ocrx_word' id='word_1_337' title='bbox 421 1640 453 1668; x_wconf 90' lang='lat' dir='ltr'>et</span> <span class='ocrx_word' id='word_1_338' title='bbox 476 1639 665 1678; x_wconf 81' lang='lat' dir='ltr'>perpetuam</span> <span class='ocrx_word' id='word_1_339' title='bbox 691 1635 795 1673; x_wconf 72' lang='grc'><strong>0111010</strong></span> <span class='ocrx_word' id='word_1_340' title='bbox 820 1637 923 1673; x_wconf 67' lang='lat' dir='ltr'>vestre</span> <span class='ocrx_word' id='word_1_341' title='bbox 948 1632 1143 1663; x_wconf 89' lang='lat' dir='ltr'>mercedem.</span> 
     </span>
    </p>
   </div>
   <div class='ocr_carea' id='block_1_5' title="bbox 268 1756 1963 1912">
    <p class='ocr_par' dir='ltr' id='par_1_5' title="bbox 268 1756 1963 1912">
     <span class='ocr_line' id='line_1_33' title="bbox 1057 1756 1129 1786; baseline 0 0"><span class='ocrx_word' id='word_1_342' title='bbox 1057 1756 1129 1786; x_wconf 84' lang='lat'>305.</span> 
     </span>
     <span class='ocr_line' id='line_1_34' title="bbox 376 1811 1916 1858; baseline -0.008 -5"><span class='ocrx_word' id='word_1_343' title='bbox 376 1822 533 1853; x_wconf 79' lang='lat' dir='ltr'>Iohannes</span> <span class='ocrx_word' id='word_1_344' title='bbox 555 1820 651 1850; x_wconf 87' lang='lat' dir='ltr'><strong><em>VIII.</em></strong></span> <span class='ocrx_word' id='word_1_345' title='bbox 669 1827 759 1858; x_wconf 73' lang='lat' dir='ltr'>papa</span> <span class='ocrx_word' id='word_1_346' title='bbox 782 1816 962 1848; x_wconf 76' lang='lat' dir='ltr'>Athanasio</span> <span class='ocrx_word' id='word_1_347' title='bbox 988 1815 1127 1854; x_wconf 75' lang='lat' dir='ltr'>episcopo</span> <span class='ocrx_word' id='word_1_348' title='bbox 1150 1813 1361 1853; x_wconf 74' lang='lat' dir='ltr'>Neapolitano</span> <span class='ocrx_word' id='word_1_349' title='bbox 1385 1812 1568 1844; x_wconf 71' lang='lat' dir='ltr'>solationem</span> <span class='ocrx_word' id='word_1_350' title='bbox 1599 1823 1613 1843; x_wconf 81' lang='grc'>0</span> <span class='ocrx_word' id='word_1_351' title='bbox 1636 1811 1760 1843; x_wconf 78' lang='lat' dir='ltr'>vincalo</span> <span class='ocrx_word' id='word_1_352' title='bbox 1786 1811 1916 1842; x_wconf 76' lang='lat' dir='ltr'>anathe-</span> 
     </span>
     <span class='ocr_line' id='line_1_35' title="bbox 268 1864 1963 1912; baseline -0.008 -6"><span class='ocrx_word' id='word_1_353' title='bbox 268 1875 363 1905; x_wconf 75' lang='lat' dir='ltr'>matis</span> <span class='ocrx_word' id='word_1_354' title='bbox 382 1872 547 1912; x_wconf 74' lang='lat' dir='ltr'>promittit,</span> <span class='ocrx_word' id='word_1_355' title='bbox 570 1871 600 1901; x_wconf 74' lang='lat' dir='ltr'>si</span> <span class='ocrx_word' id='word_1_356' title='bbox 621 1870 732 1909; x_wconf 79' lang='lat' dir='ltr'>foedus</span> <span class='ocrx_word' id='word_1_357' title='bbox 754 1878 823 1899; x_wconf 81' lang='lat' dir='ltr'>cum</span> <span class='ocrx_word' id='word_1_358' title='bbox 847 1867 1016 1898; x_wconf 74' lang='lat' dir='ltr'>Saracenis</span> <span class='ocrx_word' id='word_1_359' title='bbox 1038 1866 1164 1897; x_wconf 76' lang='lat' dir='ltr'>tandem</span> <span class='ocrx_word' id='word_1_360' title='bbox 1187 1865 1320 1896; x_wconf 71' lang='lat' dir='ltr'>solverit.</span> <span class='ocrx_word' id='word_1_361' title='bbox 1727 1864 1831 1903; x_wconf 78' lang='lat'><em>(882.)</em></span> <span class='ocrx_word' id='word_1_362' title='bbox 1937 1874 1963 1893; x_wconf 80' lang='lat'>30</span> 
     </span>
    </p>
   </div>
   <div class='ocr_carea' id='block_1_6' title="bbox 384 1935 743 1969">
    <p class='ocr_par' dir='ltr' id='par_1_6' title="bbox 384 1935 743 1969">
     <span class='ocr_line' id='line_1_36' title="bbox 384 1935 743 1969; baseline -0.008 -7"><span class='ocrx_word' id='word_1_363' title='bbox 384 1936 457 1963; x_wconf 67' lang='lat' dir='ltr'>Coa„-</span> <span class='ocrx_word' id='word_1_364' title='bbox 487 1935 513 1961; x_wconf 89' lang='lat' dir='ltr'><strong><em>R</em></strong></span> <span class='ocrx_word' id='word_1_365' title='bbox 532 1937 551 1969; x_wconf 80' lang='lat' dir='ltr'>f.</span> <span class='ocrx_word' id='word_1_366' title='bbox 566 1936 625 1960; x_wconf 73' lang='lat'>118¹</span> <span class='ocrx_word' id='word_1_367' title='bbox 644 1942 671 1959; x_wconf 83' lang='lat' dir='ltr'>n.</span> <span class='ocrx_word' id='word_1_368' title='bbox 686 1936 743 1960; x_wconf 79' lang='lat'><strong><em>307.</em></strong></span> 
     </span>
    </p>
   </div>
   <div class='ocr_carea' id='block_1_7' title="bbox 273 1978 1920 2063">
    <p class='ocr_par' dir='ltr' id='par_1_7' title="bbox 273 1978 1920 2063">
     <span class='ocr_line' id='line_1_37' title="bbox 373 1978 1920 2018; baseline -0.006 -4"><span class='ocrx_word' id='word_1_369' title='bbox 373 1987 455 2014; x_wconf 56' lang='lat' dir='ltr'>Erat:</span> <span class='ocrx_word' id='word_1_370' title='bbox 483 1986 582 2012; x_wconf 66' lang='lat' dir='ltr'>Editio</span> <span class='ocrx_word' id='word_1_371' title='bbox 595 1986 722 2012; x_wconf 84' lang='lat' dir='ltr'>Romana</span> <span class='ocrx_word' id='word_1_372' title='bbox 735 1983 819 2018; x_wconf 82' lang='lat'><em>(1591)</em></span> <span class='ocrx_word' id='word_1_373' title='bbox 834 1983 891 2014; x_wconf 80' lang='grc' dir='ltr'><strong>ΙΙΙ,</strong></span> <span class='ocrx_word' id='word_1_374' title='bbox 907 1986 955 2008; x_wconf 80' lang='lat'>505</span> <span class='ocrx_word' id='word_1_375' title='bbox 974 1990 1000 2008; x_wconf 88' lang='lat' dir='ltr'>n.</span> <span class='ocrx_word' id='word_1_376' title='bbox 1012 1985 1066 2008; x_wconf 68' lang='lat'>294.</span> <span class='ocrx_word' id='word_1_377' title='bbox 1099 1981 1193 2007; x_wconf 78' lang='lat' dir='ltr'>Mansz&#39;</span> <span class='ocrx_word' id='word_1_378' title='bbox 1208 1980 1284 2006; x_wconf 84' lang='lat' dir='ltr'>Cone.</span> <span class='ocrx_word' id='word_1_379' title='bbox 1298 1980 1355 2006; x_wconf 81' lang='lat' dir='ltr'>coll.</span> <span class='ocrx_word' id='word_1_380' title='bbox 1371 1979 1470 2011; x_wconf 88' lang='lat' dir='ltr'><strong><em>XVII,</em></strong></span> <span class='ocrx_word' id='word_1_381' title='bbox 1483 1982 1530 2005; x_wconf 78' lang='lat'>215</span> <span class='ocrx_word' id='word_1_382' title='bbox 1548 1987 1574 2005; x_wconf 84' lang='lat' dir='ltr'>n.</span> <span class='ocrx_word' id='word_1_383' title='bbox 1587 1982 1644 2005; x_wconf 70' lang='lat'>294.</span> <span class='ocrx_word' id='word_1_384' title='bbox 1677 1979 1767 2011; x_wconf 71' lang='lat' dir='ltr'>Miqne</span> <span class='ocrx_word' id='word_1_385' title='bbox 1785 1978 1860 2004; x_wconf 81' lang='lat' dir='ltr'>Patr.</span> <span class='ocrx_word' id='word_1_386' title='bbox 1875 1978 1920 2006; x_wconf 79' lang='lat' dir='ltr'>lat.</span> 
     </span>
     <span class='ocr_line' id='line_1_38' title="bbox 273 2024 1016 2063; baseline -0.011 -5"><span class='ocrx_word' id='word_1_387' title='bbox 273 2031 409 2063; x_wconf 72' lang='lat' dir='ltr'><strong><em>(JXXVI,</em></strong></span> <span class='ocrx_word' id='word_1_388' title='bbox 430 2033 482 2056; x_wconf 76' lang='lat'>946</span> <span class='ocrx_word' id='word_1_389' title='bbox 502 2038 527 2055; x_wconf 56' lang='lat' dir='ltr'>n„</span> <span class='ocrx_word' id='word_1_390' title='bbox 540 2033 594 2055; x_wconf 77' lang='lat'><em>352.</em></span> <span class='ocrx_word' id='word_1_391' title='bbox 614 2044 647 2047; x_wconf 85' lang='lat'>-—</span> <span class='ocrx_word' id='word_1_392' title='bbox 665 2027 738 2059; x_wconf 78' lang='lat' dir='ltr'>Jaffe&#39;</span> <span class='ocrx_word' id='word_1_393' title='bbox 757 2026 821 2060; x_wconf 75' lang='lat' dir='ltr'>Rey.</span> <span class='ocrx_word' id='word_1_394' title='bbox 835 2028 900 2052; x_wconf 79' lang='lat'><em>3378</em></span> <span class='ocrx_word' id='word_1_395' title='bbox 919 2024 1016 2059; x_wconf 76' lang='lat'><em>(2599).</em></span> 
     </span>
    </p>
   </div>
   <div class='ocr_carea' id='block_1_8' title="bbox 270 2101 1965 2349">
    <p class='ocr_par' dir='ltr' id='par_1_8' title="bbox 772 2101 1420 2128">
     <span class='ocr_line' id='line_1_39' title="bbox 772 2101 1420 2128; baseline -0.005 0"><span class='ocrx_word' id='word_1_396' title='bbox 772 2103 970 2128; x_wconf 80' lang='lat' dir='ltr'>ATHANASIO</span> <span class='ocrx_word' id='word_1_397' title='bbox 989 2102 1150 2127; x_wconf 76' lang='lat' dir='ltr'>EPISCOPO</span> <span class='ocrx_word' id='word_1_398' title='bbox 1170 2101 1420 2126; x_wconf 82' lang='lat' dir='ltr'><strong>NEAPOLITANO.</strong></span> 
     </span>
    </p>

    <p class='ocr_par' dir='ltr' id='par_1_9' title="bbox 270 2150 1965 2349">
     <span class='ocr_line' id='line_1_40' title="bbox 378 2150 1965 2199; baseline -0.006 -9"><span class='ocrx_word' id='word_1_399' title='bbox 378 2160 459 2191; x_wconf 87' lang='lat' dir='ltr'>Boni</span> <span class='ocrx_word' id='word_1_400' title='bbox 493 2158 630 2199; x_wconf 83' lang='lat' dir='ltr'>pastoris</span> <span class='ocrx_word' id='word_1_401' title='bbox 665 2155 784 2187; x_wconf 80' lang='lat' dir='ltr'>eximio</span> <span class='ocrx_word' id='word_1_402' title='bbox 818 2153 999 2185; x_wconf 67' lang='grc' dir='ltr'>1010100111ἷΙ</span> <span class='ocrx_word' id='word_1_403' title='bbox 1034 2152 1199 2193; x_wconf 80' lang='lat' dir='ltr'>exemplo,</span> <span class='ocrx_word' id='word_1_404' title='bbox 1235 2153 1290 2193; x_wconf 93' lang='lat' dir='ltr'>qui</span> <span class='ocrx_word' id='word_1_405' title='bbox 1320 2152 1407 2183; x_wconf 88' lang='lat' dir='ltr'>venit</span> <span class='ocrx_word' id='word_1_406' title='bbox 1435 2161 1569 2193; x_wconf 68' lang='lat' dir='ltr'>querere</span> <span class='ocrx_word' id='word_1_407' title='bbox 1600 2154 1632 2182; x_wconf 90' lang='lat' dir='ltr'>et</span> <span class='ocrx_word' id='word_1_408' title='bbox 1662 2150 1802 2190; x_wconf 87' lang='lat' dir='ltr'>salvare,</span> <span class='ocrx_word' id='word_1_409' title='bbox 1834 2150 1920 2191; x_wconf 91' lang='lat' dir='ltr'>quod</span> <span class='ocrx_word' id='word_1_410' title='bbox 1939 2161 1965 2180; x_wconf 73' lang='lat'>35</span> 
     </span>
     <span class='ocr_line' id='line_1_41' title="bbox 270 2201 1921 2253; baseline -0.007 -9"><span class='ocrx_word' id='word_1_411' title='bbox 270 2213 421 2253; x_wconf 84' lang='lat' dir='ltr'>perierat,</span> <span class='ocrx_word' id='word_1_412' title='bbox 445 2214 533 2242; x_wconf 87' lang='lat' dir='ltr'>tanto</span> <span class='ocrx_word' id='word_1_413' title='bbox 558 2213 703 2249; x_wconf 87' lang='lat' dir='ltr'>tempore</span> <span class='ocrx_word' id='word_1_414' title='bbox 728 2210 759 2237; x_wconf 89' lang='lat' dir='ltr'>te</span> <span class='ocrx_word' id='word_1_415' title='bbox 783 2216 841 2247; x_wconf 88' lang='lat' dir='ltr'>per</span> <span class='ocrx_word' id='word_1_416' title='bbox 865 2205 959 2236; x_wconf 86' lang='lat' dir='ltr'>devia</span> <span class='ocrx_word' id='word_1_417' title='bbox 983 2208 1155 2244; x_wconf 88' lang='lat' dir='ltr'>errantem,</span> <span class='ocrx_word' id='word_1_418' title='bbox 1179 2204 1306 2235; x_wconf 87' lang='lat' dir='ltr'>abiecto</span> <span class='ocrx_word' id='word_1_419' title='bbox 1325 2203 1442 2234; x_wconf 82' lang='lat' dir='ltr'>Christi</span> <span class='ocrx_word' id='word_1_420' title='bbox 1466 2203 1528 2233; x_wconf 89' lang='lat' dir='ltr'>levi</span> <span class='ocrx_word' id='word_1_421' title='bbox 1550 2203 1625 2243; x_wconf 87' lang='lat' dir='ltr'>iugo</span> <span class='ocrx_word' id='word_1_422' title='bbox 1650 2213 1721 2233; x_wconf 92' lang='lat' dir='ltr'>cum</span> <span class='ocrx_word' id='word_1_423' title='bbox 1738 2201 1921 2233; x_wconf 86' lang='lat' dir='ltr'>infidelibus</span> 
     </span>
     <span class='ocr_line' id='line_1_42' title="bbox 271 2254 1920 2304; baseline -0.007 -9"><span class='ocrx_word' id='word_1_424' title='bbox 271 2265 381 2304; x_wconf 90' lang='lat' dir='ltr'>iugum</span> <span class='ocrx_word' id='word_1_425' title='bbox 416 2262 554 2293; x_wconf 84' lang='lat' dir='ltr'>obscena</span> <span class='ocrx_word' id='word_1_426' title='bbox 589 2259 764 2300; x_wconf 87' lang='lat' dir='ltr'>cupiditate</span> <span class='ocrx_word' id='word_1_427' title='bbox 795 2257 914 2288; x_wconf 89' lang='lat' dir='ltr'>ducere</span> <span class='ocrx_word' id='word_1_428' title='bbox 944 2267 1006 2287; x_wconf 90' lang='lat' dir='ltr'>non</span> <span class='ocrx_word' id='word_1_429' title='bbox 1035 2256 1249 2296; x_wconf 84' lang='lat' dir='ltr'>dubitantem,</span> <span class='ocrx_word' id='word_1_430' title='bbox 1281 2256 1428 2297; x_wconf 87' lang='lat' dir='ltr'>quamvis</span> <span class='ocrx_word' id='word_1_431' title='bbox 1455 2264 1526 2285; x_wconf 87' lang='lat' dir='ltr'>sero</span> <span class='ocrx_word' id='word_1_432' title='bbox 1555 2254 1599 2284; x_wconf 84' lang='lat' dir='ltr'>ad·</span> <span class='ocrx_word' id='word_1_433' title='bbox 1627 2256 1659 2285; x_wconf 90' lang='lat' dir='ltr'>te</span> <span class='ocrx_word' id='word_1_434' title='bbox 1686 2254 1920 2294; x_wconf 88' lang='lat' dir='ltr'>percutientem</span> 
     </span>
     <span class='ocr_line' id='line_1_43' title="bbox 272 2305 1922 2349; baseline -0.007 -2"><span class='ocrx_word' id='word_1_435' title='bbox 272 2315 389 2347; x_wconf 86' lang='lat' dir='ltr'>reverti</span> <span class='ocrx_word' id='word_1_436' title='bbox 423 2313 505 2345; x_wconf 89' lang='lat' dir='ltr'>velle</span> <span class='ocrx_word' id='word_1_437' title='bbox 538 2310 749 2349; x_wconf 54' lang='lat' dir='ltr'>mandastiw,</span> <span class='ocrx_word' id='word_1_438' title='bbox 785 2309 934 2340; x_wconf 83' lang='lat' dir='ltr'>alacriter</span> <span class='ocrx_word' id='word_1_439' title='bbox 968 2308 1153 2349; x_wconf 80' lang='lat' dir='ltr'>recipimus,</span> <span class='ocrx_word' id='word_1_440' title='bbox 1188 2311 1221 2338; x_wconf 91' lang='lat' dir='ltr'>et</span> <span class='ocrx_word' id='word_1_441' title='bbox 1254 2308 1337 2337; x_wconf 89' lang='lat' dir='ltr'>inter</span> <span class='ocrx_word' id='word_1_442' title='bbox 1366 2310 1489 2338; x_wconf 87' lang='lat' dir='ltr'>ceteros</span> <span class='ocrx_word' id='word_1_443' title='bbox 1521 2305 1766 2336; x_wconf 86' lang='lat' dir='ltr'>consacerdotes</span> <span class='ocrx_word' id='word_1_444' title='bbox 1795 2307 1922 2335; x_wconf 89' lang='lat' dir='ltr'>nostros</span> 
     </span>
    </p>
   </div>
   <div class='ocr_carea' id='block_1_9' title="bbox 377 2359 1809 2383">
    <p class='ocr_par' dir='ltr' id='par_1_10' title="bbox 377 2359 1809 2383">
     <span class='ocr_line' id='line_1_44' title="bbox 377 2359 1809 2383; baseline 0 0"><span class='ocrx_word' id='word_1_445' title='bbox 377 2359 1809 2383; x_wconf 95' lang='lat' dir='ltr'> </span> 
     </span>
    </p>
   </div>
   <div class='ocr_carea' id='block_1_10' title="bbox 375 2407 984 2445">
    <p class='ocr_par' dir='ltr' id='par_1_11' title="bbox 375 2407 984 2445">
     <span class='ocr_line' id='line_1_45' title="bbox 375 2407 984 2445; baseline -0.01 -7"><span class='ocrx_word' id='word_1_446' title='bbox 375 2412 400 2445; x_wconf 60' lang='lat'>&gt;¹³)</span> <span class='ocrx_word' id='word_1_447' title='bbox 421 2411 460 2438; x_wconf 68' lang='lat' dir='ltr'>R.</span> <span class='ocrx_word' id='word_1_448' title='bbox 479 2412 509 2437; x_wconf 78' lang='lat' dir='ltr'>in</span> <span class='ocrx_word' id='word_1_449' title='bbox 527 2418 609 2443; x_wconf 69' lang='lat' dir='ltr'>mar-9.</span> <span class='ocrx_word' id='word_1_450' title='bbox 622 2409 682 2435; x_wconf 80' lang='lat' dir='ltr'>add.</span> <span class='ocrx_word' id='word_1_451' title='bbox 696 2416 767 2434; x_wconf 83' lang='lat' dir='ltr'>man.</span> <span class='ocrx_word' id='word_1_452' title='bbox 780 2407 932 2433; x_wconf 80' lang='lat' dir='ltr'>correctoris</span> <span class='ocrx_word' id='word_1_453' title='bbox 950 2407 984 2432; x_wconf 81' lang='lat' dir='ltr'>R.</span> 
     </span>
    </p>
   </div>
   <div class='ocr_carea' id='block_1_11' title="bbox 275 2470 1968 2600">
    <p class='ocr_par' dir='ltr' id='par_1_12' title="bbox 275 2470 1968 2600">
     <span class='ocr_line' id='line_1_46' title="bbox 377 2470 1968 2513; baseline -0.007 -7"><span class='ocrx_word' id='word_1_454' title='bbox 377 2482 400 2513; x_wconf 60' lang='grc' dir='ltr'><strong>Β)</strong></span> <span class='ocrx_word' id='word_1_455' title='bbox 421 2490 486 2506; x_wconf 85' lang='lat' dir='ltr'>corr.</span> <span class='ocrx_word' id='word_1_456' title='bbox 503 2489 532 2506; x_wconf 73' lang='lat' dir='ltr'>ez</span> <span class='ocrx_word' id='word_1_457' title='bbox 551 2480 694 2505; x_wconf 81' lang='lat' dir='ltr'>contrarius</span> <span class='ocrx_word' id='word_1_458' title='bbox 714 2479 743 2503; x_wconf 75' lang='lat' dir='ltr'>R.</span> <span class='ocrx_word' id='word_1_459' title='bbox 842 2477 865 2508; x_wconf 73' lang='lat' dir='ltr'>b)</span> <span class='ocrx_word' id='word_1_460' title='bbox 885 2477 1044 2509; x_wconf 83' lang='lat' dir='ltr'>Pentapolim</span> <span class='ocrx_word' id='word_1_461' title='bbox 1064 2476 1095 2500; x_wconf 80' lang='lat' dir='ltr'>R.</span> <span class='ocrx_word' id='word_1_462' title='bbox 1197 2476 1219 2506; x_wconf 80' lang='lat' dir='ltr'>c)</span> <span class='ocrx_word' id='word_1_463' title='bbox 1238 2484 1264 2499; x_wconf 91' lang='lat' dir='ltr'>-s</span> <span class='ocrx_word' id='word_1_464' title='bbox 1288 2475 1315 2499; x_wconf 83' lang='lat' dir='ltr'>in</span> <span class='ocrx_word' id='word_1_465' title='bbox 1333 2482 1385 2499; x_wconf 73' lang='lat' dir='ltr'>ras.</span> <span class='ocrx_word' id='word_1_466' title='bbox 1405 2473 1436 2498; x_wconf 72' lang='lat'>12.</span> <span class='ocrx_word' id='word_1_467' title='bbox 1537 2472 1561 2504; x_wconf 84' lang='lat' dir='ltr'>d)</span> <span class='ocrx_word' id='word_1_468' title='bbox 1581 2481 1646 2497; x_wconf 77' lang='lat' dir='ltr'>corr.</span> <span class='ocrx_word' id='word_1_469' title='bbox 1661 2481 1690 2497; x_wconf 73' lang='lat' dir='ltr'>ex</span> <span class='ocrx_word' id='word_1_470' title='bbox 1709 2480 1732 2504; x_wconf 89' lang='lat' dir='ltr'>q;</span> <span class='ocrx_word' id='word_1_471' title='bbox 1752 2472 1787 2496; x_wconf 84' lang='lat' dir='ltr'>al.</span> <span class='ocrx_word' id='word_1_472' title='bbox 1801 2480 1870 2496; x_wconf 85' lang='lat' dir='ltr'>man.</span> <span class='ocrx_word' id='word_1_473' title='bbox 1889 2470 1921 2496; x_wconf 81' lang='lat' dir='ltr'>R.</span> <span class='ocrx_word' id='word_1_474' title='bbox 1941 2478 1968 2496; x_wconf 77' lang='lat'>40</span> 
     </span>
     <span class='ocr_line' id='line_1_47' title="bbox 276 2513 1923 2558; baseline -0.007 -8"><span class='ocrx_word' id='word_1_475' title='bbox 276 2527 298 2558; x_wconf 66' lang='lat'>⁸)</span> <span class='ocrx_word' id='word_1_476' title='bbox 319 2516 444 2558; x_wconf 70' lang='grc' dir='ltr'><strong>0101101ἓοί</strong></span> <span class='ocrx_word' id='word_1_477' title='bbox 462 2524 494 2549; x_wconf 82' lang='lat' dir='ltr'>R.</span> <span class='ocrx_word' id='word_1_478' title='bbox 594 2522 613 2555; x_wconf 81' lang='lat' dir='ltr'>f)</span> <span class='ocrx_word' id='word_1_479' title='bbox 632 2522 774 2547; x_wconf 84' lang='lat' dir='ltr'>venerauili</span> <span class='ocrx_word' id='word_1_480' title='bbox 793 2521 823 2545; x_wconf 80' lang='lat' dir='ltr'>R.</span> <span class='ocrx_word' id='word_1_481' title='bbox 923 2523 949 2549; x_wconf 74' lang='grc' dir='ltr'><strong>Β)</strong></span> <span class='ocrx_word' id='word_1_482' title='bbox 970 2528 1035 2543; x_wconf 79' lang='lat' dir='ltr'>corr.</span> <span class='ocrx_word' id='word_1_483' title='bbox 1050 2528 1080 2543; x_wconf 73' lang='lat' dir='ltr'>ex</span> <span class='ocrx_word' id='word_1_484' title='bbox 1098 2523 1123 2543; x_wconf 82' lang='lat' dir='ltr'>et</span> <span class='ocrx_word' id='word_1_485' title='bbox 1141 2519 1177 2543; x_wconf 83' lang='lat' dir='ltr'>al.</span> <span class='ocrx_word' id='word_1_486' title='bbox 1190 2527 1258 2543; x_wconf 83' lang='lat' dir='ltr'>man.</span> <span class='ocrx_word' id='word_1_487' title='bbox 1278 2517 1309 2543; x_wconf 82' lang='lat' dir='ltr'>R.</span> <span class='ocrx_word' id='word_1_488' title='bbox 1410 2515 1435 2549; x_wconf 77' lang='lat' dir='ltr'>h)</span> <span class='ocrx_word' id='word_1_489' title='bbox 1454 2515 1504 2541; x_wconf 82' lang='lat' dir='ltr'>oie&#39;</span> <span class='ocrx_word' id='word_1_490' title='bbox 1522 2516 1553 2540; x_wconf 81' lang='lat' dir='ltr'>R.</span> <span class='ocrx_word' id='word_1_491' title='bbox 1653 2514 1671 2546; x_wconf 88' lang='lat' dir='ltr'>i)</span> <span class='ocrx_word' id='word_1_492' title='bbox 1691 2515 1707 2540; x_wconf 95' lang='lat' dir='ltr'>b</span> <span class='ocrx_word' id='word_1_493' title='bbox 1726 2523 1792 2539; x_wconf 80' lang='lat' dir='ltr'>corr.</span> <span class='ocrx_word' id='word_1_494' title='bbox 1806 2523 1837 2539; x_wconf 72' lang='lat' dir='ltr'>ex</span> <span class='ocrx_word' id='word_1_495' title='bbox 1855 2523 1872 2538; x_wconf 90' lang='lat' dir='ltr'>u</span> <span class='ocrx_word' id='word_1_496' title='bbox 1890 2513 1923 2539; x_wconf 80' lang='lat' dir='ltr'>R.</span> 
     </span>
     <span class='ocr_line' id='line_1_48' title="bbox 275 2556 1831 2600; baseline -0.008 -7"><span class='ocrx_word' id='word_1_497' title='bbox 275 2568 300 2600; x_wconf 73' lang='lat' dir='ltr'>k)</span> <span class='ocrx_word' id='word_1_498' title='bbox 320 2577 346 2593; x_wconf 85' lang='lat' dir='ltr'>es</span> <span class='ocrx_word' id='word_1_499' title='bbox 365 2569 395 2592; x_wconf 74' lang='grc'>0-1</span> <span class='ocrx_word' id='word_1_500' title='bbox 414 2567 463 2592; x_wconf 81' lang='lat' dir='ltr'>del.</span> <span class='ocrx_word' id='word_1_501' title='bbox 482 2567 516 2591; x_wconf 81' lang='lat' dir='ltr'>al.</span> <span class='ocrx_word' id='word_1_502' title='bbox 530 2574 598 2590; x_wconf 80' lang='lat' dir='ltr'>man.</span> <span class='ocrx_word' id='word_1_503' title='bbox 617 2565 648 2589; x_wconf 83' lang='lat' dir='ltr'>R.</span> <span class='ocrx_word' id='word_1_504' title='bbox 736 2563 755 2595; x_wconf 90' lang='lat'>¹)</span> <span class='ocrx_word' id='word_1_505' title='bbox 774 2564 826 2588; x_wconf 59' lang='lat' dir='ltr'>Effi-</span> <span class='ocrx_word' id='word_1_506' title='bbox 844 2563 876 2587; x_wconf 81' lang='lat' dir='ltr'>R.</span> <span class='ocrx_word' id='word_1_507' title='bbox 964 2562 996 2593; x_wconf 67' lang='grc'>111)</span> <span class='ocrx_word' id='word_1_508' title='bbox 1016 2562 1190 2593; x_wconf 79' lang='lat' dir='ltr'>commisamq;</span> <span class='ocrx_word' id='word_1_509' title='bbox 1209 2569 1276 2586; x_wconf 80' lang='lat' dir='ltr'>corr.</span> <span class='ocrx_word' id='word_1_510' title='bbox 1294 2561 1322 2584; x_wconf 81' lang='lat' dir='ltr'>in</span> <span class='ocrx_word' id='word_1_511' title='bbox 1341 2560 1388 2591; x_wconf 64' lang='grc' dir='ltr'>-ᾷξ</span> <span class='ocrx_word' id='word_1_512' title='bbox 1407 2560 1442 2584; x_wconf 86' lang='lat' dir='ltr'>al.</span> <span class='ocrx_word' id='word_1_513' title='bbox 1456 2567 1524 2583; x_wconf 80' lang='lat' dir='ltr'>man.</span> <span class='ocrx_word' id='word_1_514' title='bbox 1544 2558 1576 2583; x_wconf 80' lang='lat' dir='ltr'>R.</span> <span class='ocrx_word' id='word_1_515' title='bbox 1663 2558 1688 2589; x_wconf 72' lang='grc' dir='ltr'><strong>Π)</strong></span> <span class='ocrx_word' id='word_1_516' title='bbox 1707 2560 1780 2582; x_wconf 80' lang='lat' dir='ltr'>mutu</span> <span class='ocrx_word' id='word_1_517' title='bbox 1799 2556 1831 2582; x_wconf 78' lang='lat' dir='ltr'>R.</span> 
     </span>
    </p>
   </div>
   <div class='ocr_carea' id='block_1_12' title="bbox 380 2613 1167 2650">
    <p class='ocr_par' dir='ltr' id='par_1_13' title="bbox 380 2613 1167 2650">
     <span class='ocr_line' id='line_1_49' title="bbox 380 2613 1167 2650; baseline -0.009 -6"><span class='ocrx_word' id='word_1_518' title='bbox 380 2618 439 2644; x_wconf 83' lang='lat'>305.</span> <span class='ocrx_word' id='word_1_519' title='bbox 468 2618 491 2650; x_wconf 66' lang='grc'>8)</span> <span class='ocrx_word' id='word_1_520' title='bbox 511 2627 559 2642; x_wconf 89' lang='grc'><strong>-01-</strong></span> <span class='ocrx_word' id='word_1_521' title='bbox 579 2618 605 2641; x_wconf 77' lang='lat' dir='ltr'>in</span> <span class='ocrx_word' id='word_1_522' title='bbox 623 2625 676 2642; x_wconf 71' lang='lat' dir='ltr'>ras.</span> <span class='ocrx_word' id='word_1_523' title='bbox 697 2616 728 2640; x_wconf 78' lang='lat' dir='ltr'>R.</span> <span class='ocrx_word' id='word_1_524' title='bbox 816 2614 840 2645; x_wconf 87' lang='lat' dir='ltr'>b)</span> <span class='ocrx_word' id='word_1_525' title='bbox 859 2623 925 2639; x_wconf 82' lang='lat' dir='ltr'>corr.</span> <span class='ocrx_word' id='word_1_526' title='bbox 939 2623 968 2639; x_wconf 78' lang='lat' dir='ltr'>ez</span> <span class='ocrx_word' id='word_1_527' title='bbox 988 2614 1115 2638; x_wconf 69' lang='lat' dir='ltr'>mundasti</span> <span class='ocrx_word' id='word_1_528' title='bbox 1134 2613 1167 2638; x_wconf 80' lang='lat' dir='ltr'>R.</span> 
     </span>
    </p>
   </div>
   <div class='ocr_carea' id='block_1_13' title="bbox 277 2674 1969 2804">
    <p class='ocr_par' dir='ltr' id='par_1_14' title="bbox 277 2674 1969 2804">
     <span class='ocr_line' id='line_1_50' title="bbox 381 2674 1924 2718; baseline -0.008 -7"><span class='ocrx_word' id='word_1_529' title='bbox 381 2687 407 2718; x_wconf 88' lang='lat'>1)</span> <span class='ocrx_word' id='word_1_530' title='bbox 433 2684 601 2716; x_wconf 66' lang='lat' dir='ltr'>Veronensis,</span> <span class='ocrx_word' id='word_1_531' title='bbox 626 2687 659 2717; x_wconf 82' lang='lat' dir='ltr'>cf.</span> <span class='ocrx_word' id='word_1_532' title='bbox 678 2690 764 2716; x_wconf 71' lang='lat' dir='ltr'>supra</span> <span class='ocrx_word' id='word_1_533' title='bbox 782 2690 829 2708; x_wconf 83' lang='lat' dir='ltr'>nn.</span> <span class='ocrx_word' id='word_1_534' title='bbox 843 2686 881 2713; x_wconf 82' lang='lat'>10,</span> <span class='ocrx_word' id='word_1_535' title='bbox 901 2684 1009 2713; x_wconf 74' lang='grc'><strong>48-50,</strong></span> <span class='ocrx_word' id='word_1_536' title='bbox 1029 2684 1084 2706; x_wconf 70' lang='lat'>274.</span> <span class='ocrx_word' id='word_1_537' title='bbox 1159 2680 1185 2713; x_wconf 84' lang='lat'>2)</span> <span class='ocrx_word' id='word_1_538' title='bbox 1204 2680 1387 2711; x_wconf 74' lang='lat' dir='ltr'>Portuensem,</span> <span class='ocrx_word' id='word_1_539' title='bbox 1411 2678 1446 2711; x_wconf 81' lang='lat' dir='ltr'>cf.</span> <span class='ocrx_word' id='word_1_540' title='bbox 1466 2685 1513 2702; x_wconf 84' lang='lat' dir='ltr'>nn.</span> <span class='ocrx_word' id='word_1_541' title='bbox 1526 2680 1566 2710; x_wconf 78' lang='lat'>23,</span> <span class='ocrx_word' id='word_1_542' title='bbox 1584 2680 1638 2708; x_wconf 82' lang='lat'>141,</span> <span class='ocrx_word' id='word_1_543' title='bbox 1659 2679 1705 2702; x_wconf 81' lang='lat'>211</span> <span class='ocrx_word' id='word_1_544' title='bbox 1713 2683 1738 2701; x_wconf 87' lang='lat' dir='ltr'>a.</span> <span class='ocrx_word' id='word_1_545' title='bbox 1814 2675 1841 2707; x_wconf 90' lang='lat'>3)</span> <span class='ocrx_word' id='word_1_546' title='bbox 1860 2674 1924 2700; x_wconf 73' lang='lat' dir='ltr'>Post</span> 
     </span>
     <span class='ocr_line' id='line_1_51' title="bbox 278 2715 1969 2757; baseline -0.008 -2"><span class='ocrx_word' id='word_1_547' title='bbox 278 2730 399 2755; x_wconf 75' lang='lat' dir='ltr'>ultimam</span> <span class='ocrx_word' id='word_1_548' title='bbox 423 2727 719 2754; x_wconf 69' lang='lat' dir='ltr'>excommunicationem</span> <span class='ocrx_word' id='word_1_549' title='bbox 741 2734 773 2752; x_wconf 83' lang='lat' dir='ltr'>m.</span> <span class='ocrx_word' id='word_1_550' title='bbox 792 2725 882 2757; x_wconf 77' lang='lat' dir='ltr'>Aprili</span> <span class='ocrx_word' id='word_1_551' title='bbox 900 2727 950 2749; x_wconf 73' lang='grc'>881</span> <span class='ocrx_word' id='word_1_552' title='bbox 972 2723 1109 2756; x_wconf 76' lang='lat' dir='ltr'>prolatam</span> <span class='ocrx_word' id='word_1_553' title='bbox 1132 2723 1178 2755; x_wconf 77' lang='lat' dir='ltr'>(cf.</span> <span class='ocrx_word' id='word_1_554' title='bbox 1198 2731 1223 2748; x_wconf 85' lang='lat' dir='ltr'>n.</span> <span class='ocrx_word' id='word_1_555' title='bbox 1239 2722 1296 2756; x_wconf 80' lang='grc'><strong>279)</strong></span> <span class='ocrx_word' id='word_1_556' title='bbox 1318 2722 1414 2748; x_wconf 77' lang='lat' dir='ltr'>iterum</span> <span class='ocrx_word' id='word_1_557' title='bbox 1439 2721 1483 2754; x_wconf 82' lang='lat' dir='ltr'>(cs.</span> <span class='ocrx_word' id='word_1_558' title='bbox 1503 2728 1530 2746; x_wconf 84' lang='lat' dir='ltr'>n.</span> <span class='ocrx_word' id='word_1_559' title='bbox 1547 2719 1610 2752; x_wconf 72' lang='lat'>249)</span> <span class='ocrx_word' id='word_1_560' title='bbox 1628 2726 1704 2752; x_wconf 73' lang='lat' dir='ltr'>papa</span> <span class='ocrx_word' id='word_1_561' title='bbox 1728 2715 1923 2743; x_wconf 65' lang='lat' dir='ltr'>reconciliando</span> <span class='ocrx_word' id='word_1_562' title='bbox 1943 2723 1969 2742; x_wconf 75' lang='lat'>45</span> 
     </span>
     <span class='ocr_line' id='line_1_52' title="bbox 277 2770 538 2804; baseline -0.004 -7"><span class='ocrx_word' id='word_1_563' title='bbox 277 2772 411 2804; x_wconf 69' lang='lat' dir='ltr'>scripsisse</span> <span class='ocrx_word' id='word_1_564' title='bbox 429 2770 538 2797; x_wconf 74' lang='lat' dir='ltr'>videtur.</span> 
     </span>
    </p>
   </div>
   <div class='ocr_carea' id='block_1_14' title="bbox 2127 446 2189 3042">
    <p class='ocr_par' dir='ltr' id='par_1_15' title="bbox 2127 446 2189 3042">
     <span class='ocr_line' id='line_1_53' title="bbox 2127 446 2189 3042; baseline 0 0"><span class='ocrx_word' id='word_1_565' title='bbox 2127 446 2189 3042; x_wconf 95' lang='lat' dir='ltr'> </span> 
     </span>
    </p>
   </div>
  </div>
 </body>
</html>
