2189 3042
336 217 391 244 151
765 208 941 235 IOHANNIS
960 208 1034 234 VIII.
1054 207 1172 234 PAPAE
1196 207 1394 234 EPISTOLAE
1417 208 1474 235 192.
1495 207 1552 234 193.

332 299 531 339 unigenitum
554 298 673 328 filiumu
696 305 798 335 suum,
823 304 881 335 per
903 304 997 335 quem
1015 295 1121 325 onmia
1136 293 1273 325 visibilia
1289 296 1322 325 et
1337 293 1506 325 invisibilia
1524 293 1675 335 condidit,
1700 293 1789 325 vobis
1806 293 1982 325 clementer

333 349 476 381 revelare
502 349 650 389 dignatus
674 349 722 378 est
745 350 954 386 mentemque
978 348 1137 376 vestramn
1161 345 1314 376 claritatis
1338 355 1393 385 sue
1410 346 1528 376 lumine
1545 345 1704 376 inradiare
1729 348 1768 388 etb
1785 345 1823 376 de
1841 345 1982 376 tenebris

331 401 372 431 ad
402 411 509 431 veram
535 399 634 430 voluit
663 397 840 438 perducere
872 397 976 427 lucem
1001 407 1142 438 vereque
1166 396 1242 428 fidei
1266 396 1419 438 dogmate
1444 399 1553 428 saneto
1578 396 1710 428 docere!
1756 396 1861 438 Ipsius
1885 398 1981 428 etiam

331 453 435 493 gratia
459 451 547 482 vobis
568 450 732 481 revelante
749 448 789 479 ad
808 448 918 479 sedem
936 448 1023 479 beati
1040 448 1129 479 Petri
1147 448 1385 489 apostolorumb
1402 449 1562 489 principiS,
1588 458 1649 489 que
1667 452 1763 489 eaput
1780 451 1812 479 et
1828 448 1983 489 magistra

332 505 473 535 omnium
504 501 711 533 ecclesiarum
734 500 796 531 Dei
828 500 936 530 existit
967 503 999 530 et
1029 511 1047 531 a
1078 510 1141 541 qua
1172 510 1282 530 omnes
1309 509 1404 540 reges
1433 502 1465 531 et
1491 500 1653 540 principes
1680 499 1814 530 verbum
1838 499 1982 530 veritatis
2013 509 2024 528 ⁵

332 557 537 596 aeceperunt,
573 552 696 593 legatos
730 555 869 589 vestros,
905 550 1038 581 Petrum
1073 551 1196 582 seilicet
1230 554 1401 592 cognatum
1434 555 1574 582 vestrum
1609 554 1641 582 et
1672 550 1849 582 Iohannem
1884 554 1981 591 atque

331 607 513 643 Mai-tinum,
538 603 731 645 precessoris
755 603 853 633 nostri
876 602 983 633 domni
1000 602 1130 634 Nikolai
1153 603 1330 633 beatissimi
1353 603 1488 643 presulis
1512 605 1658 643 tempore
1676 602 1836 633 direxistis
1846 602 1867 642 ¹,
1892 605 1927 632 ut
1951 605 1983 633 et

332 669 387 687 vos
410 656 483 687 inde
509 656 685 686 doctrinam
710 654 961 685 eeclesiasticam
986 658 1082 695 atque
1107 655 1260 685 canonica
1280 654 1424 684 instituta
1441 654 1638 694 reciperetis,
1662 653 1717 684 ubi
1734 654 1830 684 totius
1848 654 1982 694 ecclesie

333 709 476 740 Christus
508 707 614 748 posuit
642 706 870 746 principatum,
901 705 988 746 quod
1016 706 1165 736 nimirum
1193 705 1367 736 secundum
1399 708 1537 736 vestram
1568 704 1764 736 voluntatem
1795 704 1835 735 ab
1867 705 1983 735 eadem

332 763 440 791 sancta
465 759 610 789 Romana
636 757 772 788 ecclesia
795 757 1031 797 promeruisti?
1077 757 1169 788 Nunc
1194 757 1290 798 igitur
1313 767 1369 787 vos
1393 756 1483 797 quasi
1506 756 1669 796 propriam
1693 757 1800 797 gregis
1822 756 1984 787 Dominici
2004 763 2028 782 ιο

331 816 441 841 ovemc
470 810 561 841 nobis
595 810 625 839 in
661 810 730 850 ipso
765 809 984 849 apostolorum
1016 809 1160 849 principe
1196 809 1399 839 commissam
1436 811 1468 838 et
1501 811 1613 848 utpote
1648 807 1851 838 karissimum
1885 807 1985 838 filium

333 866 474 893 nostrum
498 861 548 892 his
571 861 668 891 nostri
693 860 892 901 apostolatus
916 859 1029 891 litteris
1053 860 1218 891 visitamus
1235 863 1267 890 et
1282 860 1397 890 nostris
1414 859 1598 900 apostolicis
1614 859 1800 899 spiritaliter
1817 859 1984 900 amplecti-

334 925 403 945 mur
436 913 531 953 ulnis,
565 911 691 943 assidue
720 922 775 942 vos
810 922 881 942 eum
917 912 1003 942 omni
1036 911 1156 952 populo
1192 915 1296 942 vestro
1332 911 1429 941 saeris
1463 910 1661 941 orationibus
1695 911 1811 941 nostris
1844 910 1983 941 Domino

333 964 604 1004 commendantes,
628 966 663 994 ut
687 964 765 1004 ipse,
791 963 845 1003 qui
868 963 959 994 vobis
983 963 1157 1004 gloriosum
1181 963 1212 993 in
1236 963 1329 994 terris
1352 963 1462 993 tribuit
1482 962 1707 1002 principatum,
1731 961 1849 992 tribuat
1865 964 1985 1002 etpost

333 1020 469 1048 mortem
493 1016 613 1046 celeste
637 1026 770 1055 regnum
789 1018 821 1045 et
837 1015 972 1055 gloriam
990 1015 1230 1055 sempiternam.
1277 1014 1483 1055 Quapropter
1499 1024 1666 1044 monemus
1682 1013 1818 1055 gloriam
1835 1016 1984 1053 vestram,
2004 1021 2028 1040 15

332 1072 367 1099 ut
396 1067 437 1098 ad
468 1070 610 1104 sanctam
640 1069 776 1097 matrem
805 1069 944 1097 vestram
973 1065 1154 1097 Romanam
1188 1066 1357 1097 ecclesiam
1386 1065 1503 1097 devota
1533 1069 1640 1097 mente
1671 1065 1848 1106 libentique
1878 1065 1984 1095 animo

333 1119 505 1159 1·0deatis³‚
535 1122 569 1149 ut
598 1118 816 1159 apostolorum
844 1120 1026 1148 sanctorum
1050 1117 1199 1158 precibus
1223 1117 1324 1148 adiuti
1353 1120 1419 1148 tam
1442 1117 1583 1148 visibiles
1608 1127 1704 1158 quam
1731 1119 1764 1148 et
1790 1115 1984 1146 invisibilesd

334 1171 478 1201 inimicos
513 1170 606 1200 facile
642 1179 793 1210 superare
821 1170 948 1210 possitis
982 1172 1029 1208 et,
1065 1170 1138 1210 quia
1168 1179 1240 1209 vos,
1274 1171 1309 1199 ut
1339 1168 1519 1210 predictum
1551 1171 1612 1209 est,
1647 1168 1783 1199 multum
1813 1167 1985 1208 diligimus,

334 1225 476 1253 nostrum
505 1221 545 1252 ad
574 1232 629 1252 vos
659 1221 805 1252 volumus
835 1231 905 1252 011111
936 1221 1021 1252 sedis
1051 1221 1227 1262 apostolice
1255 1221 1438 1251 visitatione
1463 1220 1601 1261 dirigere
1625 1219 1767 1260 legatum
1792 1219 1985 1260 visitareque

334 1284 404 1313 vos,
439 1274 520 1304 sieut
549 1276 658 1313 pastor
683 1273 790 1303 visitat
817 1283 950 1314 gregem
981 1272 1101 1303 domini
1131 1273 1178 1303 sui
1207 1273 1267 1303 sibi
1296 1273 1514 1311 commissum,
1545 1272 1570 1302 si
1600 1275 1709 1302 tamen
1740 1271 1984 1311 cognoverimus
2003 1277 2030 1297 20

335 1325 532 1356 voluntatem
563 1327 715 1364 vestram,
749 1323 835 1364 quod
868 1327 1009 1355 nostram
1044 1325 1180 1364 cupiatis
1208 1324 1352 1364 recipere
1382 1323 1577 1364 legationem
1609 1327 1642 1354 et
1669 1322 1881 1364 apostolicam
1910 1321 1985 1351 visi-

335 1377 499 1407 tationem.
547 1375 639 1411 Quod
669 1376 694 1405 si
724 1375 901 1415 volueritis,
933 1386 991 1416 per
1019 1376 1101 1406 hunc
1131 1376 1307 1406 Iohannem
1338 1375 1557 1406 venerabilem
1585 1374 1823 1415 presbyterum,
1856 1372 1986 1404 fidelem

335 1430 487 1466 nostrum,
510 1427 602 1457 nobis
626 1427 683 1458 sub
708 1427 898 1458 certitudine
922 1427 1101 1458 litterarum
1118 1430 1296 1458 vestrarum
1313 1427 1502 1457 remandare
1521 1429 1640 1466 curate,
1665 1425 1872 1456 dilectissime
1889 1427 1986 1465 atque

336 1480 553 1510 amantissime
584 1479 637 1510 fili.
684 1479 895 1519 Omnipotens
918 1478 1020 1517 Deus,
1057 1479 1110 1519 qui
1140 1478 1230 1509 vobis
1262 1479 1345 1509 viam
1374 1478 1518 1509 veritatis
1551 1477 1690 1509 ostendit
1721 1480 1754 1508 et
1781 1477 1900 1508 lumine
1929 1486 1985 1516 sue

337 1531 490 1561 claritatis
514 1540 568 1561 cor
592 1534 730 1561 vestrum
754 1530 912 1560 illustrare
939 1529 1087 1570 dignatus
1111 1533 1173 1568 est,
1198 1540 1280 1561 nunc
1304 1533 1336 1560 et
1360 1540 1488 1570 semper
1511 1540 1583 1560 cum
1607 1529 1693 1559 omni
1716 1529 1931 1569 prosperitate
1954 1531 1986 1559 et
2005 1536 2030 1555 2⁵

337 1581 438 1612 salute
462 1592 518 1612 vos
542 1591 732 1612 conservare
758 1581 925 1622 dignetur⁹
948 1581 1151 1612 incolumem.

439 1643 532 1666 DATA
551 1643 612 1666 Vlss.
633 1643 710 1667 IDUS
733 1643 860 1672 IUNIAS,
879 1643 1079 1667 INDICTIONE
1098 1643 1153 1666 XII.

1129 1780 1197 1809 193.

448 1838 605 1869 Iohannes
629 1837 725 1869 VIII.
744 1847 834 1876 papa
856 1836 1089 1868 Karolomamzi
1111 1838 1192 1877 reyis
1219 1837 1377 1868 ‹auxilimn
1404 1840 1461 1867 aut
1484 1836 1648 1868 consilium
1666 1846 1727 1875 pro
1750 1836 1988 1867 calamitatibus

338 1889 482 1921 ecclesiae
505 1890 619 1920 iterum
641 1889 764 1929 expetit,
790 1887 963 1919 Iohannem
980 1889 1180 1928 (Signinum)
1196 1891 1225 1919 et
1246 1887 1430 1919 Paschalem
1447 1888 1665 1928 (Amerimmz)
1681 1887 1846 1926 episcopos,
1871 1887 1986 1927 legatos

337 1951 418 1978 suos,
443 1940 645 1971 commendat.
1697 1940 1760 1969 879
1783 1939 1855 1969 Iam.
1870 1941 1898 1969 7.
2005 1951 2030 1970 30

451 1999 527 2026 Codri·
556 2000 583 2025 R
601 2002 622 2033 f.
638 2001 679 2024 74¹
699 2002 795 2024 n.194.

442 2050 528 2076 Εάᾱ.;
556 2051 652 2076 Editio
663 2050 788 2076 Romana
802 2049 886 2083 (1591)
901 2049 957 2081 III,
971 2053 1020 2075 422
1038 2058 1065 2076 n.
1076 2054 1132 2076 12⁸6.
1164 2049 1259 2075 Mansi
1278 2049 1353 2075 Cone.
1364 2049 1420 2075 coll.
1433 2049 1534 2081 XVII,
1548 2053 1596 2075 126
1614 2052 1709 2075 n.186.
1737 2048 1834 2082 11119110
1853 2048 1929 2074 Patr.
1942 2049 1988 2074 lat.

329 2093 476 2133 CXXVI,
494 2097 543 2120 5239
563 2102 588 2119 n.
603 2096 657 2119 227.
676 2107 708 2111 -
727 2092 798 2124 Jaffc'
818 2092 883 2126 Ray.
896 2095 960 2118 3256
980 2093 1075 2125 (2476).

511 2172 750 2196 DILECTISSIMO
770 2172 812 2195 AC
836 2171 1003 2195 SPIRITALI
1028 2172 1120 2195 FILIO
1143 2170 1406 2195 KAROLOMANNO
1428 2170 1687 2195 GLORIOSISSIMO
1709 2170 1815 2194 REGN.

448 2227 530 2263 Quia
557 2237 646 2257 more
670 2236 889 2267 precessorum
915 2229 1095 2257 nostrorum
1118 2226 1302 2267 pontificum
1327 2226 1449 2266 regiam
1474 2225 1700 2256 excellentiam
1724 2225 1874 2256 divinitus
1898 2225 1987 2256 exal·
2007 2237 2030 2256 35

340 2281 439 2309 tatam
465 2279 517 2319 pio
541 2279 657 2309 mentis
681 2278 799 2308 affectu
823 2278 994 2319 diligimus,
1019 2278 1060 2308 ad
1084 2278 1238 2308 honorem
1256 2280 1288 2307 et
1305 2277 1535 2307 exaltationem
1552 2279 1659 2317 sancte
1684 2276 1747 2307 Dei
1764 2276 1899 2316 ecclesie
1916 2286 1988 2307 eam

340 2329 501 2360 sitibundo
532 2332 663 2370 pectore
692 2328 803 2359 videre
832 2329 944 2360 avidea
968 2328 1202 2367 desideramus,
1235 2331 1392 2369 quatenus
1419 2330 1523 2367 vestre
1552 2327 1780 2369 magnitudinis
1803 2327 1989 2368 triumphali

342 2381 516 2412 certamine
545 2380 630 2411 sedis
660 2379 834 2420 apostolice
863 2380 954 2421 vigor
982 2383 1014 2410 et
1042 2380 1156 2419 honor,
1187 2390 1283 2421 quem
1311 2380 1551 2420 progenitorum
1574 2383 1767 2419 vestrorum,
1798 2379 1988 2420 gloriosissi-

443 2484 466 2515 a)
486 2484 566 2508 filium
579 2487 732 2508 —vestram
752 2483 780 2507 in
798 2491 850 2508 rae.
872 2482 902 2507 R.
973 2482 997 2514 b)
1017 2492 1083 2507 corr.
1097 2492 1127 2507 eat
1145 2483 1252 2515 apostoli
1270 2483 1301 2507 R.
1374 2486 1397 2513 ⁰)
1417 2492 1433 2507 v
1452 2492 1517 2508 corr.
1531 2491 1561 2507 ex
1580 2484 1595 2507 b
1615 2483 1646 2508 R.
1717 2481 1741 2514 d)
1760 2491 1836 2514 quam
1855 2486 1880 2507 et
1898 2482 1986 2506 invisi-

342 2526 405 2550 biles
425 2526 487 2551 add.
505 2527 533 2551 in
551 2535 631 2558 mary.
651 2526 777 2557 superiori
795 2526 830 2550 al.
843 2534 911 2550 man,
933 2526 963 2551 Iz‘.
1052 2526 1075 2557 e)
1095 2535 1107 2550 e
1127 2527 1153 2550 ἰη
1171 2535 1223 2550 rus.
1243 2526 1274 2550 R.
2005 2536 2030 2555 ⁴0

447 2577 501 2602 193.
529 2579 551 2609 a)
571 2587 638 2603 corr.
651 2586 681 2602 cx
700 2578 801 2602 avidere
820 2577 851 2603 R.

446 2654 470 2685 1)
490 2653 586 2678 Petras
605 2655 735 2686 cognatus
751 2652 897 2685 Michaelis,
916 2653 962 2678 cui
980 2652 1096 2678 directae
1115 2656 1177 2678 sunt
1196 2661 1250 2685 epp.
1266 2661 1312 2678 nn.
1326 2656 1358 2678 67
1374 2655 1397 2678 et
1418 2656 1465 2679 183
1484 2661 1508 2678 α.
1521 2656 1571 2678 866
1585 2653 1689 2685 primas
1707 2660 1765 2678 cum
1783 2651 1899 2678 Nicolao
1913 2659 1988 2684 papa

341 2696 481 2722 relationes
500 2696 561 2721 iniit
580 2698 603 2721 et
624 2696 722 2721 iterum
741 2705 766 2722 α.
779 2696 874 2727 868169
893 2695 994 2728 leqatus
1010 2695 1121 2721 Romam
1138 2696 1210 2721 ‘venit
1228 2695 1265 2721 ad
1284 2695 1458 2728 expetendmn
1477 2696 1597 2722 eeclesiae
1615 2695 1798 2729 Bulflarm·mn
1817 2694 1987 2726 archiepisco-

338 2748 418 2772 pum,
446 2739 481 2770 cf.
505 2739 651 2771 Ditmmler,
678 2739 694 2765 I.
712 2739 728 2765 l.
749 2738 807 2770 11²,
826 2742 869 2764 191
880 2746 930 2770 δᾳ,
949 2742 999 2764 256
1009 2746 1044 2771 sq.
1149 2740 1176 2771 2)
1202 2738 1242 2770 C'f.
1263 2738 1374 2764 Nicolui
1393 2738 1417 2765 1.
1441 2746 1568 2771 responsa
1592 2738 1629 2763 ad
1654 2737 1777 2764 consulta
1795 2737 1988 2771 Bedqarmwn,

343 2781 410 2808 ΜΘ.
432 2782 505 2814 Epp.
530 2781 574 2807 VI
573 2802 581 2814 ‚
600 2785 647 2808 566
656 2789 691 2814 sq.
797 2781 823 2813 3)
845 2780 930 2814 Quam
953 2789 978 2807 α.
996 2784 1046 2807 870
1068 2781 1164 2807 ΡΙιοίιό
1186 2781 1346 2813 patriarcha
1368 2781 1513 2814 iustificate
1535 2781 1691 2814 reliquerat,
1716 2780 1750 2812 cf.
1770 2779 1917 2811 Dibmmler,
1940 2779 1955 2804 l.
1972 2779 1987 2804 l.
2006 2784 2030 2803 45

344 2825 403 2857 11²,
422 2828 516 2857 257341.
603 2825 629 2853 4)
658 2824 682 2849 V.
702 2832 787 2857 supra
805 2832 851 2849 om.
867 2828 920 2855 179,
940 2828 996 2850 160.
