2189 3042
168 477 179 496 5

158 876 182 895 10

158 1121 181 1139 15

156 1386 181 1405 20

156 1643 181 1663 25

155 1900 180 1920 30

155 2167 179 2185 35

157 2525 183 2543 40

161 2789 186 2808 45

620 174 798 201 IOHANNIS
817 174 891 201 VIII.
910 174 1027 200 PAPAE
1050 173 1248 200 EPISTOLAE
1272 173 1418 200 168—170.
1784 175 1841 205 137

194 263 327 294 brachio
352 261 503 293 adversus
525 260 669 291 inimicos
693 261 913 301 potentissime
937 260 1078 291 roborati
1101 261 1164 291 iam
1188 260 1248 301 ipsi
1268 260 1396 290 venire³
1412 270 1475 290 non
1497 258 1658 299 dubitetis,
1683 259 1844 300 quoniam,

197 315 223 344 si
247 316 334 344 tante
364 313 555 344 calamitatis
584 322 778 353 pressuram,
808 322 903 352 quam
932 315 1042 343 saneta
1068 311 1235 342 Romanab
1260 314 1364 342 mater
1386 314 1491 341 vestra
1519 311 1654 341 ecclesia
1684 312 1717 341 et
1743 310 1843 351 ipsius

197 369 283 396 terra
307 364 442 395 cotidie⁰
459 364 499 394 ab
520 364 654 394 inimicis
678 364 806 403 patitur,
831 364 1067 404 cognovissetis,
1092 363 1257 394 nobiscum
1280 363 1390 403 utique
1414 363 1535 403 pariter
1556 361 1716 393 doleretis.
1756 362 1843 398 Qua-

197 419 339 457 propter,
358 416 402 446 fili
418 415 595 455 karissime,
620 417 793 455 antequam
809 415 1008 445 inimicorum
1025 414 1137 454 insidie
1154 414 1224 454 plus
1244 413 1466 445 adcrescentes
1482 413 1678 454 prevaleant,
1703 416 1844 444 nostram

199 467 403 498 devotionem
437 469 533 508 atque
569 466 735 496 consilium
769 466 822 506 pio
856 466 972 496 intuitu
1006 465 1182 497 adtendere
1217 465 1303 496 nullo
1337 465 1432 496 modo
1463 465 1629 504 desinatis,
1665 464 1722 495 sed
1754 475 1844 495 more

197 521 365 559 parentum
389 521 565 549 vestrorum
590 527 643 556 ea,
668 527 730 558 que
754 518 935 547 necessaria
959 520 1030 547 sunt
1053 516 1158 556 nobis,
1188 517 1413 547 instantissime
1437 517 1612 557 peragatis,
1643 516 1717 557 quia
1745 516 1845 546 nostri

198 569 397 610 apostolatus
419 569 500 599 ulnis
524 569 662 599 extentis
685 568 834 599 alacriter
855 569 1006 609 amplecti
1029 568 1172 609 regalem
1195 568 1388 608 presentiam
1410 571 1549 599 vestram
1573 567 1801 598 desideramus

302 628 447 654 TERTIOd
465 630 576 654 NONAS
599 630 745 660 APRILIS,
764 629 963 654 INDIC'PIONE
982 630 1038 654 ΧΗ.

992 767 1059 796 169.

305 816 463 847 Iohannes
481 816 578 847 VIII.
597 826 687 855 papa
703 816 883 848 Athanasio
899 817 1038 856 episeopo
1055 815 1264 855 Neapolitano
1278 815 1402 855 gratias
1422 815 1487 855 ayit
1510 815 1546 845 de
1569 814 1632 853 fide
1655 815 1689 845 in
1705 814 1847 845 absentia

201 878 261 899 sua
284 870 416 904 servata,
440 867 475 898 in
491 877 555 907 qua
577 870 613 898 nt
629 870 813 906 perseveret,
837 868 999 906 hortatum
1023 867 1182 908 (Petrum)
1199 867 1365 898 diaconum
1382 867 1450 897 eius
1465 866 1684 897 commendans
1705 866 1845 897 remittit.

1542 918 1604 947 879
1627 916 1760 957 (Mart.)

314 952 390 980 CocL:
418 952 445 978 R
462 954 483 985 f.
497 956 529 978 67
544 961 572 978 n.
587 956 642 979 170.

302 995 391 1021 Edax
417 995 512 1021 Editio
527 995 651 1021 Romana
664 996 748 1029 (1591)
763 995 819 1028 ΙΙΙ,
833 999 882 1021 406
895 998 986 1022 n.162.
1018 995 1113 1020 Mansz'
1135 994 1212 1020 Cone.
1227 993 1283 1020 coll.
1301 993 1402 1025 XVII,
1417 997 1463 1018 111
1477 1001 1504 1019 n.
1515 996 1567 1019 162,
1600 993 1692 1026 Miyne
1711 993 1788 1019 Patr.
1801 993 1847 1019 lat.

203 1039 289 1065 CXX
296 1039 343 1070 VI,
362 1042 412 1065 823
430 1047 457 1064 η.
471 1042 526 1065 202.
546 1053 578 1057 —
597 1038 669 1070 Jaffe'
688 1038 750 1071 Rey.
763 1041 827 1064 3232
846 1038 942 1071 (2451).

202 1117 496 1142 REVERENTISSIMO
519 1118 563 1141 ET
586 1117 808 1141 SANCTISSIMO
831 1116 1029 1141 ATHANASIO
1053 1114 1215 1139 EPISCOPO
1241 1114 1372 1150 SANCTI}
1395 1114 1637 1150 NEAPOLITANI}
1661 1114 1847 1150 ECCLESHY.

304 1172 422 1203 Multas
456 1173 631 1213 gratiarum
664 1172 807 1202 actiones
841 1174 937 1211 atque
972 1170 1091 1201 salutes
1125 1169 1261 1200 almitati
1288 1171 1393 1208 vestre
1430 1168 1478 1198 his
1514 1168 1628 1199 nostris
1663 1168 1848 1209 apostolicis

198 1223 366 1254 referimus
389 1224 513 1264 litteris,
539 1224 613 1264 quia
636 1223 727 1253 nobis
749 1233 807 1263 pro
832 1222 992 1252 communi
1014 1221 1152 1252 utilitate
1176 1220 1272 1261 longe
1296 1219 1563 1250 consistentibus2
1577 1220 1668 1260 quasi
1691 1220 1847 1260 presenti-

198 1274 257 1305 bus
280 1275 497 1306 sinceritatem
520 1274 699 1305 devotionis
724 1278 756 1305 et
778 1274 853 1305 fidei
876 1276 980 1313 vestre
1005 1273 1107 1304 circaa
1131 1276 1273 1302 sanctam
1294 1271 1475 1302 Romanam
1500 1270 1669 1301 ecclesiam
1693 1271 1848 1302 matremb

199 1330 339 1357 vestram
362 1329 570 1367 nostrumque
587 1326 784 1367 pontificium
808 1328 904 1366 atque
929 1325 1013 1355 circa
1035 1323 1147 1355 fideles
1170 1327 1295 1354 nostros
1312 1326 1493 1364 promptam
1516 1322 1547 1352 in
1573 1322 1718 1353 omnibus
1742 1326 1847 1354 osten-

200 1377 277 1408 dere
301 1378 487 1418 procuratis.
527 1377 742 1412 Quamobrem
766 1377 853 1407 nulla
875 1377 1075 1407 inimicorum
1091 1375 1232 1406 versutia
1247 1375 1299 1406 vel
1323 1374 1481 1405 calliditas
1503 1385 1559 1405 vos
1583 1385 1602 1404 a
1624 1374 1709 1405 bono
1732 1375 1849 1405 mentis

199 1430 363 1470 proposito
392 1430 424 1459 in
454 1428 594 1469 aliquam
624 1429 748 1468 sinistre
784 1428 985 1469 cogitationis
1019 1430 1074 1458 aut
1104 1427 1277 1457 voluntatis
1312 1429 1455 1467 partem⁰
1483 1426 1626 1465 inclinet,
1662 1426 1733 1465 sed,
1769 1427 1849 1456 sicut

200 1481 342 1521 cepistis,
377 1480 531 1520 perficere
560 1479 742 1510 omnimodo
771 1480 922 1520 satagite,
959 1479 1033 1520 quia
1069 1481 1101 1509 et
1132 1479 1281 1508 meritum
1316 1481 1348 1508 et
1377 1477 1534 1518 condigna
1564 1477 1730 1508 retributio
1758 1477 1849 1508 vobis

200 1531 326 1563 Christo
350 1531 477 1562 favente
501 1532 677 1572 proveniet.
723 1531 807 1562 Nam
835 1531 911 1562 licet
938 1531 1138 1561 inimicorum
1166 1540 1223 1560 nos
1246 1529 1455 1570 prepediente
1480 1529 1684 1560 fraudulenta
1707 1529 1850 1570 nequitia

200 1593 263 1613 nou
287 1583 402 1623 omnia,
420 1593 480 1624 que
497 1582 694 1621 volebamus,
719 1593 760 1614 ex
781 1586 848 1614 toto
865 1583 1078 1623 potuissemus
1095 1582 1261 1622 perficere,
1285 1591 1367 1611 nunc
1391 1584 1499 1611 tamen
1522 1583 1682 1611 annuente
1699 1580 1849 1620 Domino,

201 1634 287 1675 quod
315 1634 355 1665 ad
379 1634 534 1665 honorem
563 1637 670 1675 sancte
694 1634 755 1666 Dei
785 1634 919 1675 ecclesie
953 1637 985 1665 et
1012 1634 1102 1664 istius
1129 1635 1213 1673 terre
1242 1633 1378 1663 salutem
1402 1635 1606 1673 vestramque
1631 1631 1849 1663 defensionem

200 1687 347 1727 pertinet,
365 1684 442 1728 [ιη]ιί
457 1687 522 1717 iam
539 1689 665 1727 ceptum
684 1686 850 1725 habemus,
867 1686 1026 1717 credimus
1042 1695 1099 1716 nos
1119 1686 1320 1715 incuntanter
1336 1687 1494 1715 aucturos.
1530 1683 1670 1714 Proinde
1686 1684 1851 1714 hortamur

200 1737 423 1768 nichilominus
453 1742 485 1769 et
511 1748 677 1768 monemus
702 1737 906 1768 dilectionem
930 1740 1082 1776 vestram,
1111 1740 1145 1767 ut
1173 1737 1253 1767 sicut
1279 1736 1451 1767 hactenuse
1474 1735 1519 1766 ita
1543 1735 1694 1776 deinceps
1718 1735 1852 1765 viriliter

201 1799 238 1820 ac
263 1789 394 1820 firmiter
416 1790 604 1829 consistatis,
630 1789 731 1820 donec
755 1789 887 1830 speciali
911 1789 1072 1829 presentia
1096 1787 1236 1819 adiuncti
1259 1787 1352 1818 simul
1368 1787 1537 1828 loquamur
1561 1789 1593 1817 et
1617 1797 1673 1827 pro
1691 1787 1852 1817 communi

197 1840 299 1871 salute
323 1841 443 1882 pariter
459 1841 641 1872 laborantes
665 1841 739 1872 totis
764 1840 928 1871 conatibus
946 1840 1147 1871 desudemus
1187 1839 1345 1874 Quoniam
1361 1838 1451 1869 velut
1474 1838 1671 1869 carissimum
1696 1840 1728 1868 te
1751 1837 1851 1867 filium

199 1893 338 1923 retinere
362 1893 527 1933 cupientes
543 1892 681 1934 benigne
705 1892 930 1933 amplectimur
953 1895 985 1923 et
1008 1895 1113 1922 tecum
1137 1891 1169 1922 in
1193 1890 1339 1922 omnibus
1364 1889 1580 1931 congratulari
1605 1889 1741 1920 feliciter
1764 1889 1851 1929 cupi-

198 1954 282 1984 mus,
319 1945 406 1985 quia,
441 1947 476 1975 ut
511 1944 631 1975 dictum
665 1947 728 1981 est,
761 1954 818 1985 pro
855 1947 941 1975 certo
970 1944 1051 1974 scias
1081 1947 1111 1974 te
1141 1943 1268 1983 dignam
1302 1953 1320 1972 a
1348 1941 1439 1972 nobis
1468 1941 1751 1982 conpensationem
1781 1950 1851 1971 esse

199 1996 309 2036 procul
338 1995 434 2026 dubio
464 1999 676 2037 recepturum.
722 1995 816 2026 Hunc
845 2005 921 2026 vero
951 1995 1120 2026 diaconum
1150 1998 1254 2033 tuum,
1284 1994 1337 2035 qui
1365 2004 1422 2034 pro
1452 1993 1524 2024 tuos
1547 2003 1656 2023 amore
1685 1993 1716 2023 in
1744 1995 1852 2023 nostro

200 2048 328 2078 servitio
353 2050 440 2078 tanto
464 2051 610 2088 tempore
634 2047 773 2078 fideliter
801 2047 934 2087 mansit,
963 2047 1123 2077 sanctitati
1146 2048 1251 2086 vestre
1279 2046 1311 2076 in
1342 2045 1488 2076 omnibus
1512 2043 1788 2083 commendamus,
1817 2047 1853 2074 ut

200 2098 330 2139 dignum
355 2109 374 2129 a
397 2099 487 2130 vobis
511 2099 804 2140 reconpensationis
828 2099 984 2130 honorem
1007 2098 1175 2139 percipiat.

302 2160 396 2184 DATA
417 2161 462 2185 UT
481 2161 597 2185 SUPRA.

991 2262 1060 2291 170.

309 2312 467 2344 Iohannes
494 2312 590 2344 VIII.
617 2323 710 2352 papa
741 2311 917 2343 Aureliano
950 2311 1199 2351 (Layclnnenst),
1236 2310 1378 2342 Otranno
1406 2309 1624 2350 (Viennensi),
1663 2307 1848 2339 Theoderico

201 2363 407 2405 (Bisantino)
431 2364 672 2404 archiepiscopis
694 2364 868 2401 interdicit,
898 2373 936 2393 ne
963 2362 1184 2393 Biebertz'num
1205 2362 1324 2393 <aedicio
1347 2371 1411 2393 non
1431 2361 1564 2400 praevio
1588 2359 1852 2391 excommmzicent

200 2426 273 2446 neve
295 2426 345 2447 res
367 2416 435 2447 eius
457 2419 529 2447 ante
553 2415 626 2455 leyis
648 2416 840 2446 sanctionem
864 2414 973 2445 invadi
995 2414 1115 2445 sinant.
1692 2410 1764 2441 879.

353 2475 392 2502 dx
482 2497 486 2502 .
519 2477 541 2488 ”¹
561 2484 588 2502 n.
619 2479 654 2501 ⁸.

305 2475 390 2544 ECZIA
417 2476 653 2544 ssastig‘Rornciizit
672 2518 756 2552 (1591)
776 2518 831 2549 III,
851 2521 902 2543 407
917 2526 943 2543 n.
958 2520 1002 2543 163
1022 2529 1052 2538 =
1073 2516 1196 2542 sio-monn
1216 2516 1294 2542 Cone.
1308 2518 1362 2542 ant.
1379 2515 1484 2541 Galliae
1504 2514 1558 2547 ΙΙΙ,
1572 2517 1624 2540 492
1644 2522 1668 2539 n.
1679 2517 1716 2539 57.
1756 2511 1852 2537 ΙΙΙαηεί

205 2560 283 2587 Cone.
296 2561 350 2586 coll.
366 2561 465 2593 XVII,
485 2564 529 2587 112
547 2569 572 2586 n.
588 2564 643 2587 163.
680 2561 775 2594 Migne
795 2561 868 2586 Patr.
883 2560 930 2587 lat.
947 2559 1083 2592 CXXVI,
1102 2563 1152 2585 827
1168 2567 1195 2585 n.
1208 2562 1264 2585 208.
1285 2574 1317 2577 -
1337 2558 1413 2589 Jaffe‘
1432 2558 1496 2590 Req.
1510 2560 1576 2583 3233
1595 2556 1691 2590 (2457).

305 2648 328 2679 ³)
347 2649 434 2673 honix-e
453 2648 484 2673 R.
572 2648 597 2679 b)
617 2657 683 2673 corr.
697 2657 726 2673 ez
745 2651 858 2672 sanctam
878 2649 1019 2672 Romanam
1037 2646 1068 2671 B.
1159 2645 1181 2677 c)
1200 2647 1265 2670 coti-
1284 2646 1310 2670 in
1328 2653 1381 2669 ras.
1400 2645 1432 2669 R.
1521 2642 1545 2675 d)
1567 2649 1680 2667 TERTIAS
1700 2641 1730 2665 R.

307 2691 364 2716 169.
393 2690 415 2723 ὃ)
434 2700 500 2716 corr¹
514 2700 544 2716 ex
563 2693 655 2716 circam
675 2691 706 2715 R.
803 2689 827 2722 b)
846 2699 910 2715 corr.
925 2698 955 2714 ea:
974 2694 1055 2714 mater
1074 2690 1106 2714 al.
1121 2698 1189 2713 man.
1209 2689 1240 2713 R.
1342 2688 1365 2718 ⁰)
1384 2691 1436 2711 -rt-
1458 2687 1484 2711 ιή
1503 2695 1555 2710 ros.
1576 2685 1607 2710 R.
1635 2688 1637 2693 ¹
1709 2682 1732 2715 ι1)
1753 2691 1799 2707 om.
1819 2682 1853 2706 R.

204 2730 227 2764 e)
245 2737 352 2758 actenus
369 2734 401 2759 R.
489 2733 508 2764 s)
529 2743 595 2759 corr.
609 2743 638 2759 επ
657 2740 726 2759 tuam
746 2733 777 2758 R,

308 2784 333 2815 1)
356 2784 396 2815 Cf.
415 2792 441 2810 n.
457 2788 502 2810 172
521 2783 634 2810 eiusdem
651 2784 707 2815 fere
725 2784 854 2816 temporis.
943 2783 969 2816 2)
989 2783 1023 2808 In
1044 2782 1135 2808 itinere
1154 2781 1299 2807 Franccssco.

310 2835 460 2861 Emsrorn:
477 2835 538 2861 VII.
1614 2828 1644 2854 ¹3
