2189 3042
199 1132 227 1151 cf.
237 1131 278 1152 Tit,
291 1134 310 1155 3,
321 1135 339 1152 5.

352 156 393 186 48
789 151 966 178 IOHANNIS
985 151 1060 178 VIII.
1079 150 1197 177 PAPAE
1219 150 1418 178 EPISTOLAE
1441 151 1559 178 50—52.

353 240 493 271 existens
523 239 667 269 interima
696 239 831 269 existeta
854 248 912 278 pcr
940 237 1047 268 omnia
1074 238 1297 268 communione
1325 238 1393 269 iure
1422 237 1578 278 privatus,
1603 239 1673 279 pari
1700 239 1825 270 vinculo
1853 239 2001 271 irretiens

353 301 472 329 omnes,
490 291 541 330 qui
566 289 624 320 sibi
649 288 952 319 communicaverint
967 288 1019 318 vel
1042 291 1152 319 contra
1175 288 1379 320 interdictum
1402 292 1545 320 nostrum
1569 299 1649 320 ausu
1666 291 1836 321 temerario
1853 290 1999 322 faverint.

351 341 445 373 Unde
468 351 524 371 vos
548 342 657 371 cautos
680 339 817 370 reddere
840 339 996 377 volumus,
1021 340 1046 369 si
1069 350 1133 370 non
1149 340 1243 370 vultis
1266 340 1325 381 ipsi
1350 339 1457 371 eidem
1481 340 1656 372 secundum
1681 341 1809 382 regulas
1833 341 2000 374 subiacere

351 392 478 423 iudicio.
525 392 682 433 Optamus
706 403 761 423 vos
785 395 816 422 ct
840 395 958 423 cetera.

455 454 549 478 DATA
568 454 625 477 1111.
645 452 829 477 KALENDAS
852 452 939 484 MAII,
959 452 1159 477 INDICTIONE
1177 453 1207 477 X.
2030 463 2043 481 5

1151 600 1202 629 51.

460 652 618 685 Iohannes
641 652 734 684 VIII.
757 662 843 692 papa
860 652 1023 691 Lamialfo
1046 653 1185 692 episcopo
1204 653 1356 692 Capaano
1377 654 1542 693 praecipit,
1566 657 1602 686 at
1625 654 1662 686 dc
1684 655 1888 694 irrumpendo
1911 656 2002 687 ducis

352 704 635 744 Neapolitanorum
657 714 726 735 cum
751 704 919 736 Saracenis
945 704 1068 742 foedere
1094 704 1155 736 sibi
1182 705 1355 737 innotescat
1384 705 1534 745 illamque
1562 716 1633 737 cum
1660 705 1830 747 Gaaifcrio
1854 707 2002 747 principe

353 756 587 797 (Salernitaao)
611 758 639 787 ct
661 755 794 787 Pulcari
810 756 1026 795 praefecturio
1050 756 1276 796 (Amalfitaao)
1302 757 1441 789 Traiecti
1463 758 1524 789 sibi
1547 768 1708 789 occurrere
1730 759 1842 796 faciat.

466 842 542 868 Coti:
572 842 599 868 R
617 844 638 875 f.
649 846 679 868 25
697 850 723 868 η,
739 846 777 868 51.
1679 811 1743 841 877
1765 811 1845 850 Apr.
1863 810 1916 844 25.
2019 859 2044 878 1⁰

456 893 539 920 EM.-
567 893 662 919 Editio
677 894 802 920 Romana
820 894 904 926 (1591)
923 893 978 926 111,
999 896 1048 919 330
1066 902 1093 919 oz.
1108 897 1150 920 50.
1181 894 1279 920 Mami
1298 894 1377 921 Conc.
1390 895 1446 921 coll.
1467 895 1566 928 XVII,
1587 900 1621 922 44
1639 904 1667 921 n.
1681 899 1720 923 50.
1754 895 1847 929 Mifflw
1864 896 1942 922 Patr.
1956 896 2001 922 lat.

356 937 492 970 CXXVI,
514 941 559 964 ‘729
576 946 603 963 11.
619 941 655 964 77.
676 952 705 956 —
725 937 797 969 Jaffc'
815 936 877 970 Req.
891 940 957 963 3095
974 937 1002 970 (2
1019 937 1068 970 25).

787 1016 959 1040 IOHANNES
982 1016 1168 1041 LANDULFO
1190 1016 1352 1041 EPISCOPO
1376 1017 1561 1042 CAPUAN01.

460 1067 595 1098 Studeat
618 1067 768 1097 sanctitas
791 1070 845 1097 tua
873 1067 1048 1097 certissime
1077 1067 1173 1107 scire,
1202 1068 1229 1098 si
1251 1067 1541 1108 Neapolitanorum
1565 1068 1650 1099 dux2
1674 1069 1911 1110 presentialiter
1933 1069 2001 1100 vult

354 1121 483 1159 pactum
508 1118 738 1149 Saracenorum
764 1119 938 1159 irrumpere
963 1121 995 1149 et
1018 1118 1128 1159 federe
1154 1118 1286 1159 Christi,
1311 1119 1397 1160 quod
1425 1121 1457 1150 in
1480 1120 1734 1161 regenerationis
1756 1120 1842 1152 unda
1866 1121 2000 1162 pepigit,
2020 1133 2044 1152 15

355 1170 406 1201 vel
436 1180 455 1201 a
482 1180 577 1209 nunc,
608 1171 689 1201 sicut
712 1170 854 1200 debitum
880 1174 940 1207 est,
972 1170 1130 1201 veraciter
1151 1170 1312 1211 inherere,
1345 1175 1391 1211 et,
1421 1171 1448 1202 si
1478 1171 1608 1212 quidem
1632 1172 1729 1203 talem
1754 1183 1837 1203 nunc
1860 1173 2001 1203 animum

354 1222 473 1253 habere
498 1223 693 1262 cognoveriS,
717 1222 775 1252 hoc
800 1221 889 1252 nobis
912 1222 1139 1262 presentaliter
1161 1222 1311 1253 indicato.
1350 1223 1433 1263 Age,
1457 1226 1491 1253 ut
1514 1223 1600 1254 idem
1623 1223 1689 1254 dux
1712 1223 1945 1265 Neapolitanus
1969 1227 2001 1255 et

354 1273 561 1305 Uuahiferius
583 1274 738 1314 gloriosus
761 1274 929 1314 princeps³
953 1284 990 1304 ac
1006 1273 1135 1304 Polcari
1157 1274 1391 1315 prqfeetun'us‘t
1407 1274 1448 1305 ad
1465 1275 1671 1306 Traiectum⁵
1690 1285 1755 1306 una
1778 1279 1885 1306 tecum
1908 1285 2000 1306 acce-

354 1326 472 1365 lerent,
502 1325 555 1355 ubi
586 1326 682 1356 etiam
706 1330 781 1355 nos-'²
804 1325 1009 1365 aecedentes,
1041 1336 1102 1366 que
1125 1325 1196 1357 Deo
1226 1329 1298 1356 sunt
1327 1326 1514 1367 placabilia,
1543 1329 1729 1357 statuamus.
1775 1327 1886 1358 Parati
1916 1327 2000 1358 enim

355 1388 462 1408 sumus
482 1387 543 1407 non
561 1376 671 1416 solum,
690 1387 749 1418 que
768 1376 853 1407 dicta
877 1380 957 1416 sunt,
981 1376 1039 1407 sed
1064 1380 1096 1408 et
1119 1378 1242 1408 maiora
1258 1377 1446 1417 concedere,
1470 1381 1593 1409 tantum
1614 1382 1648 1409 ut
1669 1378 1813 1409 eiusdem
1836 1378 2000 1420 magistrib
2019 1390 2045 1409 20

355 1428 490 1459 militum
513 1437 617 1458 sermo
642 1428 684 1458 ita
708 1428 747 1457 sit
770 1427 873 1458 fidelis
897 1430 929 1457 ct
956 1427 1079 1458 stabilis
1104 1430 1136 1458 et
1159 1428 1245 1458 omni
1269 1428 1457 1459 certitudine
1482 1431 1693 1470 premunitus,
1720 1433 1756 1461 ut
1783 1431 1937 1462 securitas
1961 1441 2001 1462 ex

354 1482 488 1520 utraque
516 1483 606 1520 parte
634 1480 723 1509 firma
751 1482 879 1509 maneat
909 1482 941 1510 ct
970 1479 1037 1509 sine
1063 1478 1263 1510 dubitatione
1293 1483 1380 1511 certa
1408 1481 1568 1521 persistat.
1619 1480 1713 1516 Quod
1741 1482 1767 1512 si
1797 1492 1859 1522 que
1889 1492 1999 1523 repro-

354 1531 482 1561 mittere
511 1533 565 1561 aut
592 1530 766 1571 adimplere
795 1531 880 1561 nolle
908 1534 963 1561 aut
986 1531 1178 1572 prolongare
1202 1531 1285 1562 velle
1309 1531 1380 1562 illos
1404 1533 1606 1573 cognoveris,
1634 1543 1696 1563 non
1721 1532 1779 1563 tibi
1807 1534 1847 1564 sit
1869 1533 2000 1564 lieentia

354 1582 415 1613 hoc
438 1593 457 1613 a
480 1585 587 1612 nostra
610 1582 742 1612 scientia
766 1582 958 1621 occultandi,
987 1582 1044 1613 sed
1068 1582 1219 1623 quicquid
1242 1584 1399 1614 veraciter
1423 1584 1490 1614 sine
1515 1583 1589 1615 dolo
1613 1595 1671 1625 per
1694 1584 1801 1615 omnia
1828 1584 1999 1615 indicandi.

354 1634 405 1665 De
429 1634 477 1664 his
502 1644 578 1675 crgo
602 1634 692 1664 stude
717 1634 940 1674 presentaliter
962 1645 1019 1665 nos
1042 1635 1180 1675 pleniter
1202 1644 1240 1665 ac
1264 1635 1414 1666 citissime
1438 1635 1552 1666 litteris
1575 1636 1637 1666 tuis
1660 1636 1828 1675 instruere,
1851 1638 1895 1675 ut,
1914 1635 1999 1675 quod
2018 1642 2042 1662 25

356 1686 507 1726 deinceps
524 1685 612 1716 Deus
629 1685 805 1725 dictaverit,
830 1696 901 1716 cum
925 1686 1022 1726 ipsius
1046 1687 1166 1717 auxilio
1191 1687 1258 1718 sine
1275 1697 1365 1717 mora
1388 1687 1530 1728 incipere
1555 1690 1587 1718 et
1610 1687 1765 1728 perficere
1782 1697 1999 1728 procuremus.

355 1737 405 1768 De
430 1737 544 1778 quibus
571 1738 639 1778 ipsc
668 1748 722 1777 pre
747 1737 861 1768 ceteris
889 1742 1015 1768 curam⁰
1039 1738 1157 1779 arripe,
1183 1739 1236 1779 qui
1264 1739 1412 1769 nimirum
1437 1739 1568 1780 speciali
1592 1739 1796 1780 prerogativa
1820 1742 2000 1770 nostrorum

355 1789 512 1819 viscerum
536 1799 591 1829 pre
615 1789 729 1819 ceteris
753 1788 869 1819 foveris
892 1790 923 1819 in
946 1792 1046 1820 antro.

459 1850 552 1873 DATA
572 1848 642 1873 VII.d
662 1850 843 1874 KALENDAS
860 1848 953 1881 MAN,
973 1850 1172 1875 INDICTIONE
1190 1851 1222 1875 X.

1152 1997 1203 2026 52.

464 2049 621 2080 Iohannes
639 2049 732 2081 VIII.
752 2060 840 2089 papa
864 2050 1026 2082 Pulcarim
1043 2051 1296 2092 praefecturium
1311 2051 1546 2090 Amalfitanam
1569 2051 1724 2089 hortatur,
1747 2055 1784 2083 at
1807 2062 1876 2083 cam
1899 2062 2001 2084 socero
2020 2064 2045 2084 30

355 2111 412 2132 sao
435 2101 622 2140 (Guaiscrio
646 2101 850 2132 Salernitana
867 2102 1025 2142 principe)
1052 2103 1189 2134 Traiecti
1210 2103 1272 2134 sibi
1295 2106 1448 2134 occurrat.
1680 2104 1744 2134 877
1766 2103 1845 2143 Apr.
1861 2105 1913 2135 25.

471 2168 544 2194 God.:
573 2168 599 2194 R
617 2171 636 2202 f.
651 2172 681 2194 25
701 2177 725 2195 n.
739 2172 779 2194 52.

460 2220 543 2246 Eda:
572 2219 666 2245 Editio
686 2220 811 2246 Romana
829 2220 912 2254 (1501)
932 2221 986 2252 ΙΙΙ,
1007 2224 1053 2247 331
1072 2230 1099 2248 a.
1111 2226 1149 2248 51.
1185 2222 1281 2248 Mansi
1301 2222 1379 2249 Coae.
1394 2223 1451 2249 coll.
1472 2222 1572 2256 XVII,
1591 2227 1623 2249 45
1640 2231 1668 2249 11.
1681 2226 1718 2250 51,
1754 2222 1847 2256 Miyne
1865 2222 1940 2249 Patr.
1954 2223 2001 2249 lat.

359 2263 497 2295 CXXVI,
518 2266 567 2290 730
583 2271 610 2288 11.
627 2266 662 2289 78.
684 2278 713 2281 -
733 2263 809 2295 Jaffc
830 2263 893 2297 Ray.
907 2267 974 2290 3096
992 2265 1088 2298 (2326).

869 2338 1041 2363 IOHANNES
1063 2339 1209 2364 POLCARI
1230 2339 1490 2377 PRlyFECTURIO‘R
2019 2346 2044 2366 35

466 2387 499 2418 Si
515 2397 590 2418 vere
607 2388 716 2428 utique
734 2388 886 2428 magister
901 2388 1055 2419 militum7
1073 2392 1201 2429 pactum
1219 2390 1452 2422 Saracenorum
1468 2391 1634 2432 proposuit
1649 2400 1809 2431 rumpere,
1826 2390 2001 2431 hortamur,

357 2442 392 2470 ut
415 2439 597 2470 Traiectum
627 2449 697 2469 cum
725 2439 832 2470 inclito
862 2449 972 2470 socero
1000 2440 1076 2470 tuo8
1099 2440 1211 2481 adeas,
1239 2442 1294 2473 ubi
1323 2452 1451 2483 quoque
1480 2445 1512 2473 et
1538 2445 1647 2473 nostra
1673 2445 1803 2483 reperta
1829 2443 2000 2483 presentia,

462 2550 484 2581 a)
505 2551 566 2575 add.
586 2550 612 2574 ἱη
630 2559 710 2582 mar-q.
724 2551 759 2576 al.
772 2559 840 2576 man.
861 2551 884 2575 B
903 2550 947 2583 (cf.
967 2561 992 2577 11.
1006 2555 1048 2584 49,
1062 2562 1090 2585 p.
1103 2556 1137 2578 47
1154 2555 1170 2579 Z.
1186 2554 1237 2586 18).

462 2601 502 2626 51.
530 2600 553 2632 a)
572 2610 638 2626 corr.
651 2610 682 2627 ca:
700 2610 750 2626 non
770 2602 800 2626 R.
888 2601 914 2633 b)
933 2603 967 2627 -ri
991 2612 1058 2629 corr.
1077 2613 1107 2629 ew
1131 2614 1202 2629 -rum
1221 2606 1252 2630 R.
1342 2606 1365 2637 c)
1385 2610 1457 2632 curat
1476 2607 1506 2631 Β,
1595 2605 1620 2639 d)
1640 2606 1662 2638 e)
1681 2615 1748 2631 0027..
1767 2614 1797 2631 επ
1818 2612 1861 2630 1111
1883 2605 1911 2630 Β,

463 2686 488 2717 1)
509 2685 549 2716 Cf.
569 2694 596 2711 11.
611 2690 634 2718 4,
653 2688 695 2718 30,
715 2689 753 2712 37.
836 2686 862 2719 2)
883 2686 996 2719 Scimus.
1079 2688 1105 2720 3)
1125 2687 1323 2715 salernitanus.
1406 2691 1432 2721 4)
1452 2689 1642 2722 Amalfitaaus.
1731 2689 1757 2723 5)
1775 2688 1905 2715 ‘Tractto’
1918 2695 2002 2721 prope
2019 2696 2046 2715 40

362 2728 486 2754 Caietam.
507 2743 538 2747 —
560 2728 636 2761 Quod
652 2729 702 2754 iter
719 2737 807 2754 mense
825 2729 901 2754 iunio
918 2730 1020 2761 sactum
1038 2737 1092 2756 esse
1111 2738 1142 2756 ecc
1160 2739 1187 2757 11.
1197 2734 1226 2757 61
1242 2734 1323 2764 patet.
1404 2732 1430 2765 6)
1449 2732 1628 2764 Amalfitanae
1647 2732 1681 2764 cf.
1697 2740 1722 2758 η.
1735 2736 1772 2759 51.
1850 2732 1876 2764 7)
1895 2730 2002 2764 Sergyius

359 2771 562 2804 Neapolitanas.
650 2771 677 2805 8)
701 2772 842 2804 Gaaifcrio
855 2772 976 2805 principe
994 2772 1169 2799 Salernitana.
