2189 3042
316 763 786 822 EPISTOLAE
819 762 940 819 AD
977 760 1139 819 RES
1180 760 1725 819 ORIENTALES

731 863 1315 924 SPECTANTES.

590 991 877 1022 RECENSUERUNT
897 986 933 1019 E.
952 986 1130 1019 CASPAR
1153 989 1199 1016 ΕΤ
1223 985 1261 1018 G.
1279 985 1450 1018 LAEHR.

303 1117 468 1158 Sequentes
498 1118 645 1160 epistolae
678 1119 819 1158 sumptae
854 1119 929 1148 sunt
963 1127 1000 1148 ex
1031 1116 1200 1158 appendice
1230 1116 1382 1149 Actorum
1411 1115 1506 1147 VIII.
1538 1116 1662 1148 concilii
1694 1115 1850 1157 qeneralis

156 1178 167 1196 ⁵
199 1168 472 1211 Constantinopoli
493 1180 524 1202 a.
545 1171 608 1201 869
634 1170 743 1202 habiti.
789 1170 978 1201 Asservatae
1006 1170 1081 1199 sunt
1109 1168 1145 1199 in
1173 1167 1305 1199 diversis
1334 1167 1492 1199 codicibus
1520 1168 1701 1200 recentioris
1729 1168 1851 1206 aetatis,

195 1231 210 1252 e
233 1221 348 1260 quibus
370 1221 504 1252 adhibiti
526 1224 615 1252 sunt:
639 1221 674 1261 1)
694 1221 795 1253 Venet.
813 1220 918 1252 Marc.
932 1229 1063 1260 qraecus
1080 1221 1143 1250 167
1165 1220 1258 1259 (saec.
1269 1219 1327 1250 XI
1332 1218 1375 1256 V.,
1400 1222 1433 1250 ut
1457 1219 1611 1251 iudicavit
1632 1219 1676 1250 K.
1693 1219 1850 1252 Schwein-

196 1272 285 1313 burq)
311 1274 367 1312 (z
387 1272 443 1313 V);
474 1272 619 1312 epistolas
647 1273 682 1304 in
709 1283 742 1304 eo
770 1274 910 1304 servatas
932 1274 1011 1303 cont.
1034 1271 1082 1303 W.
1100 1271 1302 1303 Holtemann.
1348 1270 1402 1301 Ex
1429 1270 1578 1302 Vomnes
1600 1273 1713 1303 ceteros
1735 1271 1852 1303 codices

196 1323 353 1355 derivatos
382 1333 445 1355 esse
473 1324 696 1356 demonstravit
718 1324 762 1356 K.
780 1323 1018 1363 Schweiriburq;
1047 1322 1255 1354 nihilominus
1285 1322 1380 1353 etiam
1408 1332 1447 1353 ex
1476 1323 1521 1354 eis
1549 1322 1721 1354 nonnullas
1743 1323 1852 1355 varias

196 1375 340 1408 lectiones
373 1375 604 1413 adnotavimus,
633 1376 821 1415 praesertim
854 1385 924 1406 cum
957 1374 1106 1406 editiones
1138 1383 1252 1414 maqna
1284 1384 1323 1405 em
1351 1376 1444 1415 parte
1476 1385 1549 1406 cum
1582 1374 1628 1406 eis
1658 1374 1852 1406 concordent.

145 1436 170 1456 ιο
196 1427 232 1468 2)
256 1426 384 1460 Monac.
399 1437 529 1467 qraecus
550 1427 614 1458 436
639 1427 683 1467 (=
697 1426 762 1467 M),
793 1426 867 1458 olim
891 1425 1088 1457 bibliothecae
1108 1426 1323 1465 Auqustanae,
1353 1425 1394 1463 cf.
1411 1425 1452 1457 A.
1472 1425 1584 1457 Reiser
1611 1425 1713 1457 Indeoe
1740 1435 1854 1457 manu-

196 1479 386 1518 scriptorum
409 1478 604 1510 bibliothecae
619 1478 830 1518 Auqustanae
848 1477 962 1518 (1675)
980 1487 1014 1517 p.
1031 1478 1082 1508 36.
1118 1476 1312 1516 Inscriptum
1335 1480 1380 1508 est
1403 1477 1431 1508 1.
1448 1477 1604 1516 paqinae:
1628 1476 1744 1518 Κτῆμα
1769 1477 1854 1518 Βησ-

198 1531 358 1571 σαρίωνος
388 1530 605 1571 καρόινάλεως
633 1529 813 1560 Τούσκλων.
837 1541 861 1560 τ.
885 1529 940 1569 μᾶ.
991 1528 1072 1560 Acta
1100 1527 1197 1560 VIII.
1225 1527 1336 1568 synodi
1367 1528 1525 1567 incipiunt
1551 1538 1586 1569 p.
1613 1528 1663 1559 36.
1716 1528 1750 1569 3)
1783 1528 1854 1561 Vat.

200 1580 300 1613 Ottob.
317 1591 446 1621 qraecus
465 1581 509 1612 27
531 1581 587 1621 (=
607 1580 682 1618 Ott),
713 1580 750 1612 de
778 1590 838 1620 quo
866 1578 908 1620 cf.
925 1579 1032 1611 Feron
1060 1580 1088 1610 et
1118 1577 1299 1618 Battaqlini
1322 1578 1462 1610 ‘Codices
1494 1579 1704 1618 manuscripti
1738 1578 1854 1610 Graeci

201 1631 402 1664 Ottoboniani
431 1632 627 1664 bibliothecae
654 1631 836 1664 Vaticanae’
860 1631 972 1672 (1893)
998 1640 1032 1672 p.
1055 1630 1107 1662 25.
1153 1629 1234 1661 Acta
1259 1629 1358 1662 VIII.
1390 1629 1502 1671 synodi
1533 1630 1691 1669 incipiunt
1720 1631 1743 1668 f.
1766 1630 1851 1662 225¹.

147 1694 172 1713 ιι
197 1684 232 1726 4.)
254 1683 323 1716 Vat.
339 1693 470 1724 qraecus
485 1683 571 1715 1183
592 1685 647 1724 (=
667 1683 751 1725 Vat),
780 1683 873 1715 cuius
896 1684 998 1714 textus
1024 1681 1131 1713 multis
1154 1681 1228 1713 locis
1251 1684 1420 1721 corruptus
1441 1681 1510 1712 alia
1533 1691 1632 1713 manu
1654 1682 1689 1713 in
1712 1682 1854 1722 marqine

198 1737 355 1767 correctus
370 1738 423 1767 est.
457 1736 541 1767 Acta
556 1735 652 1767 VIII.
669 1735 780 1776 synodi
799 1734 957 1774 incipiunt
971 1734 995 1772 s.
1010 1735 1039 1765 6.
1075 1733 1108 1774 5)
1125 1732 1253 1765 Monac.
1267 1743 1401 1772 qraecus
1411 1734 1455 1764 27
1470 1734 1518 1773 (=
1529 1733 1617 1775 Bac)
1630 1735 1679 1764 ‘ex
1700 1732 1856 1765 electorali

198 1787 380 1819 bibliotheca
406 1787 549 1819 sereniss.
565 1787 732 1828 utriusque
754 1786 918 1818 Bavariae
940 1785 1076 1818 ducum'.
1113 1786 1195 1817 Acta
1213 1784 1311 1816 VIII.
1335 1785 1447 1825 synodi
1469 1785 1630 1824 incipiunt
1648 1785 1677 1826 f.
1694 1787 1779 1820 329¹.

309 1838 358 1871 De
390 1839 545 1871 codicibus
579 1840 620 1877 cf.
645 1839 673 1871 I.
700 1839 732 1870 S.
754 1838 924 1870 Assemani
952 1837 1160 1869 ‘Bibliotheca
1191 1837 1276 1868 iuris
1310 1836 1473 1868 orientalis
1503 1837 1648 1868 canonici
1681 1839 1710 1868 et
1743 1837 1858 1868 eivilis'

199 1891 223 1923 I
235 1891 360 1932 (1762),
376 1890 456 1928 259‚·
479 1891 508 1923 I.
520 1890 753 1931 Herqenro'ther
768 1889 924 1922 ‘Photius'
940 1890 985 1921 II
997 1890 1099 1930 (1867
1094 1890 1123 1929 )‚
1141 1890 1182 1919 63
1189 1899 1199 1927 ,·
1218 1887 1329 1929 fusius
1352 1890 1420 1928 aqet
1442 1889 1479 1920 de
1501 1888 1611 1919 iisdem
1634 1888 1678 1920 K.
1696 1888 1856 1921 Schwein-

148 1951 173 1971 πο
200 1942 277 1983 bury
300 1942 336 1974 in
358 1942 614 1983 ‘Byzantinische
637 1942 832 1980 Zeitschrift'
851 1941 1023 1973 XXVIII.

310 1993 482 2033 Postquam
512 1993 678 2025 Baronius
711 1994 747 2025 in
778 1993 961 2025 Annalibus
990 1992 1058 2024 suis
1087 1991 1305 2023 ecclesiasticis
1337 1991 1396 2023 has
1428 1991 1576 2032 epistolas
1604 1991 1720 2024 Latine
1751 2001 1858 2023 versas

196 2045 326 2085 primus
341 2045 466 2084 publici
488 2045 572 2076 iuris
589 2044 677 2086 fecit,
705 2045 858 2086 inteqrum
887 2044 943 2076 hoc
969 2053 1082 2084 corpus
1105 2044 1256 2076 Actorum
1279 2043 1376 2078 VIII.
1406 2044 1518 2085 synodi
1547 2044 1645 2075 edidit
1675 2043 1725 2077 M.
1749 2043 1858 2075 Rader

201 2097 296 2128 ‘Acta
325 2096 517 2128 sacrosancti
541 2099 571 2128 et
598 2097 785 2128 oecumenici
812 2096 935 2129 concilii
957 2096 1056 2128 VIIP
1079 2095 1283 2137 (Inqolstadii
1304 2096 1414 2138 1604),
1445 2095 1601 2127 codicibus
1629 2105 1716 2127 nunc
1738 2094 1857 2126 Mona-

201 2148 348 2180 censibus
371 2148 431 2188 (M
448 2150 477 2179 et
499 2147 586 2189 Bav)
615 2147 781 2187 adhibitis;
810 2148 865 2180 sed
891 2148 958 2180 eius
985 2149 1089 2179 textus
1118 2147 1287 2179 concordat
1317 2157 1507 2189 summopere
1536 2157 1605 2178 cum
1634 2149 1720 2179 teoetu
1746 2146 1860 2178 codicis

149 2210 174 2230 2⁵
201 2210 233 2231 n.
252 2200 271 2230 5
293 2199 409 2241 (Bav).
443 2199 538 2231 Hanc
563 2200 727 2231 editionem
756 2199 918 2232 nonnullis
945 2199 1020 2231 locis
1042 2198 1237 2230 emendatam
1267 2199 1367 2230 secuti
1397 2201 1474 2230 sunt
1495 2198 1757 2231 Labbe-Cossart
1779 2198 1859 2230 Con-

202 2250 278 2283 cilia
299 2251 393 2289 VIII,
409 2251 495 2282 1277
500 2262 564 2292 sqq.
587 2253 617 2283 et
636 2251 750 2283 Mansi
774 2251 866 2284 Cone.
882 2251 951 2283 coll.
967 2250 1065 2289 XVI,
1081 2251 1218 2290 308sqq.

313 2302 433 2341 Restat,
457 2305 494 2334 ut
507 2313 706 2343 quaeramus,
730 2304 851 2343 quanta
873 2302 935 2342 fide
949 2302 1136 2342 quicumque
1159 2302 1217 2333 has
1233 2312 1397 2344 paparum
1413 2301 1560 2342 epistolas
1579 2302 1681 2342 vertit,
1704 2301 1859 2333 Latinum

204 2357 324 2387 textum
350 2354 468 2386 Graece
489 2354 669 2386 reddiderit.
714 2354 758 2385 Et
778 2355 884 2396 primo
906 2354 1030 2394 quidem
1058 2356 1190 2393 apparet
1219 2364 1291 2385 eum
1319 2363 1383 2385 non
1410 2353 1536 2385 verbum
1564 2364 1579 2385 e
1605 2353 1694 2385 verbo
1724 2353 1859 2391 vertisse,

203 2406 258 2438 sed
280 2405 435 2437 nonnulla
456 2405 580 2437 brevius
602 2406 728 2444 dixisse,
751 2405 906 2438 nonnulla
924 2415 1060 2448 prorsus
1082 2406 1231 2444 omisisse,
1255 2405 1340 2446 quod
1361 2406 1428 2446 ipse
1450 2405 1606 2445 interpres
1633 2415 1696 2437 non
1718 2407 1810 2446 neqat
1832 2406 1861 2435 et

152 2472 178 2491 ιο
205 2467 311 2489 omnes
334 2457 437 2490 lucide
463 2456 645 2498 intelliqent,
673 2458 728 2498 qui
751 2458 872 2490 Latina
899 2458 1078 2498 fraqmenta
1107 2457 1253 2498 epistolae
1284 2467 1315 2489 n.
1332 2459 1353 2488 3
1383 2457 1420 2488 in
1446 2456 1674 2488 collectionibus
1703 2466 1860 2488 canonum

202 2509 293 2542 nobis
321 2510 445 2541 servata
467 2508 524 2550 (cf.
540 2519 640 2549 supra
655 2519 690 2549 p.
707 2510 772 2541 348
793 2519 825 2541 n.
840 2509 895 2551 26)
926 2509 1187 2548 comparaverint.
1234 2508 1398 2549 Fqiistolas
1427 2518 1544 2548 quoque
1566 2518 1588 2539 a
1616 2508 1732 2549 synodo
1762 2508 1859 2540 VIII.

203 2562 331 2599 missas,
366 2570 446 2600 quas
477 2561 673 2593 Anastasius
706 2560 960 2593 bibliothecarius
990 2560 1106 2592 Latine
1139 2561 1366 2602 interpretatus
1398 2562 1444 2592 est
1479 2559 1539 2600 (ed.
1556 2560 1668 2601 Miqne
1695 2560 1787 2591 Patr.
1803 2559 1858 2590 lat.

209 2612 368 2651 CXXIX,
385 2612 463 2653 183)
486 2621 555 2644 cum
577 2612 763 2653 fraqmentis
784 2623 865 2653 quae
887 2612 1070 2652 epitomator
1095 2612 1238 2645 Graecus
1261 2612 1415 2652 excerpsit
1436 2611 1498 2652 (ed.
1517 2611 1627 2643 Rader
1649 2611 1668 2643 l.
1685 2611 1704 2642 l.
1718 2622 1755 2651 p.
1771 2611 1860 2650 360),

205 2663 349 2702 conferre
383 2673 493 2703 operae
520 2665 661 2704 pretium
694 2668 748 2696 est.
794 2664 919 2696 Deinde
951 2664 1264 2695 animadvertendum
1297 2666 1343 2695 est
1375 2673 1440 2695 non
1472 2663 1541 2694 sine
1574 2665 1658 2694 certa
1691 2662 1861 2693 intentione

157 2729 182 2748 ³⁵
208 2717 366 2747 auctorem
386 2714 540 2747 Graecum
556 2726 594 2748 ex
609 2716 690 2747 actis
711 2715 845 2754 concilii,
868 2715 1018 2757 epistolis,
1041 2714 1154 2746 libellis
1175 2715 1277 2747 variis
1299 2715 1382 2747 hunc
1406 2717 1520 2746 tomum
1543 2714 1755 2753 composuisse.
1791 2713 1860 2744 Hoc

206 2767 290 2798 enim
313 2769 351 2798 ut
373 2767 541 2799 ostenderet
563 2768 624 2799 sibi
645 2770 861 2809 proposuerat,
883 2776 938 2798 nec
960 2766 1109 2798 Photium
1131 2767 1431 2799 excommunicatum
1454 2766 1493 2797 ab
1520 2765 1588 2806 ipso
1609 2775 1695 2806 papa
1718 2765 1860 2797 Romafno

1605 2824 1655 2850 47*
