2189 3042
197 727 221 745 1¹)

197 994 220 1012 15

197 1460 222 1479 20

197 1765 221 1784 25

197 2022 222 2041 30

198 2278 222 2297 35

197 2577 225 2596 40

669 167 848 195 IOHANNIS
867 167 942 195 VIII.
962 167 1079 194 PAPAE
1101 166 1299 193 EPISTOLAE
1323 166 1381 194 270.
1401 166 1460 193 271.
1827 170 1888 199 239

240 256 377 287 deberet
406 255 545 287 ordinari
570 255 756 296 episcopus,
787 257 841 286 tua
864 254 1046 286 fraternitas
1077 256 1141 285 tam
1171 256 1279 284 nostra
1303 252 1502 284 absolutione
1536 263 1631 294 quam
1665 254 1761 284 ctiam
1791 253 1890 294 ipsius

239 308 324 348 regis
355 307 526 338 exhortata
554 306 782 337 monitionibus
812 306 872 336 hoc
896 305 1034 336 libenter
1056 305 1204 336 admisita
1227 307 1260 335 et
1290 305 1441 335 canonice
1470 305 1556 335 iussa
1584 305 1747 345 complere
1776 308 1890 336 conata

240 362 297 390 est.
345 359 439 394 Quod
463 359 538 399 quia
561 368 643 388 nunc
667 358 858 388 sententiam
882 360 1023 388 nostram
1047 360 1081 387 tu
1105 366 1233 397 quoque
1260 358 1386 386 secutus
1415 359 1447 387 et
1478 356 1621 397 regalem
1648 356 1891 396 permissionem

241 409 372 447 devote,
401 410 482 441 sicut
505 408 693 447 condecetb,
722 419 755 439 es
779 409 998 449 amplexatus,
1030 408 1190 449 prefatum
1218 407 1337 448 Ioseph
1367 408 1590 448 presbyterum
1618 411 1726 448 sancte
1755 407 1889 448 ecclesie

240 460 370 491 Astensi
394 462 581 502 episcopum
599 460 772 501 prefecisti,
797 464 830 491 et
847 460 1080 491 ordinationem
1104 460 1188 490 illius
1211 462 1314 490 ratam
1331 460 1443 490 haberi
1461 459 1671 499 decernimus,
1697 462 1728 490 et
1749 459 1891 490 omnium

240 522 295 542 ora
320 515 430 542 contra
453 512 514 543 1100
539 522 667 552 quoquo
692 511 787 542 modo
811 512 1028 542 mussitantiac
1052 511 1228 552 apostolica
1251 512 1442 542 auctoritate
1467 511 1672 550 obstruimus,
1698 510 1786 551 quia,
1811 511 1891 541 sicut

240 563 279 594 de
304 563 523 604 irregulariter
547 563 742 604 quibuslibet
765 562 882 593 habitis
911 573 969 593 nos
998 563 1038 593 ad
1063 563 1121 603 hec
1146 562 1334 603 corrigenda
1358 562 1443 593 zelus
1467 562 1585 602 iustitie
1617 563 1750 601 excitat,
1782 562 1825 592 ita
1849 561 1888 591 de

239 614 396 645 bonorum
426 614 566 644 virorum
595 613 811 644 laudabilibus
842 613 933 644 factis
963 615 1067 655 gratia
1099 614 1205 645 divina
1235 614 1374 654 letificat.
1428 613 1511 644 Nam
1540 617 1572 644 et
1595 618 1686 645 sedes
1710 618 1889 652 apostolica,

239 666 329 696 iuxta
354 665 439 706 quod
463 668 591 696 sanctus
614 665 682 696 Leo
708 675 792 706 papa
816 665 925 696 scribit
938 666 958 705 ¹,
983 671 1054 696 hanc
1079 670 1297 703 temperantiam
1326 671 1432 701 servat,
1462 671 1493 695 ut
1518 671 1547 696 et
1570 664 1715 705 sgveriusd
1738 671 1806 703 agat
1829 678 1891 695 cum

242 721 395 753 obduratis,
421 723 450 747 et
474 721 585 747 veniam
610 721 706 754 cupiat
730 722 857 756 prestare
882 721 1023 747 correctis.
1070 717 1111 747 Et
1134 716 1205 747 ideo
1230 717 1278 746 his
1303 717 1426 746 omissis
1451 716 1490 746 de
1515 716 1665 756 prelibati
1688 716 1806 757 Ioseph
1830 716 1890 746 ite-

239 771 308 798 rata
332 769 494 798 creatione
519 768 671 798 sanctitas
695 771 749 798 tua
772 768 803 798 in
827 767 913 798 nullo
931 769 1057 809 penitus
1074 768 1200 807 hesitet,
1226 768 1300 808 quia
1317 767 1398 797 hanc
1421 771 1453 798 et
1472 778 1529 797 nos
1545 767 1758 808 approbatam
1775 767 1890 798 admit-

239 819 345 862 timus,
371 822 403 850 et
426 819 466 850 ab
490 819 638 850 omnibus
655 819 889 850 admittendam
915 830 984 850 esse
1006 819 1205 857 mandamus,
1231 819 1314 859 quia,
1340 818 1424 859 quod
1448 829 1511 849 non
1535 819 1710 850 ostenditur
1727 829 1784 859 per
1800 820 1891 859 inpo-

239 870 388 901 sitionem
413 880 526 901 manus
549 871 649 911 illius,
680 871 734 912 qui
757 873 904 911 tempore
928 881 983 911 sue
1007 871 1184 911 ligationis,
1210 869 1294 910 quod
1319 870 1395 901 dare
1420 870 1504 900 visus
1529 873 1589 909 est,
1618 874 1652 901 ut
1675 871 1719 901 ita
1744 870 1890 907 dixerim,

240 932 302 952 non
326 921 439 952 habuit
462 926 598 964 gestum,
623 923 704 953 ratio
728 933 792 953 non
815 923 889 952 sinit
912 926 946 952 ut
969 922 1115 952 videatur
1138 922 1298 952 iteratum.

343 991 437 1015 DATA
456 992 509 1015 XV.
529 992 713 1016 KALENDAS
737 992 871 1019 MARTII.
892 992 1091 1015 INDICTlONE
1110 991 1191 1015 XIIII.

1030 1171 1101 1199 271.

348 1238 508 1269 Iohannes
531 1238 625 1269 VIII.
644 1247 734 1277 papa
757 1237 904 1269 Anselmo
928 1237 1148 1268 archidiacono
1172 1236 1406 1268 Mediolaoevzensa·
1425 1236 1594 1276 praecipit,
1619 1238 1655 1266 ‘ab
1677 1235 1721 1266 ad
1741 1235 1892 1275 cremium

239 1289 384 1321 eeclesiae
405 1301 482 1321 suae
504 1290 606 1320 redire
628 1289 762 1327 festinet.
1614 1288 1676 1317 881
1701 1287 1806 1328 (Feb.)

355 1357 429 1384 Cod..·
457 1357 483 1384 R
501 1359 592 1391 “11072
612 1365 639 1383 oz.
654 1360 710 1383 273.

347 1409 427 1435 Edd.:
457 1409 548 1435 Editio
562 1408 687 1434 Romana
701 1409 781 1439 (1591)
796 1408 855 1439 ΙΙΙ,
871 1411 922 1433 482
940 1416 966 1434 n.
978 1411 1031 1434 5361.
1063 1408 1158 1434 Mansa
1180 1408 1259 1434 Cone.
1269 1408 1325 1434 coll.
1342 1407 1440 1439 XVII,
1457 1412 1505 1433 193
1524 1410 1615 1433 10261.
1648 1407 1740 1441 Migync
1757 1406 1833 1433 Patr.
1848 1407 1894 1433 lat.

243 1452 381 1485 CXXVI,
400 1456 447 1479 922
465 1456 559 1479 11312.
579 1466 610 1471 --
631 1451 707 1483 Jaffei
725 1451 792 1485 Ray.
807 1454 871 1478 3335
890 1452 984 1485 (2559).

694 1539 856 1563 ANSELMO
876 1539 894 1562 A
900 1538 1131 1562 RCHIDIACONO
1155 1538 1412 1562 MEDIOLANENSI
1422 1538 1438 1561 ².

348 1598 446 1629 Missa
470 1599 645 1639 presulatui
671 1601 778 1629 nostro
803 1597 1009 1639 suggestione
1034 1598 1213 1638 Anspertus
1237 1600 1344 1637 sancte
1369 1597 1619 1627 Mcdiolanensis
1644 1597 1778 1637 ecclesie
1802 1606 1893 1627 reve-

240 1651 438 1681 rentissimus
461 1650 731 1690 archiepiscopus,
757 1650 845 1680 0111110
869 1649 1013 1680 minister
1038 1659 1107 1679 esse
1132 1649 1259 1689 videris,
1290 1659 1386 1689 super
1410 1653 1441 1680 10
1466 1652 1596 1689 questus
1621 1651 1678 1686 est⁷
1703 1647 1788 1689 quod
1813 1648 1894 1679 inter

241 1705 365 1732 ceteras
389 1701 658 1742 perturbationisa
674 1701 859 1732 molestiasb
877 1711 895 1731 a
919 1704 951 1731 tc
976 1700 1035 1731 sibi
1060 1704 1181 1731 temere
1206 1701 1311 1731 illatas
1337 1703 1368 1731 et
1392 1704 1464 1741 post
1487 1704 1613 1731 rerumc
1630 1710 1758 1730 suarum
1776 1699 1893 1730 damna

241 1764 303 1784 non
328 1753 455 1784 modica
478 1764 560 1784 nunc
584 1754 713 1794 propria
737 1751 915 1783 derelictad
940 1752 1076 1782 ecclesia
1105 1752 1145 1783 ab
1171 1753 1238 1783 eius
1262 1755 1292 1783 te
1318 1752 1473 1793 obsequio
1504 1755 1536 1783 et
1560 1752 1718 1782 consortio
1743 1761 1891 1792 separare

241 1807 273 1835 et
296 1805 383 1835 velut
411 1805 607 1835 scismaticus
638 1815 696 1845 per
725 1803 846 1835 alienas
874 1804 1080 1845 parroechias
1109 1807 1219 1835 contra
1249 1804 1402 1835 canonica
1430 1804 1569 1835 01010103
1593 1814 1791 1834 commorare
1820 1813 1893 1844 pre-

240 1857 433 1897 sumpserise
461 1867 584 1887 necnon
615 1860 647 1887 et
676 1859 753 1896 aput
783 1855 1011 1896 principalemf
1040 1856 1217 1896 potentiam
1246 1855 1449 1896 properando
1483 1856 1596 1886 noxias
1624 1855 1669 1885 illi
1699 1859 1893 1895 preparareg

240 1908 370 1938 insidias
395 1907 531 1939 callidah
556 1908 762 1948 persuasione
788 1907 943 1938 decertes.
991 1907 1100 1938 Undei
1124 1907 1172 1937 his
1202 1908 1317 1938 nostris
1342 1907 1527 1948 apostolicis
1550 1906 1664 1937 litteris
1688 1905 1893 1936 dilectionem

240 1962 329 1990 tuam
352 1963 487 2000 paterno
512 1959 632 1990 affectu
655 1959 874 1999 convenimus,
903 1958 1127 1989 nichilominus
1158 1962 1189 1989 et
1217 1969 1289 1989 cum
1314 1959 1399 1990 omni
1423 1957 1590 1989 iubemusk
1613 1958 1763 1998 imperio,
1793 1960 1828 1987 ut
1852 1956 1892 1987 de

241 2012 383 2051 presenti
407 2011 448 2042 ad
472 2011 575 2041 sinum
599 2014 631 2042 et
654 2011 811 2052 gremium
835 2013 943 2050 sancte
961 2009 1211 2041 Mediolanensis
1236 2010 1370 2050 ecclesie
1394 2011 1504 2041 matris
1521 2013 1584 2049 tue,
1610 2019 1705 2049 quam
1722 2008 1891 2039 furibundo

242 2062 348 2092 animo
372 2062 544 2103 reliquisti,
576 2062 670 2093 valde
696 2062 831 2093 devotus
854 2061 960 2093 redire
986 2061 1118 2093 festines
1142 2062 1253 2103 atque¹
1277 2062 1334 2092 sub
1359 2062 1479 2103 proprii
1503 2061 1640 2102 pastoris
1663 2060 1818 2101 regimine
1843 2060 1893 2090 vel

241 2114 404 2153 presentia
439 2124 509 2144 esse
545 2115 630 2144 omni
665 2115 780 2144 mentis
815 2113 981 2144 alacritate
1017 2113 1192 2144 decertesm
1225 2117 1256 2144 et
1290 2117 1403 2154 utpote
1438 2113 1572 2144 idoneus
1605 2112 1751 2143 minister
1781 2111 1893 2142 humili

241 2175 371 2205 prorsus
395 2164 566 2195 devotione
591 2165 735 2196 debitum
765 2167 853 2196 iuxta
882 2165 1000 2195 ordinis
1030 2166 1076 2196 tui
1105 2165 1210 2196 10011111
1240 2168 1426 2196 reverenter
1454 2163 1611 2205 inpendas
1639 2163 1829 2204 obsequium
1861 2166 1893 2193 et

241 2216 426 2256 obedientie
451 2216 654 2256 famulatum,
686 2220 844 2258 quatenus
869 2217 936 2247 eius
959 2217 1064 2257 gratia
1088 2218 1229 2257 1101111ιοιλ
1254 2217 1463 2258 omnipotenti
1487 2216 1626 2247 Domino
1655 2215 1694 2246 de
1724 2214 1820 2245 officii
1848 2215 1893 2245 tui

243 2267 430 2298 assiduitate
462 2278 589 2308 semper
618 2268 747 2308 placere
778 2268 897 2299 valeas.
956 2268 1078 2303 Quodsi
1108 2268 1201 2299 aliter
1234 2272 1343 2300 eontra
1374 2269 1543 2309 precipuas
1576 2270 1609 2298 et
1638 2277 1699 2297 non
1727 2265 1893 2297 violandas

344 2384 367 2414 ²)
387 2385 471 2409 amisit
490 2384 522 2408 R.
612 2384 635 2415 b)
655 2384 778 2409 condocet
798 2384 829 2409 R.
918 2385 939 2414 ο)
958 2385 1109 2410 musitantia
1128 2385 1159 2410 R.
1248 2384 1272 2417 d)
1292 2386 1346 2411 —ius
1364 2386 1391 2410 in
1410 2395 1462 2410 ras.
1482 2385 1514 2409 R.

345 2438 404 2464 271.
433 2439 456 2471 ³)
476 2440 492 2464 b
512 2448 578 2464 corr.
597 2448 627 2464 ea:
645 2448 662 2464 u
680 2439 712 2464 R.
809 2438 834 2472 b)
854 2440 990 2465 modestias
1009 2440 1041 2464 R.
1139 2441 1161 2472 c)
1180 2441 1207 2466 in
1226 2450 1278 2466 ras.
1296 2443 1331 2467 al.
1349 2450 1418 2466 man.
1438 2442 1468 2466 B.
1562 2440 1586 2472 d)
1605 2441 1632 2465 in
1651 2449 1703 2465 ras.
1720 2440 1754 2465 al.
1772 2448 1840 2463 man.
1860 2438 1892 2463 R.

243 2483 264 2514 θ)
285 2492 311 2508 -s
330 2483 357 2507 in
375 2491 429 2508 ras.
449 2483 481 2508 R.
587 2481 605 2514 f)
625 2492 691 2507 corr.
710 2491 740 2507 ez
761 2483 916 2515 principales
937 2484 972 2508 al.
989 2491 1058 2508 man.
1079 2483 1110 2508 R.
1216 2484 1240 2515 Β)
1261 2493 1317 2510 -ra-
1337 2494 1404 2509 corr.
1419 2492 1449 2509 ecc
1467 2492 1521 2508 -re-
1540 2484 1572 2508 B.
1677 2482 1702 2514 h)
1721 2481 1859 2507 secundum
1877 2490 1891 2505 a

242 2535 309 2550 corr.
323 2534 353 2550 ea*
371 2534 384 2550 e
403 2524 433 2550 R.
507 2524 524 2555 i)
544 2525 629 2550 Undes
643 2525 674 2549 R.
745 2524 770 2557 k)
790 2526 806 2550 b
825 2534 891 2550 corr.
905 2534 935 2550 ex
953 2535 970 2550 u
990 2526 1021 2550 R.
1093 2525 1110 2557 l)
1129 2530 1138 2551 t
1157 2535 1223 2552 corr.
1237 2536 1267 2552 ex
1286 2528 1301 2552 (l
1320 2527 1351 2552 B.
1423 2526 1454 2558 ¹¹³)
1474 2535 1540 2551 corr.
1551 2534 1581 2551 ex
1596 2526 1708 2550 decertas
1727 2525 1762 2549 al.
1776 2532 1844 2549 man.
1859 2523 1892 2548 R.

243 2567 268 2599 ¹¹)
288 2569 364 2593 -titus
384 2568 410 2592 ἰη
429 2576 481 2592 ras.
495 2568 530 2592 al.
544 2576 613 2592 man.
632 2567 664 2592 B.

348 2651 371 2683 1)
392 2651 478 2683 Fqiist.
497 2650 534 2676 ad
554 2651 723 2677 Palclecriam
743 2659 805 2684 [iay.
824 2659 844 2677 0.
860 2655 875 2677 2
894 2652 1003 2685 (11119110
1021 2652 1101 2685 LIV,
1118 2654 1176 2685 787)
1194 2653 1266 2685 Jaffe‘
1285 2653 1348 2687 Req.
1363 2652 1504 2685 425(2013).
1581 2651 1607 2683 2>
1628 2650 1702 2676 Idem
1720 2649 1891 2676 verisimiliter

242 2696 288 2725 est,
309 2694 355 2726 qai
373 2692 500 2724 defuncto
514 2693 646 2726 Ansperto
665 2694 691 2720 d.
707 2698 725 2720 7.
738 2694 890 2720 Decembris
903 2698 950 2721 881
969 2696 1015 2729 (cf.
1034 2695 1136 2729 Uyhelli
1148 2696 1234 2722 Italia
1252 2704 1330 2722 sacra
1342 2696 1395 2727 IV5
1407 2696 1452 2729 88)
1466 2704 1499 2721 m.
1514 2694 1615 2720 Marcio
1627 2697 1676 2719 832
1695 2694 1724 2718 in
1742 2692 1890 2718 cathedram

241 2736 484 2769 archiepiscopalem
503 2737 634 2762 ent-altatus
652 2739 699 2769 csl,
721 2737 756 2768 cf.
778 2737 1079 2771 Fumaqam-Ammtti
1096 2738 1168 2764 ‘0on
1188 2739 1253 2772 dipl.
1267 2738 1528 2771 Sant'Ambq-oyiano
1546 2737 1666 2768 (Milano
1685 2735 1775 2767 l«5‘05)‘
1794 2743 1818 2767 p.
1831 2737 1890 2766 530,

244 2782 269 2805 et
288 2779 364 2811 infra
385 2787 412 2805 71.
427 2782 484 2805 310.
573 2780 599 2811 3)
622 2779 661 2811 Cf.
681 2788 739 2806 can.
759 2783 842 2813 apost.
857 2780 914 2806 XV
927 2780 1032 2814 (XIV),
1053 2780 1090 2807 ed.
1105 2781 1196 2815 Hefele
1212 2779 1453 2814 ‘Concillenqeschff
1472 2780 1495 2812 Ι,
1515 2782 1574 2805 804.
