2189 3042
200 730 224 748 10

200 985 224 1003 15

199 1244 224 1263 20

202 1603 226 1622 25

200 1811 225 1830 30

201 2089 225 2108 35

202 2400 228 2419 40

200 2597 227 2616 45

586 168 813 194 FRAGMENTA
835 168 1000 194 REGISTRI
1021 168 1197 195 IOHANNIS
1218 169 1289 195 VIII.
1310 168 1426 194 PAPAE
1449 169 1490 195 21.
1510 169 1551 195 22.
1826 171 1888 201 285

243 267 314 288 cum
338 256 489 296 episcopo
513 258 621 285 nostro
638 253 826 284 Methodi02
848 254 928 285 inire
953 254 1103 293 voluerit,
1128 254 1178 285 dic
1203 253 1244 285 ad
1268 265 1337 285 eos:
1373 254 1439 285 Vos
1463 256 1529 286 sine
1554 256 1706 287 canoniea
1730 256 1887 286 sententia

243 307 462 348 dampnastisl
487 306 672 347 episcopum
701 303 784 347 [ab]b
807 305 984 346 apostolica
1014 305 1091 336 sede
1122 306 1251 336 missum
1286 307 1406 336 carceri
1435 307 1654 346 mancipantes
1683 309 1715 337 et
1744 306 1887 347 colaphis

243 359 423 399 affligentes
448 360 480 388 et
503 367 522 387 a
547 366 636 386 sacro
660 356 836 386 ministerio
860 359 1048 396 separantes
1073 359 1105 386 et
1127 366 1146 386 a
1169 356 1245 387 sede
1263 356 1362 387 tribus
1378 357 1468 387 annis
1484 357 1652 398 pellente-5,
1677 358 1887 398 apostolicam

242 409 353 440 sedem
380 419 438 449 per
466 409 569 449 ipsum
599 407 767 438 triennium
792 407 934 447 plurimis
958 407 1061 437 missis
1090 410 1122 437 et
1155 408 1298 448 epistolis
1326 408 1588 449 proclamantem.
1640 408 1712 439 Non
1743 409 1818 439 estis
1847 408 1887 439 ad

242 460 394 491 iudicium
411 460 579 490 convenire
597 458 728 499 dignati,
754 458 838 498 quod
855 459 999 499 profecto
1017 469 1144 499 semper
1167 458 1389 499 subterfugere
1413 460 1556 498 curastis,
1581 463 1612 490 et
1628 470 1709 490 nunc
1726 460 1793 490 sinc
1810 459 1887 490 sede

242 511 418 552 apostolica
447 510 598 541 iudicium
623 520 680 540 vos
704 519 838 550 querere
863 509 1061 549 simulastisc,
1091 520 1161 540 cum
1186 520 1246 551 ego
1271 510 1311 541 ad
1335 510 1395 541 hoc
1419 511 1532 541 missus
1555 511 1628 551 sim,
1659 514 1693 541 ut
1721 513 1808 541 tanto
1832 521 1888 541 vos

242 566 387 603 tempore
405 572 423 592 a
441 561 553 592 divinis
570 561 753 592 ministeriis
774 571 931 601 separem,
949 564 1067 602 quanto
1085 572 1140 591 vos
1158 562 1305 592 eumdem
1322 561 1539 592 venerabilem
1556 562 1657 592 virum
1678 571 1696 592 a
1713 562 1887 592 ministerio

241 624 331 645 sacro
356 623 481 644 cessare
511 613 676 653 coegistis,
709 615 741 642 et
770 612 838 652 ipse
870 615 957 643 tanto
992 616 1136 653 tempore
1167 612 1289 644 credito
1321 613 1380 643 sibi
1408 612 1614 653 episcopatud
1637 613 1822 643 inconcusso
1851 622 1888 643 ac

242 666 309 696 sine
326 665 493 706 questIOne
518 664 649 703 fruatur,
671 666 788 704 quanto
813 667 938 694 constat
960 664 1049 694 illum
1066 663 1156 694 vobis
1179 664 1369 695 facientibus
1393 674 1430 694 eo
1455 664 1551 694 fuisse
1568 664 1737 704 privatum.
1773 663 1888 704 Sicque

243 716 373 747 demum
405 716 430 746 si
462 715 639 746 habuerilzis
667 715 697 745 in
727 715 877 755 invicem,
908 716 1122 746 conveniatis⁰
1146 718 1178 746 et
1201 726 1308 746 coram
1339 715 1415 746 sede
1444 715 1619 755 apostolica
1642 726 1715 756 pars
1742 714 1889 745 audiatur

242 770 274 798 et
297 767 455 797 iudicetur
471 769 622 807 utraque;
647 767 816 807 presertim
834 777 904 797 eum
923 767 1006 797 inter
1023 766 1281 807 archiepiscopos
1298 777 1394 797 cansa
1410 769 1555 796 versetur
1571 769 1603 796 et
1619 767 1811 796 conveniens
1826 776 1888 795 non

243 819 294 862 sit,
312 820 347 849 ut
362 818 445 848 inter
461 820 631 858 utrumque
648 817 729 848 alius
752 817 826 847 nisif
841 817 1023 858 patriarcha
1046 817 1145 848 iudex
1161 818 1348 848 inveniatur.
1379 817 1462 848 Nam
1480 820 1512 847 et
1532 818 1563 847 in
1580 817 1715 857 negotiis
1731 818 1886 847 minorum

243 870 325 900 sacri
348 868 509 900 canones2
533 868 574 899 ad
598 868 718 908 sedem,
743 868 796 899 ubi
821 871 869 899 est
892 869 994 899 maior
1016 869 1199 907 auctoritas,
1224 872 1331 909 partes
1355 868 1514 899 destinare
1539 868 1722 908 probantur.

350 923 393 960 (5)
415 920 520 952 Item.
556 920 606 950 Ne
624 920 777 960 suscipias
795 921 996 951 occasionem
1014 920 1229 950 excusationis
1245 919 1467 960 prohibentem
1485 922 1516 950 te
1533 919 1584 949 vel
1600 919 1730 950 fratrem
1748 922 1889 949 nostrum

243 971 465 1002 Methodiumg
483 971 616 1001 transire
635 971 676 1001 ad
693 970 958 1012 Pentepuloun1³,
983 972 1048 1002 sive
1066 970 1151 1001 bella
1168 970 1360 1011 pretendant
1381 970 1447 1000 sive
1471 970 1675 1000 inimiciciash
1693 970 1889 1010 congerant&

242 1022 304 1058 Qui
332 1023 416 1053 enim
447 1022 547 1053 sancti
571 1021 662 1052 Petri
695 1026 780 1062 sunt,
810 1022 934 1063 pacifici
963 1026 1034 1053 sunt
1062 1025 1107 1061 et,
1136 1032 1337 1063 quocumque
1367 1022 1474 1061 ierint,
1505 1021 1596 1052 bellis
1624 1032 1643 1051 a
1671 1022 1889 1061 proximorum

240 1074 379 1105 utilitate
404 1074 535 1104 minime
560 1076 756 1104 coercentur.

349 1125 419 1165 (6)*
438 1124 630 1156 Ceterumk4
643 1124 775 1165 previde
792 1124 843 1155 acl
860 1124 899 1155 de
916 1124 1118 1165 separatione
1136 1124 1377 1165 coniugatorum
1394 1124 1569 1154 maximam
1586 1133 1693 1154 curam
1711 1128 1889 1161 assumasm,

241 1177 287 1207 ita
310 1179 358 1217 ut,
390 1177 442 1217 qui
471 1187 490 1207 a
518 1176 722 1216 susceptione
754 1175 838 1206 sedis
862 1176 1038 1216 apostolice
1062 1175 1240 1206 litterarum
1265 1176 1405 1216 separati
1432 1178 1518 1213 sunt,
1549 1174 1709 1214 inculpate
1736 1173 1891 1204 reducant

243 1229 364 1269 priores
388 1238 505 1258 uxores
529 1227 690 1257 iniuncta¹¹
715 1227 935 1257 convenienti⁰
959 1227 1149 1267 penitentia,
1174 1226 1324 1266 dimissis,
1349 1237 1427 1267 quas
1450 1225 1655 1267 postmodum
1679 1229 1751 1255 sunt
1778 1225 1889 1256 sortiti.

244 1279 366 1315 Quodsi
390 1279 564 1318 noluerint,
595 1282 687 1309 extra
711 1278 880 1309 ecclesiam
905 1283 978 1308 e0s1³
1003 1278 1119 1309 facitoq
1143 1288 1205 1308 una
1230 1288 1301 1308 cum
1324 1277 1383 1317 his,
1409 1278 1461 1318 qui
1485 1288 1540 1308 eos
1563 1277 1595 1307 in
1619 1277 1890 1308 conununionemr

243 1331 410 1371 recipiunt,
436 1329 537 1360 donec
561 1329 732 1360 emendent
756 1340 839 1370 quae
863 1329 1087 1360 admiserunts.

351 1382 395 1421 (7)
420 1381 470 1412 De
494 1380 733 1422 percussoribus
749 1390 825 1411 vero
842 1381 955 1411 Lazari
972 1381 1119 1411 monachi
1136 1381 1218 1420 vide,
1242 1383 1277 1411 ut
1298 1380 1472 1411 secundum
1493 1379 1711 1420 apostolorum
1733 1379 1891 1409 canones5

242 1445 260 1465 a
284 1434 373 1465 vobis
396 1433 550 1464 iudicium
574 1433 761 1474 proferatur.

1042 1536 1092 1565 22.

357 1587 517 1619 Iohannes
540 1587 634 1618 VIII.
658 1597 749 1626 papa
772 1586 990 1617 Hermcricmn
1021 1586 1198 1625 episcopum
1225 1586 1475 1625 (Patavicnsem)
1504 1584 1537 1615 ob
1566 1584 1705 1615 iniurias
1731 1584 1892 1615 Methodz'o

245 1639 492 1679 (archiepiscopo
502 1638 705 1679 Pannoniae)
718 1637 829 1668 illatas
845 1648 863 1668 α
879 1637 1054 1668 ‘ministerio
1070 1640 1251 1676 sequestrat,
1265 1637 1360 1668 donec
1370 1636 1503 1667 Romam
1519 1635 1699 1667 audz'eo'zdus
1714 1636 1891 1666 occurrerit.

1605 1680 1683 1719 (873
1706 1679 1805 1714 Mari.)

347 1714 411 1741 Coll.
424 1723 497 1741 cam:
525 1715 551 1740 A
569 1717 590 1748 f.
605 1717 649 1740 125
667 1722 704 1746 ep.
721 1717 760 1740 21.

351 1757 437 1784 Edd.:
466 1757 563 1783 Ewald
582 1757 644 1782 NA.
670 1757 698 1789 V,
718 1760 769 1783 303
787 1765 813 1783 n.
827 1760 857 1782 21
876 1764 908 1782 eae
922 1758 954 1782 A.
975 1771 1007 1775 --
1029 1756 1168 1782 Meklosich
1187 1759 1211 1782 et
1230 1756 1318 1782 Raeti
1336 1757 1365 1781 in
1383 1756 1516 1782 ‘Starive'
1536 1756 1606 1788 XII,
1624 1759 1671 1781 214
1690 1764 1716 1781 η.
1730 1759 1744 1780 6
1763 1763 1794 1780 ex
1813 1755 1845 1780 A.
1860 1769 1892 1773 -

244 1800 334 1827 Emler
353 1800 467 1834 Περσεία
486 1800 627 1826 Bohemz'ae
649 1803 673 1826 et
698 1800 837 1825 lum-aviae
858 1799 908 1831 IV,
929 1803 978 1825 707
999 1802 1109 1825 ov1.1763.
1134 1814 1166 1817 -
1192 1798 1334 1825 Friedrich
1358 1799 1420 1826 Coei.
1438 1799 1504 1832 dipl.
1522 1802 1545 1825 et
1566 1799 1640 1831 epist.
1659 1798 1734 1832 requi
1752 1797 1894 1823 Bohem'iae

244 1844 268 1876 Ι,
284 1848 313 1869 14
332 1852 358 1869 τι.
374 1847 412 1869 19.
433 1858 464 1861 —-
484 1842 670 1875 Jafft-Euum
690 1843 755 1876 Rcy.
768 1846 840 1869 2977.
878 1842 1051 1868 Brackmamz
1071 1842 1217 1868 Germania
1231 1842 1375 1875 pontificia
1395 1842 1419 1873 I,
1431 1845 1476 1868 163
1494 1850 1520 1868 η.
1536 1844 1573 1868 13.

714 1921 886 1946 IOHANNES
905 1921 973 1945 VIII.
995 1921 1196 1945 HERMERICO
1217 1920 1422 1945 EPISCOPOas’.

350 1971 403 2002 Ad
427 1971 609 2003 deflendam
634 1972 825 2012 pravitatem
851 1974 939 2002 tuam
964 1971 1088 2002 nonnisi
1112 1972 1233 2002 fontem
1258 1971 1472 2010 lacrimarum,
1496 1974 1530 2001 ut
1554 1969 1711 2011 propheta
1728 1969 1892 2007 Ieremias,

244 2023 391 2055 sufficere
416 2023 586 2054 credimus.
632 2022 729 2054 Cuius
753 2023 850 2059 enim,
873 2026 908 2053 ut
931 2033 994 2053 non
1018 2022 1160 2053 dicamus
1184 2023 1339 2063 episcopi,
1370 2022 1522 2053 secularis
1546 2022 1746 2062 cuiusquam,
1775 2019 1892 2050 immob

246 2075 371 2116 tyranni
401 2074 553 2105 seviciam
581 2074 747 2105 temeritas
777 2077 830 2104 tua
859 2084 923 2105 non
953 2075 1091 2105 excessit
1121 2074 1172 2105 vel
1202 2074 1372 2105 bestialem
1399 2074 1560 2104 feritatem
1592 2083 1655 2103 non
1687 2071 1891 2110 transcendit,

245 2125 376 2156 fratrem
409 2129 441 2156 et
472 2126 698 2166 coepiscopum
726 2128 868 2156 nostrum
896 2125 1115 2156 Methodiumc
1144 2125 1357 2156 carceralibus
1384 2125 1474 2166 penis
1502 2124 1645 2155 afficiens
1674 2126 1706 2154 et
1733 2122 1790 2153 sub
1819 2122 1890 2152 divo

246 2177 364 2208 diutius
402 2176 581 2208 acerrimad
610 2176 723 2207 hiemis
759 2179 791 2207 et
824 2176 1004 2207 nimborum
1040 2177 1239 2207 immanitate
1274 2177 1434 2217 castigans
1468 2178 1564 2216 atque
1597 2174 1637 2205 ab
1666 2173 1800 2214 ecclesie
1833 2173 1891 2203 sibi

246 2229 415 2259 commisse
440 2228 596 2269 regimine
621 2227 813 2258 subtrahens
837 2230 869 2258 et
885 2227 967 2259 adeo
984 2228 1014 2258 in
1032 2228 1187 2258 insaniam
1203 2228 1344 2266 veniens,
1368 2231 1402 2258 ut
1418 2227 1448 2257 in
1466 2227 1689 2267 episcoporum
1706 2225 1890 2256 concilium7

349 2321 375 2354 *)
395 2321 505 2347 Lemma
523 2321 554 2346 in
572 2321 613 2346 D:
641 2321 711 2347 Item
731 2311 971 2347 couimonitorium
991 2321 1078 2347 Paulo
1097 2320 1236 2355 episcopo.

352 2390 375 2422 ²)
395 2391 519 2416 Metholio
538 2390 571 2415 A.
642 2389 666 2421 b)
687 2399 734 2415 om.
748 2390 781 2421 A,
800 2391 884 2422 suppl.
898 2390 1000 2416 Ewald.
1071 2390 1093 2421 c)
1113 2391 1238 2415 simulatis
1256 2391 1327 2415 haud
1346 2395 1404 2422 apte
1423 2399 1490 2414 corr.
1505 2389 1649 2414 Friedrich.
1718 2386 1742 2417 d)
1762 2387 1840 2418 epatu
1859 2386 1891 2410 A.

246 2429 268 2461 θ)
286 2430 458 2454 conveniastis
477 2429 510 2454 A.
598 2428 617 2460 f)
637 2429 691 2453 sine
711 2429 744 2460 A,
765 2437 832 2454 corr.
846 2429 948 2454 Ewald.
1036 2429 1062 2462 Β)
1081 2429 1232 2454 Metholium
1252 2429 1284 2454 A.
1372 2427 1397 2460 h)
1417 2429 1542 2453 inimicias
1562 2427 1594 2453 A.
1685 2425 1701 2457 i)
1720 2430 1841 2457 cogerant
1859 2425 1892 2454 A,

246 2477 311 2493 corr.
324 2468 432 2500 Bislzop.
503 2467 527 2499 k)
546 2477 593 2492 om.
607 2467 641 2492 D.
718 2466 736 2499 l)
754 2472 779 2492 et
797 2467 830 2493 D.
906 2468 937 2499 m)
957 2476 1031 2501 geras
1050 2468 1083 2493 D.
1161 2467 1185 2498 n)
1205 2476 1258 2492 una
1276 2476 1335 2492 cum
1355 2466 1387 2492 A.
1464 2466 1488 2498 0)
1507 2466 1626 2491 conventi
1645 2465 1677 2490 A.
1754 2465 1778 2494 P)
1798 2472 1844 2489 om.
1858 2463 1891 2487 D.

246 2506 271 2539 ι1)
291 2507 366 2532 facite
386 2507 419 2532 D.
506 2508 528 2538 ¹’)
548 2507 725 2531 communione
744 2506 778 2531 D.
866 2506 887 2537 Β)
907 2507 1073 2532 emendentur
1092 2506 1125 2537 A,
1143 2515 1208 2538 quae
1227 2507 1386 2531 admiserunt
1405 2514 1452 2530 om.
1467 2505 1497 2529 A.

348 2548 390 2574 22.
417 2550 441 2581 ²²)
466 2550 591 2574 [ohannes
618 2549 709 2573 iterum
737 2549 798 2574 add.
826 2550 904 2574 rubro
931 2550 1015 2575 colore
1043 2550 1075 2574 A.
1188 2548 1211 2580 b)
1233 2550 1307 2574 cuius
1334 2549 1397 2580 quin
1421 2549 1497 2572 immo
1525 2556 1590 2572 corr.
1614 2545 1721 2575 szzhl,
1746 2544 1891 2569 Friedrich.

246 2588 268 2620 c)
288 2589 440 2613 Metholium
459 2587 491 2613 A.
579 2587 604 2620 d)
623 2588 762 2612 accerrima
780 2588 813 2613 A.

351 2647 377 2678 1)
397 2645 459 2673 Seil.
472 2646 503 2671 in
521 2645 623 2679 synodo
641 2654 666 2671 a.
682 2649 739 2677 870,
759 2647 794 2679 cf.
807 2654 833 2672 n.
847 2650 887 2678 20,
903 2654 931 2679 p.
947 2649 995 2672 283
1013 2648 1104 2672 mmor.
1119 2648 1142 2671 3.
1213 2646 1239 2677 2)
1260 2644 1300 2676 Cf.
1314 2652 1372 2670 ccm.
1387 2648 1401 2670 9
1419 2651 1492 2669 conc.
1509 2642 1666 2668 Chalcedon.
1680 2650 1704 2667 ιι.
1719 2645 1767 2666 451
1786 2640 1892 2673 (Mansi

249 2688 315 2720 VII,
335 2690 405 2721 375).
501 2689 527 2720 3)
548 2689 571 2714 1.
586 2697 606 2714 e.
626 2688 843 2722 Srentamlcum,
863 2688 955 2714 ducem
974 2688 1123 2719 Moraz-iae,
1143 2690 1177 2721 cf.
1197 2695 1280 2720 snpra
1298 2696 1345 2712 nn.
1359 2691 1417 2717 2ου,
1437 2690 1494 2712 255.
1590 2685 1615 2715 4)
1638 2684 1678 2715 Cf.
1698 2683 1732 2708 acl
1753 2683 1814 2708 haec
1835 2690 1890 2715 epp.

246 2739 294 2758 nn.
309 2735 345 2763 17,
366 2735 405 2758 19.
479 2732 505 2763 5)
529 2731 594 2758 Can.
609 2731 669 2756 XX
677 2731 750 2756 VIII
766 2731 895 2764 (XXVI)
916 2731 966 2764 (ed.
982 2730 1075 2762 Hefele
1092 2729 1330 2763 ‘Coneihenyeschff
1349 2730 1371 2760 I,
1391 2730 1462 2761 ⁸08).
1540 2728 1565 2760 6)
1586 2726 1747 2757 Pam-sensi,
1766 2725 1798 2756 cf.
1813 2734 1839 2750 21.
1853 2729 1890 2757 21,

242 2782 271 2806 Ρ.
285 2778 335 2800 284
354 2777 447 2801 annot.
462 2778 498 2800 12.
587 2775 613 2806 7)
634 2774 670 2799 In
686 2774 740 2805 fine
758 2782 783 2799 a.
796 2777 846 2800 870
863 2774 990 2804 habitum,
1009 2776 1043 2806 cf.
1062 2781 1147 2806 supra
1165 2781 1191 2799 n.
1206 2776 1246 2804 20,
1261 2781 1288 2805 p.
1303 2776 1353 2798 233
1370 2773 1460 2797 annot.
1474 2774 1496 2795 3.

1907 1980 1935 2002 cf.
1948 1980 1989 2001 Ier.
2000 1981 2019 2004 9,
2032 1982 2050 2000 1.
