2189 3042
628 191 805 218 IOHANNIS
824 192 898 219 VIII.
918 192 1035 220 PAPAE
1058 193 1257 219 EPISTOLAE
1281 193 1337 220 175.
1359 194 1414 220 176.
1786 197 1842 226 141

198 279 297 309 talem
325 278 425 309 filium
453 280 586 319 paterno
615 278 759 318 cupimus
787 278 904 309 affectu
932 278 1066 319 diligere
1091 281 1124 309 et
1147 278 1321 319 gloriosum
1344 280 1376 310 in
1399 280 1545 311 omnibus
1569 280 1716 312 retinere.
1761 281 1845 313 Nam

198 331 281 361 sicut
309 340 366 371 per
393 330 442 360 De
457 353 547 360 .....
554 329 590 348 ²²¹
619 330 772 360 eximium
801 329 914 360 ducem
944 333 976 361 et
1001 330 1131 360 fidelem
1158 333 1301 361 nostrum
1332 331 1422 361 nobis
1452 331 1629 362 intimando
1657 332 1844 372 mandastis,

199 381 286 423 quod
321 380 443 423 [erga]¹>
479 383 621 411 sanctam
655 380 765 411 sedem
801 381 1011 421 apostolicam
1047 384 1080 412 et
1109 385 1251 412 nostram
1282 384 1510 423 paternitatem
1543 393 1600 413 vos
1634 384 1665 413 in
1697 384 1845 414 omnibus

200 433 351 464 devotos⁰
369 436 401 463 et
423 432 611 463 obedientes
636 442 705 463 esse
730 432 891 463 deberetis
915 432 1126 474 omnemqued
1143 436 1284 464 nostram
1308 434 1503 465 voluntatem
1529 435 1619 475 quasi
1640 435 1722 465 filius
1743 435 1844 465 karis-

167 497 179 514 5
199 485 296 515 simus
324 483 559 524 adimpleretis,
590 483 724 514 multum
755 483 873 514 fuimus
899 484 1009 524 gavisi.
1056 483 1112 514 Set
1141 485 1215 525 quia
1242 485 1357 515 iterum
1389 496 1448 526 per
1470 485 1603 517 Petrum
1627 486 1845 517 venerabilem

199 534 405 576 episcopum2
437 538 469 566 et
496 535 692 565 Iohanneme
722 535 878 575 insignem
908 535 1044 566 duce1n³
1071 536 1161 566 vobis
1189 536 1424 577 mandavimus,
1455 541 1490 568 ut
1517 537 1681 568 adiutores
1705 538 1845 568 fuissetis

199 586 362 627 Stephano
387 585 564 617 venerabili
588 586 750 626 episcopo,
776 586 887 627 quem‘
909 598 966 617 nos
990 588 1021 617 in
1038 587 1223 618 Comiaclo4
1240 588 1543 628 preordinavimusss,
1568 593 1724 629 quatenus
1740 592 1846 620 vestro

198 638 318 669 auxilio
348 637 475 668 adiutus
504 637 637 677 ecclesie
667 648 722 677 suc
752 638 820 668 iura
849 642 881 668 et
908 638 1125 678 possessiones
1152 642 1248 679 atque
1277 639 1373 680 ipsius
1398 650 1506 670 curam
1531 640 1664 671 ducatus
1692 641 1846 671 retineret

198 699 337 729 secu1·US,
362 692 394 720 et
417 692 522 719 vestro
547 689 677 719 minime
702 688 881 719 audivimus
905 689 1049 719 adiutum
1074 700 1143 720 esse
1167 691 1297 731 auxilio,
1323 691 1414 722 valde
1439 691 1600 722 miramur.
1641 692 1847 732 Quapropter

156 751 180 770 10
199 751 349 782 rogamus
376 740 578 771 nobilitatem
607 743 708 776 tuam.
739 743 773 770 ut
801 741 865 771 tale
894 741 1044 771 iamdicto
1077 742 1228 782 episcopo
1256 745 1364 772 nostro
1395 742 1587 773 adiutorium
1618 743 1764 782 faciatis,
1788 754 1846 783 per

199 792 285 834 quod
309 802 396 823 suam
422 792 592 823 ecclesiam
622 795 653 822 et
681 792 892 822 ministerium
916 792 975 822 sibi
999 793 1169 823 comissum
1193 792 1368 823 securiterh
1392 794 1529 824 retinere
1554 798 1650 835 atque
1676 794 1846 834 disponere

198 844 319 880 valeat;
345 846 377 874 et
399 843 425 873 si
449 843 541 883 forte,
567 842 652 884 quod
675 853 737 873 non
761 843 930 881 credimus,
955 846 1060 874 vestra
1085 846 1132 874 est
1156 844 1238 874 circa
1262 854 1319 874 nos
1342 844 1487 875 voluntas
1510 848 1643 885 mutata,
1668 845 1714 875 uti
1736 845 1846 876 audire

198 906 256 926 nos
279 895 319 926 de
343 895 405 925 hoc
427 905 490 925 uon
515 895 636 935 cupiat,
668 895 820 935 petimus,
848 897 883 925 ut
905 905 962 935 pro
988 905 1096 925 amore
1120 894 1183 925 Dei
1211 898 1244 925 et
1270 898 1377 926 nostro
1403 906 1513 926 omnes
1538 900 1658 927 vestros
1681 895 1847 926 hominesk

198 946 413 988 prohibeatis¹
436 947 577 986 aliquam
605 945 648 976 ibi
676 947 791 976 nostris
819 946 1078 976 contrarietatem
1109 946 1231 985 facere,
1262 949 1297 976 ut
1324 946 1445 987 absque
1475 947 1600 977 illorum
1628 947 1847 988 inpedimento

156 1009 179 1027 15
198 998 289 1029 nobis
306 998 378 1028 illos
401 998 497 1028 liceat
513 997 686 1028 secundum
704 1000 845 1027 nostram
862 997 1109 1038 possibilitatem
1131 997 1288 1037 castigare
1305 998 1404 1028 veluti
1421 998 1560 1029 rebelles
1578 1002 1609 1029 et
1624 999 1847 1029 inobedientes

196 1053 304 1090 nostre
332 1049 508 1090 apostolice
536 1049 681 1089 iussioni,
710 1059 750 1079 ne
778 1059 922 1089 censum,
952 1059 1046 1089 quem
1072 1048 1120 1078 his
1149 1049 1238 1078 annis
1261 1050 1428 1080 transactis
1453 1049 1575 1080 duobus
1600 1049 1716 1080 exinde
1740 1050 1848 1090 perdi-

198 1102 312 1141 dimus,
337 1104 369 1131 et
392 1101 482 1131 istius
505 1101 578 1130 anni
602 1100 784 1140 perdamus.

301 1162 396 1187 DATA
415 1162 460 1186 UT
480 1162 597 1186 SUPRA.

992 1280 1058 1309 176.

306 1336 466 1368 Iohannes
485 1335 581 1368 VIII.
601 1345 690 1375 papa
711 1334 949 1373 Pamlemdfum
972 1335 1111 1365 comitem
1132 1333 1355 1374 (Capuanum)
1379 1337 1476 1373 φοραί,
1501 1337 1537 1365 ut
1559 1335 1670 1365 missos
1696 1334 1849 1366 Constan-

155 1402 180 1420 20
201 1387 401 1428 thiopolitani
423 1387 622 1426 imperatoris
642 1397 698 1425 per
713 1387 781 1417 eius
800 1389 916 1417 terram
933 1386 1126 1416 transituros
1148 1386 1190 1416 ad
1212 1396 1243 1416 se
1266 1386 1402 1424 dio-squ&
1424 1386 1555 1416 mmtz'at
1578 1397 1609 1416 se
1626 1389 1700 1425 post
1723 1386 1847 1418 illorum

199 1440 367 1471 adveutum
390 1439 425 1470 in
443 1441 552 1477 partes
575 1438 643 1468 eius
658 1448 720 1477 pro
743 1438 899 1469 communi
921 1437 1060 1468 utilitate
1082 1440 1111 1468 et
1133 1437 1235 1468 salute
1257 1439 1432 1468 ventwwn.
1539 1438 1602 1468 879
1629 1439 1761 1478 (A2)›·.)⁵

314 1502 386 1528 God..·
413 1502 441 1528 R
459 1504 479 1535 f.
493 1503 536 1528 68¹
555 1510 582 1527 n.
598 1505 650 1527 177.

303 1553 390 1580 Edd.:
419 1553 516 1579 Editio
530 1553 654 1578 Romana
668 1553 752 1586 (1591)
767 1552 824 1584 ΙΙΙ,
838 1556 887 1578 410
905 1560 932 1578 n.
944 1555 997 1578 168.
1030 1552 1124 1577 Mansi
1146 1552 1222 1578 Corte.
1234 1552 1291 1578 coll.
1306 1552 1403 1584 XVII,
1419 1557 1463 1578 114
1482 1556 1573 1579 unm&
1605 1553 1697 1586 Migme
1716 1553 1848 1579 Patrnlut.

202 1597 341 1629 CXXVI,
363 1600 414 1622 826
432 1605 458 1622 n.
472 1599 529 1622 207.
550 1611 581 1614 —
601 1595 673 1627 Jaffe'
691 1596 755 1629 Rey.
771 1598 837 1622 3238
856 1595 950 1628 (2456).

157 1683 181 1702 25
595 1675 743 1698 DILECTO
762 1674 842 1698 VIRO
865 1674 1095 1698 PANDENULFO
1120 1674 1287 1698 GLORIOSO
1310 1673 1454 1698 COMIT1⁸.

305 1726 500 1767 Multiplices
531 1725 692 1756 nobilitati
722 1728 825 1765 vestre
862 1725 910 1754 his
940 1725 1038 1755 nostri
1065 1725 1247 1765 presulatus
1275 1725 1420 1765 apicibus
1450 1726 1570 1765 gratias
1600 1726 1739 1765 agimus,
1775 1727 1849 1766 quia

198 1781 338 1809 vestram
367 1777 571 1808 devotionem
600 1780 696 1817 atque
726 1777 948 1815 dilectionem,
977 1786 1072 1817 quam
1099 1780 1205 1816 nostre
1230 1776 1401 1807 voluntatis
1430 1777 1589 1817 preceptis
1613 1777 1755 1817 parendo
1780 1777 1847 1807 ala-

199 1831 294 1861 criter
318 1829 511 1868 ostendistiS,
534 1829 565 1859 in
590 1828 735 1859 omnibus
759 1829 915 1859 sinceram
940 1831 972 1858 et
995 1827 1201 1858 obedientem
1226 1827 1294 1858 fore
1318 1828 1519 1858 incuntanter
1542 1829 1752 1868 agnoscimus,
1777 1839 1848 1859 cum

198 1884 382 1922 presentem
405 1880 488 1911 hunc
513 1879 651 1911 Grecum
675 1879 850 1920 imperialis
877 1879 976 1910 baiuli
1005 1879 1187 1910 hominem7
1212 1880 1326 1909 nostris
1350 1879 1510 1910 direxistis
1534 1879 1696 1910 obtutibus
1719 1890 1848 1920 presen-

155 1946 180 1966 30
198 1933 330 1963 tandum
354 1932 556 1962 incolumem.
603 1930 667 1961 Sed
693 1931 766 1972 quia
790 1931 973 1971 imperiales
997 1931 1093 1970 missi,
1122 1941 1180 1961 ceu
1203 1931 1233 1960 in
1258 1931 1355 1971 ipsius
1379 1930 1477 1961 baiuli
1501 1931 1701 1971 repperimus
1723 1931 1848 1970 litteris,

198 1993 258 2024 per
284 1994 340 2014 vos
368 1983 530 2014 transituri
554 1985 638 2019 sunt,
665 1985 820 2023 quatenus
845 1982 886 2013 ad
910 1985 1050 2013 nostram
1075 1982 1287 2023 apostolicam
1310 1983 1503 2023 presentiam
1528 1982 1686 2022 veniantss,
1711 1983 1848 2023 petimus

198 2035 401 2065 nobilitatem
428 2038 597 2074 vestrama,
625 2037 660 2065 ut
687 2045 744 2075 pro
772 2037 880 2065 nostro
905 2044 1014 2065 amore
1045 2036 1078 2064 et
1110 2033 1217 2074 ipsosb
1241 2037 1346 2065 vestro
1375 2034 1494 2064 auxilio
1525 2034 1664 2064 munitos
1694 2044 1847 2074 prospero

199 2090 359 2117 annuente
383 2086 521 2116 Domino
545 2086 637 2116 nobis
664 2086 778 2116 itinere
804 2086 958 2126 dirigatis.
1006 2085 1101 2121 Quod
1125 2088 1233 2116 autem
1257 2085 1427 2126 multiplici
1450 2096 1649 2126 paganorum
1672 2086 1849 2116 incursione

198 2149 254 2169 vos
278 2141 428 2179 gravatos
453 2138 603 2175 asseritis,
628 2137 845 2177 condolemus,
870 2137 1010 2168 maxime
1028 2138 1102 2178 quia
1120 2137 1215 2168 vestri
1233 2138 1380 2167 concives
1397 2137 1645 2178 circumquaque
1664 2137 1757 2177 positi
1777 2147 1848 2167 cum

154 2204 179 2223 35
200 2189 320 2220 eisdem
338 2189 525 2230 perditionis
548 2189 621 2219 filiis
645 2189 736 2229 fedus
760 2189 839 2219 inire
864 2192 1048 2229 procurent;
1073 2189 1283 2229 quamobrem
1304 2192 1445 2219 nostram
1462 2189 1511 2219 his
1527 2190 1639 2219 vestris
1660 2190 1689 2219 in
1707 2188 1849 2229 partibus

197 2241 378 2272 necessario
403 2241 598 2281 presentiam
622 2240 841 2281 prestolamini
866 2240 1046 2271 affuturam.
1085 2240 1152 2271 Nos
1169 2250 1256 2278 vero,
1281 2241 1362 2270 sicut
1384 2241 1447 2271 iam
1469 2240 1593 2281 pridem
1617 2240 1848 2277 mandavimus,

198 2303 256 2333 pro
285 2292 445 2323 communi
475 2291 643 2322 dumtaxat
672 2291 810 2322 utilitate
839 2295 936 2332 atque
965 2291 1068 2322 salute
1097 2292 1183 2322 omni
1207 2292 1319 2322 annisu
1342 2293 1450 2323 venire
1474 2302 1671 2332 magnopere
1696 2291 1848 2332 cupimus,

302 2387 358 2413 175.
388 2387 410 2418 a)
429 2388 480 2420 pde
499 2396 539 2412 me
557 2396 614 2419 um,
629 2388 720 2419 plures
739 2388 837 2412 litterae
856 2396 946 2412 erasae
965 2388 1031 2412 inter
1049 2396 1063 2412 e
1082 2392 1103 2412 et
1122 2396 1139 2412 u
1158 2387 1189 2412 R.
1276 2386 1301 2420 b)
1321 2396 1367 2412 om.
1386 2387 1418 2412 B.
1500 2386 1523 2418 c)
1543 2387 1578 2410 sic
1596 2386 1629 2411 R.
1713 2385 1736 2417 d)
1756 2394 1848 2410 omem-

199 2439 250 2462 que
268 2431 300 2456 R.
397 2430 419 2462 e)
438 2429 514 2455 lohes
534 2430 565 2454 R.
662 2429 681 2460 f)
700 2438 750 2462 que
769 2430 800 2455 R.
897 2430 922 2461 g)
942 2431 992 2454 -vi-
1011 2430 1072 2455 add.
1091 2439 1172 2462 supra
1191 2431 1285 2455 lineam
1304 2430 1335 2455 R.
1432 2428 1457 2461 h)
1477 2439 1534 2454 -um
1554 2430 1676 2454 securiter
1694 2430 1721 2453 in
1741 2437 1794 2453 ras.
1815 2428 1846 2452 B.

155 2479 181 2498 40
199 2473 216 2506 i)
235 2482 302 2499 corr.
312 2482 342 2498 ecc
360 2477 406 2498 aut
424 2473 456 2498 R.
542 2471 568 2504 k)
587 2474 693 2498 homnes
711 2473 743 2498 R.
830 2472 848 2505 1)
869 2474 1005 2506 proibeatis
1024 2473 1056 2499 R.

303 2524 360 2549 176.
389 2524 412 2556 ⁸)
431 2533 496 2548 corr.
511 2533 541 2549 em
559 2525 685 2548 nobilitati
704 2528 789 2555 vestre
808 2524 840 2548 R.
928 2523 953 2555 b)
973 2533 1040 2550 corr.
1053 2533 1083 2548 esc
1102 2525 1155 2556 ipso
1175 2525 1206 2548 R.

303 2593 329 2624 1)
348 2591 381 2618 L.
401 2591 564 2622 Deusdedit,
586 2591 632 2624 qni
651 2599 711 2616 cum
730 2591 850 2617 Iohanne
869 2592 902 2625 (v.
921 2594 1014 2617 annot.
1027 2593 1052 2624 3)
1073 2591 1202 2617 ducatum
1220 2591 1401 2617 Ravennatem
1424 2592 1487 2616 time
1510 2589 1614 2623 reqebat
1639 2592 1661 2615 ct
1684 2590 1738 2614 ium
1759 2597 1782 2614 α.
1800 2592 1848 2613 853

199 2635 300 2669 legatus
318 2635 349 2660 in
367 2635 517 2661 [franciam
535 2634 571 2660 ad
585 2642 689 2667 papam
705 2634 784 2666 iao-at,
807 2634 840 2666 cf.
859 2643 886 2660 n.
899 2637 962 2667 134,
978 2643 1004 2666 p.
1020 2638 1065 2660 118
1083 2637 1176 2660 annot.
1193 2638 1211 2660 7.
1310 2635 1335 2665 2)
1358 2633 1386 2658 F
1386 2633 1427 2658 ori
1447 2632 1602 2665 Simprom'i,
1624 2634 1655 2657 ut
1677 2631 1790 2662 ridetur,
1814 2630 1846 2660 cf.

199 2686 246 2703 nn.
260 2682 284 2708 4.
306 2682 326 2704 7.
397 2677 423 2709 3)
444 2677 632 2710 Ravennatem,
650 2677 684 2708 cf.
698 2679 788 2703 annot.
800 2681 820 2703 1.
895 2678 922 2710 4)
942 2677 1029 2703 Hodie
1041 2676 1224 2707 ‘Gomacehio‘,
1244 2677 1321 2702 cuius
1340 2676 1518 2709 episcoporum,
1537 2675 1613 2700 series
1631 2674 1672 2699 his
1689 2672 1847 2705 temporibus

155 2727 182 2746 45
198 2721 307 2753 penitus
329 2720 384 2752 scre
401 2721 492 2754 iynota
510 2723 554 2746 est.
659 2721 685 2752 5)
704 2719 745 2745 De
763 2722 877 2752 tempore
899 2720 981 2745 huius
1002 2723 1026 2745 et
1049 2720 1180 2751 sequentis
1202 2720 1324 2752 epistolae
1346 2720 1381 2750 cs'.
1400 2718 1464 2744 NA.
1486 2717 1632 2748 XXXVI,
1654 2720 1695 2741 151
1719 2718 1809 2741 manoe.
1823 2719 1845 2740 5.

203 2764 228 2795 6)
249 2762 387 2796 Oapuomo,
405 2763 461 2795 filio
474 2762 612 2788 PcrmZonis
631 2763 738 2794 comiti-3,
758 2763 849 2795 nepoti
862 2762 993 2794 Landztlfi
1007 2762 1029 2788 I.
1042 2762 1154 2795 episcopi
1173 2764 1196 2787 et
1214 2762 1314 2787 comitis
1333 2761 1362 2793 (†
1374 2761 1438 2789 8751).
1527 2760 1552 2791 7)
1572 2759 1735 2792 Stephanum
1753 2757 1846 2783 camli-

202 2805 304 2839 datum,
323 2806 359 2838 cf.
378 2809 473 2832 oz.177.
561 2805 586 2838 8)
607 2806 647 2831 De
665 2805 715 2831 hac
736 2805 839 2831 Graeca
857 2805 984 2838 leyatione
1003 2805 1037 2836 cf.
1056 2814 1083 2830 n.
1100 2809 1150 2831 177,
