2189 3042
687 498 820 568 RE
833 495 1305 568 GISTRVM

427 615 942 688 IOHANNIS
979 616 1184 686 VIII.
1231 617 1602 687 PAPAE.

267 875 473 931 ‚Reqi‘strum
487 890 640 921 Iohannis
650 890 746 922 VIII.
763 900 866 931 papae
885 901 957 927 non,
979 890 1059 921 sicut
1069 889 1207 930 Greqorii
1219 889 1293 921 VII.
1313 889 1482 929 reqistrurn,
1497 890 1566 930 ipso
1586 890 1772 930 ctutoyrapho
1793 890 1844 921 sed

184 941 361 983 apoqrapho
374 946 495 973 tanturn
507 941 548 973 ad
562 952 618 973 nos
631 942 778 982 pervenit,
792 941 873 983 quod
887 942 922 972 in
935 940 1036 972 codice
1050 951 1127 972 saec.
1138 940 1193 971 XI
1206 939 1279 971 olim
1289 940 1466 978 Oasinensi,
1481 951 1565 972 nunc
1577 941 1845 973 archiviVaticani

188 993 350 1034 (Reqistra
362 993 512 1025 Vaticana
528 998 548 1024 t.
564 993 602 1034 I)
622 993 810 1024 adservatur.
844 993 948 1024 Oodeae
963 992 1042 1023 duas
1058 997 1179 1023 tanturn
1193 995 1295 1033 partes
1310 992 1434 1033 reqistri
1449 992 1592 1030 continet,
1609 1003 1686 1033 quae
1701 992 1845 1033 epistolas

185 1044 257 1076 inde
269 1043 307 1076 ab
319 1056 349 1076 a.
359 1044 420 1076 876
432 1055 528 1085 usque
540 1045 582 1076 ad
594 1056 624 1076 a.
638 1044 710 1082 832,
723 1055 782 1086 quo
794 1055 878 1076 anno
892 1043 1047 1075 Iohannes
1057 1043 1154 1076 VIII.
1170 1043 1256 1081 obiit,
1270 1042 1521 1085 complectuntur.
1543 1043 1572 1074 E
1585 1044 1689 1085 prima
1702 1048 1787 1085 parte
1800 1055 1844 1074 re-

184 1096 282 1137 qistri,
292 1106 445 1127 annorum
460 1096 574 1128 scilicet
587 1096 760 1134 872-876,
776 1096 825 1127 nil
841 1096 907 1127 nisi
920 1095 1092 1137 fraqrnenta
1106 1095 1253 1136 quaedam
1269 1094 1480 1136 epistolarum,
1496 1106 1623 1126 numero
1637 1095 1845 1126 tantummodo

185 1147 235 1185 61,
255 1148 290 1179 in
310 1147 538 1179 collectionibus
557 1158 710 1179 canonum
732 1159 809 1179 saec.
825 1147 878 1178 XI
880 1147 970 1189 [XII
990 1152 1165 1188 supersunt.

269 1207 344 1238 Tres
358 1208 453 1248 iqitur
470 1212 565 1239 tomos
580 1207 700 1249 reqistri
718 1207 870 1239 Iohannis
885 1207 982 1239 VIII.
1004 1207 1079 1238 olim
1097 1207 1234 1238 extitisse
1252 1207 1419 1238 verisimile
1440 1211 1491 1237 est.
1525 1206 1629 1237 Codes}
1650 1207 1846 1248 apoqraphus

185 1259 330 1300 epistolas
361 1264 509 1290 tomorum
540 1259 666 1290 secundi
694 1264 721 1290 et
746 1259 829 1290 tertii
853 1259 995 1295 continet,
1022 1263 1112 1300 atque
1141 1259 1318 1289 etiamnunc
1344 1268 1360 1288 e
1385 1259 1475 1289 certis
1501 1257 1684 1299 quibusdam
1713 1258 1845 1290 rationis

184 1310 336 1342 scribendi
358 1310 496 1348 indictis,
520 1321 598 1352 quae
618 1311 653 1342 in
670 1311 740 1351 ipso
759 1310 936 1352 apographo
959 1314 1072 1351 patent,
1096 1309 1199 1351 colliqi
1221 1314 1327 1351 potest,
1351 1320 1409 1351 quo
1425 1310 1461 1340 in
1476 1309 1541 1341 loco
1556 1310 1748 1351 autoqraphi,
1765 1310 1844 1351 quod

183 1362 283 1394 codice
310 1367 425 1394 servato
459 1362 654 1403 ewprirmtur,
687 1367 786 1393 tomus
821 1363 917 1403 prior,
958 1361 1013 1403 qui
1046 1366 1109 1393 erat
1135 1361 1285 1393 secundus
1316 1361 1448 1402 reqistri,
1485 1360 1657 1401 finiebatur,
1686 1363 1844 1402 posterior,

184 1414 291 1445 tertius
304 1413 417 1445 scilicet
429 1413 560 1454 reqistri,
575 1412 750 1455 incipiebat,
766 1413 844 1445 sicut
858 1413 952 1445 latius
966 1414 1000 1444 in
1014 1413 1228 1444 commentario
1240 1413 1357 1444 ‘Neues
1373 1412 1496 1444 Archiv’
1512 1418 1531 1444 t.
1548 1413 1694 1444 XXXVI
1707 1424 1737 1454 p.
1755 1413 1793 1444 79
1801 1424 1843 1454 sq.

185 1466 325 1506 exposui.

269 1525 402 1566 Reqistri
414 1536 568 1556 annorum
580 1525 600 1556 8
603 1524 744 1556 76—882
757 1525 909 1565 τῖηιεῃνῑιηη
921 1535 1031 1566 corpus
1044 1524 1221 1566 apoqrapho
1234 1524 1401 1556 Casinensi
1414 1524 1497 1556 diem
1509 1524 1589 1562 tulit,
1604 1535 1666 1561 nec,
1681 1529 1714 1556 ut
1727 1526 1844 1566 priores

178 1587 280 1608 omnes
304 1577 456 1618 suspicati
480 1581 561 1614 sunt,
593 1576 725 1608 collectio
752 1581 871 1608 tanturn
895 1575 1095 1618 epistolarum
1118 1575 1156 1607 ab
1180 1576 1327 1617 ecloqario
1352 1576 1485 1618 quodam
1508 1587 1523 1606 e
1548 1576 1673 1616 reqistro
1694 1581 1843 1617 eoecerpta.

175 1628 261 1667 Quae
278 1633 352 1660 recte
370 1628 491 1670 primus
508 1627 728 1670 affirmavitA.
739 1628 872 1670 Lapotre
885 1629 918 1660 S.
928 1628 961 1660 J.
969 1617 1096 1660 ‘Etudes
1109 1627 1266 1659 d’histoire
1283 1627 1466 1669 pontificale.
1491 1627 1535 1659 Le
1547 1638 1630 1670 pape
1642 1627 1667 1658 J
1668 1638 1725 1659 ean
1736 1628 1781 1659 VI
1782 1628 1801 1659 I
1803 1628 1822 1659 I
1825 1629 1844 1659 .'

180 1671 326 1721 (‘Etudes
348 1680 530 1721 reliqieuses,
556 1679 812 1722 philosophiques,
836 1680 1015 1721 historiques
1037 1684 1064 1711 et
1085 1679 1253 1717 litte'raires‚
1275 1679 1376 1711 Revue
1398 1679 1561 1711 mensuelle
1583 1678 1704 1720 publie‘e
1718 1690 1777 1721 par
1801 1680 1843 1711 les

177 1732 263 1774 peres
281 1731 317 1762 de
337 1731 367 1763 la
385 1731 573 1772 Compdqnie
595 1731 631 1763 de
645 1731 749 1763 Je'sus'
770 1737 790 1763 t.
807 1731 873 1763 LII
880 1743 922 1773 sq.
950 1731 1043 1763 Paris
1059 1731 1155 1772 1891)
1183 1736 1209 1762 et
1231 1731 1315 1762 curis
1337 1731 1456 1762 iteratis
1480 1730 1558 1762 libro
1577 1730 1749 1772 ‘L'Eurape
1771 1737 1798 1762 et
1822 1731 1848 1762 le

178 1783 271 1815 Saint
286 1783 374 1824 Sieqe
390 1782 410 1814 (ὶ
426 1782 561 1824 l’e'poque
577 1782 814 1825 Garolinqienne
834 1784 862 1815 I.
895 1783 937 1814 Le
959 1794 1040 1825 pape
1055 1783 1138 1814 Jean
1154 1783 1200 1814 VI
1201 1783 1240 1813 II
1243 1783 1260 1814 ,⁵
1289 1782 1404 1823 (Paris
1419 1782 1516 1823 1895)
1524 1792 1537 1819 ;
1561 1793 1613 1824 eqo
1634 1783 1843 1821 validioribus,

179 1840 212 1866 ut
238 1845 336 1876 spero,
361 1834 548 1876 aryurnentis
570 1834 697 1876 probavi
722 1835 837 1867 ‘Neues
853 1835 977 1867 Archiv'
994 1835 1013 1866 l.
1031 1835 1050 1866 l.

264 1895 438 1936 Reqistrurn
452 1895 605 1926 Iohannis
616 1895 661 1927 VI
663 1895 682 1926 I
684 1895 703 1926 I
707 1921 724 1933 .,
739 1896 885 1937 quoniam
902 1895 963 1926 314
977 1895 1077 1926 solum
1091 1894 1237 1936 epistolas
1251 1905 1266 1925 e
1281 1905 1334 1925 seoe
1348 1894 1545 1935 pontificatus
1559 1895 1627 1925 eius
1640 1895 1734 1925 annis
1747 1895 1842 1926 conti-

178 1952 236 1984 net,
258 1957 386 1988 parcum
405 1952 432 1977 et
449 1946 529 1977 est-tte
548 1946 674 1984 videtur,
696 1947 875 1988 praesertim
894 1951 1068 1988 comparato
1093 1946 1230 1987 Greqorii
1251 1946 1279 1977 I.
1301 1945 1426 1986 reqtstro
1458 1945 1552 1987 (Epp.
1574 1951 1594 1977 t.
1616 1946 1644 1977 I.
1668 1946 1737 1986 II),
1765 1946 1844 1988 quod

178 1998 317 2040 quamvis
346 1997 490 2029 mutilum
517 2003 618 2029 tamen
647 2004 764 2040 praeter
790 2004 912 2040 propter
939 1998 1001 2029 900
1022 1997 1166 2039 epistolas
1187 2008 1241 2038 per
1270 1996 1509 2038 quattuordecim
1529 2008 1628 2028 annos
1649 1997 1846 2038 pontificatus

179 2055 328 2081 currentes
346 2049 440 2090 offert,
458 2050 570 2080 nedum
588 2055 763 2091 comparata
780 2051 897 2091 inqenti
915 2050 1110 2091 reqistrorum
1127 2049 1199 2081 inde
1216 2048 1254 2080 ab
1272 2049 1452 2080 Innocentio
1470 2048 1489 2079 I
1491 2049 1510 2079 I
1511 2048 1531 2079 I
1534 2075 1539 2080 .
1560 2049 1672 2090 inteqre
1689 2060 1844 2080 conserva-

179 2107 278 2133 torum
294 2101 378 2132 mole.
416 2101 590 2142 Reqistrurn
604 2101 684 2132 illud
700 2101 720 2132 I
721 2101 894 2133 ohanneum
910 2102 1013 2143 potius
1027 2101 1165 2141 Greqorii
1177 2100 1223 2132 VI
1224 2100 1243 2131 I
1247 2125 1252 2132 .
1271 2101 1397 2141 rcqistro
1413 2100 1516 2131 simile
1532 2105 1583 2138 est,
1601 2101 1690 2131 cuius
1706 2100 1768 2131 300
1782 2100 1844 2139 fere

179 2152 323 2194 epistolae
339 2152 379 2183 ad
393 2152 499 2194 plenos
511 2151 610 2184 decem
630 2164 728 2184 annos
741 2154 900 2195 pertinent.
926 2153 1011 2191 Quae
1028 2153 1116 2184 varia
1134 2152 1263 2184 diversis
1276 2151 1462 2194 temporibus
1474 2152 1669 2192 reqistrorum
1681 2151 1845 2193 papalium

180 2204 317 2235 condicio
335 2204 448 2245 eqreqie
474 2204 603 2245 quadrat
620 2204 661 2236 ad
688 2205 808 2236 variam
826 2205 966 2236 ecclesiae
989 2205 1147 2236 Romanae
1165 2214 1218 2245 per
1237 2203 1293 2235 illa
1312 2203 1435 2235 saecula
1453 2203 1671 2241 condicionem,
1691 2203 1845 2243 florentem

180 2256 301 2298 quidem
321 2255 504 2297 temporibus
518 2255 655 2297 Greyorii
668 2256 696 2288 I.
720 2261 747 2287 et
767 2257 877 2288 iterum
898 2256 1072 2287 Innocentii
1087 2255 1156 2287 III.
1178 2260 1205 2286 et
1218 2265 1430 2292 successorum,
1453 2255 1615 2296 aeqerrirne
1635 2254 1845 2293 labefactatam

179 2318 247 2339 vero
264 2306 320 2338 sub
338 2307 477 2338 Iohanne
487 2307 572 2339 VIII
575 2334 593 2345 .,
612 2313 740 2339 recenter
765 2308 887 2339 demum
904 2312 1105 2348 resurqentem
1123 2307 1178 2338 sub
1194 2306 1336 2347 Greqorto
1350 2306 1396 2338 VI
1397 2307 1416 2337 I
1420 2332 1425 2337 .
1467 2306 1567 2338 Rebus
1585 2306 1620 2337 in
1638 2306 1761 2337 ecclesia
1784 2306 1843 2337 Ro-

182 2370 275 2390 mana
299 2358 335 2390 in
359 2359 483 2390 adverso
506 2359 617 2400 positis
640 2360 732 2391 etiam
755 2359 937 2401 reqistrandi
961 2359 1031 2391 ordo
1055 2364 1082 2390 et
1105 2358 1212 2390 modus
1235 2358 1373 2390 vilescere
1395 2359 1499 2399 coepit.

267 2419 439 2459 Reqistrurn
456 2419 476 2450 I
478 2419 651 2451 ohanneurn
668 2420 703 2450 in
729 2419 852 2451 modurn
879 2420 1075 2461 antiquorum
1093 2419 1288 2460 reyistrorum
1306 2418 1470 2460 papalium
1489 2429 1543 2459 per
1562 2417 1700 2458 sinqulas
1719 2416 1842 2448 indicti·

182 2481 252 2501 ones
268 2469 452 2511 dispositum
467 2475 540 2502 erat.
575 2470 653 2502 Inde
667 2482 687 2502 a
701 2470 843 2511 Greqorio
856 2471 930 2503 VII.
947 2471 1045 2502 aliam
1060 2469 1228 2502 ordinandi
1250 2470 1408 2508 rationem,
1433 2469 1547 2500 scilicet
1561 2480 1615 2510 per
1629 2479 1727 2500 annos
1742 2469 1841 2509 ponti-

181 2521 299 2562 ficatus,
317 2521 516 2562 sequebantur
530 2522 745 2563 reqistratores.
778 2523 820 2554 In
836 2522 985 2554 servanda
1000 2522 1078 2554 serie
1092 2521 1301 2562 chronoloqica
1316 2521 1524 2562 epistolarum,
1541 2531 1617 2562 quas
1632 2521 1667 2551 in
1682 2519 1843 2559 reqistrum

181 2572 294 2611 retulit,
317 2573 504 2614 reqistratori
533 2584 645 2615 parum
667 2575 818 2612 successit,
841 2575 956 2616 quippe
985 2574 1039 2615 qui
1060 2584 1123 2605 non
1145 2573 1215 2614 ipsa
1239 2572 1429 2614 eoeernplaria
1451 2571 1658 2613 epistolarum,
1681 2575 1843 2611 antequam

183 2625 267 2664 joras
286 2625 409 2666 sinqula
427 2624 588 2663 dabantur,
608 2625 792 2663 describeret,
812 2626 863 2657 sed
881 2625 1023 2667 plaqulas
1042 2625 1077 2656 in
1096 2624 1255 2665 scriptorio
1273 2629 1410 2655 retentas
1453 2623 1540 2654 Unde
1564 2622 1654 2662 facile
1679 2622 1783 2658 evcnit,
1812 2626 1843 2652 ut

182 2676 336 2718 epistolas,
360 2687 436 2718 quae
457 2687 515 2718 quo
535 2677 585 2708 die
607 2677 719 2708 missac
739 2682 834 2715 erant,
857 2687 1001 2719 persaepe
1015 2677 1199 2717 inscriptum
1215 2686 1277 2707 non
1291 2674 1447 2712 habebant,
1462 2675 1497 2705 in
1511 2673 1702 2705 describendo
1716 2672 1841 2711 confun-

182 2728 271 2765 deret,
291 2727 485 2769 plaqularz‘m
502 2728 607 2759 ordine
624 2729 749 2760 turbato.
793 2729 877 2759 Nam¹
902 2733 973 2759 nota
998 2728 1085 2759 Data
1108 2731 1146 2759 ut
1168 2737 1263 2768 supra
1282 2726 1457 2767 plerumque
1480 2726 1513 2757 in
1533 2725 1592 2765 fine
1609 2724 1805 2765 epistolarum
1822 2734 1841 2753 a
