2189 3042
103 729 126 747 10

102 1242 126 1261 20

104 1731 127 1751 25

105 1968 129 1986 ³0

110 2533 133 2550 (Ο

110 2788 134 2806 -15

363 169 554 197 ANASTASII
575 171 870 198 BIBLIOTHECARH
890 171 1089 198 EPISTOLAE
1107 171 1188 198 SIVE
1207 171 1483 198 PRAEFATIONES
1504 171 1542 198 14.
1558 172 1597 199 15.
1741 174 1802 204 435

153 268 261 299 opere,
279 257 365 299 quod
381 257 421 289 de
440 258 655 289 ecclesiastica
672 259 814 300 scripsita
830 258 1019 299 hierarchia,
1046 259 1084 290 tle
1108 269 1199 290 sacra
1222 257 1374 290 sanctaeb
1396 264 1574 300 synaxeos⁰
1589 259 1804 291 celebratione

153 309 248 350 digne
278 311 390 350 utpote
420 319 534 350 magno
566 308 805 351 contemplatad
835 310 925 341 suntd
955 310 1113 351 symbola,
1145 310 1323 350 sciendum,
1357 310 1444 351 quod
1479 321 1541 341 non
1574 311 1687 342 eadem
1723 321 1804 342 nunc

157 371 262 392 sermo
292 361 494 402 prosequitur
523 371 627 402 neque
658 372 716 402 per
747 361 870 400 eadem,
902 372 984 403 quae
1014 362 1079 401 ille,
1110 361 1323 403 progreditur.
1368 362 1590 393 Temerarium
1620 363 1738 404 quippe
1769 373 1805 393 ac

156 413 428 454 praesumtivum⁹
445 416 477 444 ct
494 412 674 444 dementiae
699 414 877 454 proximum
904 416 952 444 est
975 414 1082 444 conari
1105 423 1292 454 quosquam,
1316 423 1399 454 quae
1423 416 1495 444 sunt
1518 413 1610 453 illius,
1635 414 1805 455 attingere,

155 464 208 506 qui
232 473 290 494 nec
315 474 430 504 capere
455 463 543 494 illum
567 474 625 495 nec
648 464 829 506 intelligere
854 465 991 504 valeant,
1015 465 1066 496 vel
1090 465 1181 495 sicuti
1205 475 1262 496 sua
1286 465 1441 506 proferre,
1467 475 1548 506 quae
1573 465 1619 496 illi
1642 466 1701 496 soli
1725 465 1804 496 divi-

153 516 238 547 nitus
261 526 319 557 per
342 515 496 556 Spiritum
519 518 590 546 sunt
620 515 824 547 manifestata
849 517 1014 556 mysteria,
1046 515 1103 546 sed
1133 516 1203 555 illa,
1237 526 1319 557 quae
1350 519 1382 547 et
1412 517 1481 547 aliis
1512 516 1552 547 ab
1584 527 1622 547 eo
1652 520 1688 547 ut
1718 527 1805 548 com-

152 566 382 608 prehensibilia
412 570 483 597 sunt
513 567 710 598 misericordi
735 567 899 599 voluntate
926 567 989 598 Dei
1018 568 1130 598 relicta
1159 568 1200 598 ad
1230 568 1522 599 manifestationem
1555 571 1587 599 et
1616 569 1804 600 exercitium

155 618 393 649 consuetudinis
418 628 538 658 eorum,
561 619 615 660 qui
639 619 722 650 circa
746 619 851 650 divina
875 619 1034 650 desiderio
1058 620 1215 660 flagrant?

261 669 344 701 Sane
369 681 431 701 non
455 669 557 701 solum
582 670 741 711 quaedam
766 681 807 702 ex
830 671 888 711 his,
912 681 995 712 quae
1019 670 1133 701 beatus
1158 671 1318 702 Maximus
1344 671 1383 702 de
1413 672 1547 712 mystica
1572 671 1727 703 ecclesiae
1753 682 1804 703 ca-

155 721 294 752 tholicae
319 721 534 752 celebratione
559 722 694 763 scripsit,
725 722 894 763 excerpsif,
927 722 983 753 sed
1013 725 1044 753 et
1074 722 1146 761 alia,
1180 732 1263 763 quae
1294 722 1367 753 hinc
1398 723 1595 754 reverendae
1628 724 1804 754 memoriae

156 772 349 811 Germanus,
383 776 417 803 ut
448 772 564 804 Graeci
597 773 716 814 ferunt,
747 774 903 805 ecclesiae
934 773 1305 814 Constantinopolitanae
1337 774 1435 804 sensit
1467 773 1632 813 antistes1,
1664 785 1705 805 ex
1738 777 1805 806 toto

156 824 377 856 transferenda
402 824 478 855 duxi
502 828 534 856 et
557 824 614 855 tibi
637 825 852 865 potissimum,
883 825 1156 866 praestantissime
1189 827 1220 855 et
1250 824 1470 856 sollertissime
1500 826 1695 866 principum,
1728 826 1806 856 offe-

155 875 255 907 renda
280 876 442 916 proposui,
465 879 500 907 ut
523 876 645 907 scilicet
666 875 774 907 iudicii
798 876 842 907 tui
866 876 964 907 limag
987 876 1087 917 polita
1109 876 1234 917 piisque
1267 886 1303 907 ac
1334 875 1435 906 solitis
1465 877 1626 907 exercitiis
1656 877 1805 918 frequen-

156 926 246 958 tatall
271 927 386 958 ceteris
410 926 598 958 amabiliora
623 929 655 957 et
679 928 861 968 acceptiora
884 926 1066 958 reddantur.
1103 926 1257 962 Quamvis
1281 929 1389 958 autem
1413 927 1485 957 hinc
1511 930 1543 958 et
1565 928 1680 959 Latine
1705 939 1805 969 quac-

119 992 124 1001 =
157 979 231 1010 dam
256 979 419 1020 scripsisse
443 978 610 1020 quosdami
634 979 806 1019 audierim,
831 989 891 1020 ego
916 982 1037 1017 tamen,
1062 979 1136 1020 quia
1159 979 1214 1010 illa
1237 989 1300 1009 non
1323 979 1403 1018 vidi,
1434 978 1516 1010 haec
1538 980 1665 1010 interim
1689 980 1805 1011 Latino

156 1030 261 1061 danda
284 1031 423 1061 sermoni
449 1031 609 1071 conspexi.
650 1030 710 1061 Oui
733 1041 809 1072 ergo
837 1033 972 1072 utraque
1001 1030 1139 1071 placent,
1170 1029 1326 1071 utraquek
1350 1030 1491 1072 relegat;
1524 1031 1573 1061 cui
1597 1041 1672 1061 vero
1704 1031 1807 1062 minus

153 1084 289 1123 utraque
324 1082 516 1122 placuerint,
551 1082 638 1123 legat
671 1083 792 1123 potius,
827 1081 911 1123 quod
947 1082 1094 1123 elegerit,
1133 1081 1306 1113 dummodo
1342 1081 1382 1112 ab
1421 1081 1606 1123 indaganda
1644 1084 1807 1113 tantorum

154 1133 379 1174 mysteriorum
404 1132 557 1164 medulla¹
579 1144 642 1164 non
666 1136 801 1174 torpeat.
836 1133 1013 1164 Praeterea
1037 1132 1215 1173 sciendum,
1241 1132 1327 1174 quod
1359 1143 1400 1163 ex
1427 1133 1476 1164 his
1501 1133 1662 1174 quaedam
1693 1144 1805 1165 secun-

155 1184 230 1215 dum
254 1195 378 1216 morem
402 1188 434 1215 et
458 1185 552 1216 ritum
569 1184 764 1216 Graecorum
789 1185 851 1215 sint
874 1195 892 1216 a
916 1185 1033 1216 sanctis
1050 1184 1193 1226 patribus
1215 1184 1277 1215 illis
1304 1185 1451 1226 exposita
1476 1188 1509 1216 et
1530 1185 1614 1216 inter
1637 1185 1806 1216 missarum

155 1235 322 1267 sollemnia
341 1239 512 1278 ceteraque
533 1236 639 1268 officia
653 1236 866 1278 frequentata,
891 1240 925 1268 ut
945 1240 993 1268 est
1008 1236 1101 1276 illud,
1127 1236 1213 1278 quod
1239 1236 1314 1267 dicit
1337 1235 1500 1267 sacerdos:
1527 1235 1655 1268 ‘Sancta
1679 1236 1808 1268 sanctis’

157 1289 189 1317 et
213 1287 350 1328 populus
374 1287 577 1328 responditm:
603 1287 703 1318 ‘Unus
727 1287 886 1319 sanctus'²
911 1291 943 1319 et
967 1290 1107 1319 cetera*.

963 1501 1009 1530 15.

267 1567 461 1598 Anastasius
490 1566 742 1598 bibliothecarius
767 1567 945 1598 Gauderico
975 1567 1114 1607 episcopo
1144 1565 1351 1597 Veliternense'
1378 1566 1524 1606 opuscula
1552 1567 1704 1605 quaedam
1732 1567 1810 1599 Con-

158 1619 295 1650 stantini
321 1617 498 1659 philosophi
526 1618 563 1648 de
590 1618 767 1649 inventione
794 1618 1002 1657 reliquiarum
1025 1627 1050 1649 s.
1070 1617 1236 1648 Clementis
1264 1618 1384 1656 scripta
1415 1617 1454 1648 ab
1484 1618 1552 1658 ipso
1575 1618 1691 1649 Latine
1721 1629 1811 1650 versa

154 1670 266 1708 mittit,-
294 1669 330 1700 de
352 1670 405 1706 eis,
435 1679 514 1708 qaae
541 1669 606 1710 ipse
633 1680 671 1700 ex
701 1680 752 1700 orc
777 1669 977 1701 Constantini
1005 1671 1034 1700 et
1056 1668 1275 1708 Metrophanis
1304 1669 1440 1708 episcopi
1463 1668 1616 1709 Smyrnae
1645 1670 1681 1701 de
1704 1671 1809 1702 eadem

158 1721 335 1753 inventione
357 1721 510 1759 audierat,
535 1731 605 1752 eum
628 1721 787 1752 certiorem
809 1721 899 1759 facit.
1413 1721 1492 1759 (875
1510 1723 1583 1759 post
1606 1721 1724 1763 IVIart.)

262 1789 335 1815 Coa:
365 1789 473 1820 Isisboa,
499 1789 646 1816 Biblioteca
670 1789 797 1815 nacional
826 1798 853 1815 n.
871 1791 923 1815 342
947 1789 987 1820 (n.
1001 1792 1048 1815 205
1077 1789 1138 1814 olim
1166 1788 1311 1821 Aleobasa)
1336 1796 1356 1814 s.
1372 1788 1441 1815 XII.
1460 1797 1499 1814 eus.
1520 1790 1558 1815 rel
1576 1789 1666 1814 XIII.
1687 1790 1733 1821 in,
1762 1791 1812 1817 Re-

156 1832 322 1865 coqnitiones
340 1839 359 1857 ε.
376 1831 512 1858 Clementis
538 1832 569 1865 (f.
582 1834 691 1865 8—132)
714 1834 739 1858 et
759 1832 862 1865 {flos-sas
884 1839 964 1863 super
987 1831 1099 1864 hymnos
1118 1831 1318 1864 (f1132—1637
1338 1831 1485 1858 continens.
1526 1832 1627 1857 Primis
1652 1833 1726 1864 foliis
1751 1841 1812 1859 eon-

154 1875 288 1901 tz’raenmrs
311 1875 332 1907 f.
347 1879 360 1901 1
382 1874 515 1901 Rubriccae
540 1874 645 1901 clamabas
669 1875 791 1901 manibus
815 1874 1004 1900 recentioribus
1030 1874 1160 1906 scriptae:
1188 1873 1313 1900 Historia.
1338 1883 1359 1899 s.
1378 1873 1533 1901 Clementis
1559 1883 1609 1908 per
1628 1876 1810 1902 Anastasium

157 1918 330 1951 apostolicae
361 1917 432 1944 sedis
457 1917 690 1944 bibliotecarium.
739 1918 765 1944 S.
786 1917 937 1944 Clementis
962 1917 1079 1943 Romani
1105 1924 1196 1950 papae
1223 1917 1242 1942 Ι.
1261 1916 1328 1942 libri
1356 1917 1387 1943 10
1405 1917 1637 1952 recognitionum.
1673 1919 1811 1952 Anonymi

158 1960 251 1994 glossa
276 1960 304 1986 in
326 1960 442 1993 hymnos
469 1960 680 1987 eceiesiasticos.
734 1960 754 1992 s.
770 1962 795 1985 1¹
821 1959 918 1986 Rubra:
944 1958 1045 1992 Incipit
1072 1959 1194 1985 eiusdem
1221 1959 1293 1985 liber
1319 1959 1479 1986 Clementis.
1518 1960 1672 1993 Sequuntur
1699 1962 1810 1994 epistola

158 2003 299 2028 Anastasia
317 2003 350 2034 (s'.
365 2004 469 2035 1‘—2¹)
487 2005 512 2028 et
529 2003 667 2035 praefatio
680 2003 777 2034 Rufini
790 2002 826 2028 ad
841 2002 1025 2027 Gaudentium
1041 2002 1187 2034 episcopam
1201 2002 1251 2033 (ed.
1265 2002 1404 2034 Gersdors,
1422 2006 1492 2033 1338,
1511 2012 1536 2036 p.
1552 2003 1629 2036 1—2)
1643 2004 1675 2036 (f.
1690 2006 1810 2035 2¹-3¹),·

157 2049 177 2078 f.
191 2048 217 2071 3¹
239 2045 372 2071 Ruhrica:
400 2045 476 2072 Finit
501 2045 640 2079 praefatio
667 2045 786 2071 Rufinini
809 2046 840 2079 (J)
866 2045 901 2071 ad
925 2043 1122 2071 Gaudentium.
1159 2044 1261 2079 Incipit
1289 2045 1410 2078 epistola
1437 2045 1587 2072 Clementis
1617 2047 1652 2072 ad
1680 2047 1810 2073 Iacobum

157 2089 275 2115 fratrem
294 2087 405 2114 Domini
423 2088 457 2114 de
476 2087 555 2114 obitu
574 2088 695 2122 apostoli
715 2088 791 2114 Petri
810 2089 838 2114 et
857 2087 890 2114 de
910 2087 1085 2114 ordinatione
1104 2096 1162 2119 sua,
1183 2088 1211 2113 in
1230 2096 1286 2121 qua
1305 2088 1395 2114 omnis
1414 2089 1512 2122 regula
1538 2089 1730 2116 ecclesiastica
1749 2099 1812 2117 con-

158 2131 274 2162 tinetur,
294 2130 424 2164 quoniam
443 2131 557 2157 Rufinus
581 2131 703 2157 eiusdem
729 2131 805 2158 beati
824 2130 974 2157 Clementis
999 2130 1136 2164 interpres
1162 2130 1191 2156 in
1216 2130 1343 2157 antelata
1362 2131 1539 2165 praefatione
1565 2131 1627 2158 ideo
1651 2141 1679 2159 se
1699 2133 1732 2159 de
1752 2133 1812 2159 eius

126 2188 130 2197 ι
160 2173 294 2207 hystoriis
312 2182 366 2200 non
387 2174 563 2208 proposuisse
577 2174 673 2207 (suppl.
683 2174 798 2206 narrat),
817 2173 891 2207 quod
903 2173 969 2200 olim
989 2182 1051 2200 eam
1070 2173 1271 2208 interpretatus
1290 2173 1327 2200 sit
1346 2174 1393 2206 (ef.
1409 2174 1542 2208 Gersdorf
1561 2183 1590 2208 p.
1606 2176 1640 2208 2).
1676 2176 1698 2208 f.
1712 2177 1813 2201 ἴδ’-ες

160 2217 285 2250 Epistola
307 2216 442 2242 Clementis
460 2216 536 2251 (Rey.
550 2216 623 2248 Jaffe'
635 2218 651 2247 ἦ·
665 2218 717 2249 10).
755 2217 873 2243 Codieem
888 2217 1062 2250 perlustravit
1083 2217 1108 2242 C.
1124 2216 1283 2245 Erdman-n:
1302 2217 1439 2249 epistolam
1458 2220 1525 2243 cont.
1544 2217 1576 2243 G.
1592 2218 1687 2244 Laehr.

271 2354 296 2386 ³³²)
316 2353 443 2386 Sequitur
466 2354 496 2380 in
521 2353 611 2380 codd.:
645 2353 769 2387 Explicit
792 2353 931 2388 praefatio
955 2354 991 2380 ad
1017 2353 1195 2388 piissimumu
1221 2353 1375 2388 principem
1412 2355 1441 2380 et
1466 2354 1652 2381 dictatoremo
1680 2355 1812 2381 Karoluin

318 2396 460 2423 Anastasii
479 2396 592 2424 abbatis
611 2399 640 2423 et
658 2396 829 2430 apostolicae
848 2396 921 2423 sedis
940 2396 1150 2424 bibliothecarii
1159 2402 1180 2422 ι’.

265 2483 287 2514 Β)
307 2484 398 2516 scripsi
417 2483 447 2508 Ι).
544 2482 568 2514 ¹³)
588 2488 677 2509 sancta
695 2483 724 2508 P.
822 2484 843 2515 ο)
862 2484 1004 2516 synacheos
1023 2483 1053 2508 P.
1151 2482 1175 2515 d)
1194 2485 1376 2516 contemplatus
1397 2484 1426 2509 P.
1525 2483 1546 2516 e)
1566 2485 1761 2517 praesuptiuum
1785 2484 1811 2508 C.

161 2526 179 2557 f)
201 2527 303 2559 excepsi
323 2526 349 2551 C.
439 2527 463 2558 Β)
482 2527 556 2552 limae
575 2536 640 2552 corr.
651 2535 682 2552 ea·
694 2528 753 2552 lima
769 2526 813 2552 0¹.
905 2526 930 2559 ¹¹)
951 2528 1127 2559 frequentator
1145 2527 1175 2552 P.
1263 2525 1281 2558 i)
1302 2528 1453 2552 amabiliora
1472 2527 1534 2553 add.
1555 2528 1585 2553 1¹.
1674 2526 1700 2558 k)
1719 2536 1766 2552 om.
1782 2527 1812 2552 1’.

160 2569 179 2601 ¹)
202 2569 339 2595 medullam
353 2569 382 2594 Γ.
445 2570 476 2601 m)
496 2571 531 2595 sie
543 2570 617 2595 codd.
687 2569 712 2601 ¹¹)
730 2571 915 2602 amplissimum
935 2570 963 2594 P.
1035 2569 1059 2602 Ο)
1079 2570 1200 2595 dictorem
1221 2570 1250 2594 P.
1322 2570 1346 2601 1³)
1366 2571 1536 2596 bibliotecarii
1556 2570 1587 2595 P.

269 2654 293 2685 1)
315 2653 465 2680 Germanas
483 2654 508 2681 1.
530 2658 666 2681 715—730.
704 2654 758 2687 Qui
775 2657 866 2680 uta-um
884 2657 1030 2681 tractatum
1048 2654 1079 2680 de
1098 2655 1271 2689 Mystayoyia
1289 2663 1318 2680 re
1336 2662 1398 2681 vera
1416 2656 1599 2688 composuerit,
1623 2662 1679 2680 non
1697 2657 1810 2686 constat,

162 2701 198 2728 cl.
215 2696 345 2722 Ehrhard
370 2696 446 2730 apud
469 2697 651 2724 Krmnbacher
667 2697 831 2724 ‘Geschichte
857 2697 903 2723 der
928 2697 1145 2732 byzantiniselaeiz
1163 2697 1312 2724 Literatznr'
1325 2698 1335 2712 ²
1353 2706 1379 2731 p.
1394 2701 1433 2730 67,
1462 2697 1580 2724 Fen-ides
1607 2698 1623 2724 I.
1637 2698 1653 2723 I.
1674 2706 1701 2730 p.
1716 2701 1765 2723 292
1775 2705 1812 2730 sq.

163 2738 297 2765 Latinam
316 2739 452 2766 versionem
466 2740 610 2766 Anastasii
621 2740 658 2766 ad.
672 2740 790 2766 Peto-ides
808 2741 823 2766 I.
838 2740 853 2767 l.
864 2749 892 2773 1).
907 2743 1028 2774 ·30.‘³sqq‚
1042 2743 1092 2767 350
1099 2749 1152 2774 sqq.
1220 2741 1246 2773 2)
1267 2740 1436 2773 Combelisias
1454 2741 1470 2767 l.
1485 2741 1500 2767 l.
1511 2749 1538 2773 p.
1552 2744 1605 2773 519,
1620 2744 1674 2772 522,
1695 2740 1814 2766 Pierides

164 2782 180 2807 1.
196 2782 211 2807 Ζ.
224 2790 253 2815 p.
267 2785 320 2809 302
337 2790 396 2816 cap.
411 2787 446 2814 11,
461 2786 513 2810 305
530 2791 585 2816 cap.
599 2787 621 2815 9,
641 2786 690 2810 363
709 2791 764 2816 cap.
779 2787 818 2810 62.

1558 2834 1607 2861 ῑ,5··*4
