2189 3042
503 183 701 211 EPISTOLAE
719 184 768 212 AD
787 184 854 212 RES
874 185 1104 212 ORIENTALFS
1121 185 1352 213 SPECTANTES
1371 187 1395 212 5.
1409 187 1432 214 6.
1726 189 1787 220 383

143 271 219 303 Ἐὰν
242 273 349 313 εἴπῃςῦ
371 272 481 312 λαϊκῷ,
505 273 699 313 συγγνώμης
722 272 817 309 ἄξιος,
848 273 894 308 ὡς
916 273 1003 313 παρὰ
1027 273 1138 304 λαϊκοῢ
1162 274 1246 314 ἔχων
1268 273 1302 304 τὸ
1326 274 1462 314 ἀξίωμα.
1492 273 1568 304 Ἐὰν
1592 275 1681 314 εἴπῃς
1706 274 1789 314 ἱερεῖ,

145 324 184 355 οὗ
212 325 386 364 προσέχεις,
417 324 461 354 ὅτι
490 324 581 364 τιμὴν
610 324 669 355 οὒκ
702 324 840 364 ἠδύνατο
871 325 981 356 δοῦναι
1010 325 1092 359 ὅστις
1121 325 1213 365 τιμὴν
1245 325 1304 356 οὐκ
1336 327 1454 366 ἔσχενῑ.
1506 325 1609 357 Οὐδὲν
1639 326 1787 367 ἠδυνήθη

145 376 256 407 δοῦναι
283 375 426 410 &conos-¹³
451 375 540 410 ἐκτὸς
562 376 788 415 κατακρίσεως,
818 375 855 416 ἧς
886 377 957 417 ἔσχε
988 376 1038 407 διὰ
1062 380 1115 417 τῆς
1145 377 1318 411 ἐπιθέσεως
1340 380 1394 417 τῆς
1417 377 1546 411 σκολιᾶς
1573 377 1707 418 χειρόςῖ,
1738 376 1792 408 καὶ

145 427 363 467 ἕγκατάκρισιν
388 428 519 458 δέδωκε.
556 427 637 461 Πῶς
660 427 775 467 ὤφειλε
798 428 969 468 λαμβάνειν
992 428 1083 468 τιμὴν
1107 428 1125 459 ὁ
1147 429 1282 468 μέτοχος
1299 429 1439 468 γεγονὼς
1454 432 1509 459 τοῦ
1528 429 1792 469 κατακριθέντος,·

105 490 116 508 5
138 477 228 509 Ἐπεὶ
251 478 304 510 τὸν
327 479 588 519 χειροτονηθέντα
613 479 779 519 ἐλεηθῆναι
803 479 969 515 δυσωπεῖς,
993 479 1112 515 σκόπει,
1140 480 1185 510 ὅτι
1212 479 1265 510 τὸν
1287 481 1548 520 χειροτονήσαντα
1579 480 1675 511 πλέον
1701 492 1788 520 περι-

143 529 275 564 θάλπεις
298 529 376 560 κατὰ
401 530 434 561 τὸ
457 530 520 561 ὑπὸ
543 533 599 561 τοῦ
622 530 736 569 κυρίου
765 531 944 571 εἰρημένον*
974 529 1004 571 (ἢ
1027 532 1177 571 ποιήσατε
1199 531 1234 562 τὸ
1258 531 1392 572 δένδρον
1415 532 1514 563 καλὸν
1536 532 1589 562 καὶ
1612 531 1684 566 τοὺς
1707 543 1786 571 καρ-
1802 548 1879 569 mm„
1890 550 1924 574 12,
1937 550 1972 570 ῃ,

144 581 225 616 ποὺς
255 582 352 612 αὐτοῦ
380 581 498 616 καλοὺς
527 583 546 622 ἢ
576 583 726 623 ποιήσατε
754 581 789 612 τὸ
823 582 956 622 δένδρον
985 582 1109 622 σαπρὸν
1138 582 1191 613 καὶ
1222 582 1295 617 τοὺς
1326 583 1471 623 καρποὺς
1500 583 1597 614 αὐτοῦ
1627 583 1792 624 σαπρούς.’

143 632 241 673 “Μήτι
269 645 303 672 γε
327 634 454 664 δύναται
477 634 496 673 ἡ
521 637 603 674 συκῆ
626 634 788 674 σταφυλὴν
815 637 943 674 ποιῆσαι
967 635 986 674 ἢ
1010 634 1048 674 ἦε
1071 634 1211 674 ἄμπελος
1234 633 1340 672 affixa}
1365 634 1450 666 Ἔδει
1479 636 1592 673 τοίνυν,
1619 635 1666 665 ἵνα
1692 636 1711 676 ἡ
1735 635 1787 666 ε’κ-
1807 653 1924 677 1„‚⁸‚1‚‚

144 685 256 725 κλησία
290 686 377 725 αὕτη,
408 685 450 720 εἷς
479 686 519 725 ἣν
550 685 586 716 τὰ
620 688 745 716 τοιαῦτα
780 685 951 721 ἀνάκειται,
981 686 1175 726 προσφέρειν
1207 685 1368 726 ἐκδίκησιν
1396 686 1630 727 χαλεπωτάτην,
1658 687 1706 717 ἵνα
1740 685 1791 718 διὰ

93 745 118 764 10
145 738 199 776 τῆς
225 737 369 777 τοιαύτης
401 737 595 777 ἐκδικήσεως
626 737 645 777 ἡ
678 737 827 777 ἐκκλησία
859 737 952 777 ὑμῶν
980 737 1088 771 καλῶς
1116 737 1312 778 καθαρισθῇ,
1343 737 1419 768 ἀλλὰ
1448 738 1633 778 συνέχουσιν
1661 739 1745 778 ἡμᾶς
1769 739 1788 779 ἡ

142 787 284 828 πρᾳότης
312 788 366 818 καὶ
395 789 414 829 ἡ
439 788 541 828 φίλων
568 787 685 819 κακία(ἰ
714 789 768 819 καὶ
794 789 967 823 πείθουσιν,
991 789 1072 819 ὥστε
1101 791 1194 819 τινῶν
1216 789 1276 828 μὲν
1304 789 1508 829 ἀνασχέσθαι,
1539 789 1623 820 τινὰθ
1652 790 1686 821 δὲ
1709 801 1788 821 παν-

142 839 239 873 τελῶς
262 840 396 879 ἀφελεῖν.
431 840 487 871 Διὸ
509 840 562 871 καὶ
585 840 806 881 ἀπεστείλαμεν
829 841 864 871 ἒκ
888 843 941 880 τῆς
963 840 1117 880 ἡμετέρας
1139 840 1278 880 πλευρᾶς
1299 839 1372 874 τοὺς
1395 841 1639 881 εὐλαβεστάτους
1663 842 1789 873 ἐπισκό-

142 902 224 925 πους
247 890 443 922 Καπούανον
466 891 737 932 Λανδενοῦλφον3
766 892 819 922 καὶ
844 891 1040 932 Ῥωμανόν4,
1069 892 1144 932 μεθ’
1167 890 1214 923 ὧν
1243 892 1406 923 συνελθεῖν
1436 892 1489 923 καὶ
1519 892 1574 933 τὴν
1605 893 1663 933 σὴν
1691 894 1790 933 ἁγιω-

143 942 241 982 σύνην
256 946 474 983 παραινοῦμεν
489 943 543 973 καὶ
563 942 790 983 Θεοφύλακτον
802 944 1035 984 μητροπολίτην
1048 943 1206 984 Ἀγκύρας
1222 943 1275 974 καὶ
1291 943 1417 984 Πέτρον
1433 943 1487 974 τὸν
1503 944 1657 984 ἡμέτερον
1672 944 1789 982 πιστὸν,

91 1000 115 1019 ¹⁵
144 994 228 1024 οὕτω
251 995 366 1032 μέντοι,
390 995 438 1024 ἴνα
461 995 525 1034 πρὸ
548 995 677 1026 πάντων
700 995 732 1026 ἕν
755 997 800 1035 τῷ
824 994 940 1035 Φωτίῳ
963 998 1009 1035 τῷ
1032 995 1085 1026 καὶ
1106 996 1276 1035 παραβάτῃ
1300 995 1354 1026 καὶ
1377 995 1520 1036 ἀθεμίτῳ
1543 996 1562 1036 ἡ
1587 996 1747 1036 ἀπόφασις
1770 997 1790 1037 ἡ

143 1045 206 1076 ἀπὸ
229 1048 293 1076 τῶν
315 1047 595 1086 προηγησαμένων
617 1046 671 1077 καὶ
695 1047 928 1087 οἷκουμενικῶν
952 1047 1128 1087 ἀρχιερέων
1151 1047 1349 1087 ἐξενεχθεῖσα
1373 1047 1562 1082 συνοδικῶς,
1590 1047 1631 1077 ἔτι
1662 1047 1696 1078 δὲ
1726 1048 1791 1078 ἔπι-

142 1097 328 1137 κυρωθεῖσα
359 1098 412 1128 καὶ
438 1097 525 1137 παρὰ
548 1101 602 1138 τῆς
631 1099 784 1138 ἡμετέρας
810 1098 1062 1139 χθαμαλότητος,
1086 1099 1129 1133 εἷς
1158 1098 1193 1129 τὸ
1225 1098 1366 1139 διηνεκὲς
1395 1099 1550 1139 διαμεῖναι
1578 1099 1788 1139 ἀμετάθετον·

142 1149 196 1179 καὶ
218 1148 291 1183 τοὺς
314 1150 593 1189 χειροτονηθέντας
615 1150 702 1190 παρὰ
730 1149 857 1181 Φωτίου
885 1150 1041 1184 ἐλεοῦντες
1070 1150 1246 1191 ἐκρίναμεν,
1275 1151 1324 1181 ἵνα
1359 1150 1413 1181 καὶ
1439 1151 1716 1191 προσφερομένων
1746 1151 1790 1182 λι-

142 1200 263 1241 βέλλων
286 1201 502 1241 ἡμαρτηκέναι
525 1201 749 1242 ὁμολογήσωσι
778 1202 832 1232 καὶ
863 1201 913 1233 διὰ
935 1202 1103 1242 μετανοίας
1126 1202 1320 1243 συγγνώμην
1347 1203 1517 1242 αι’τήσωσιν
1545 1202 1791 1243 ὑπισχνούμενοι

91 1261 116 1281 2⁰
142 1252 303 1292 μηδέποτέ
324 1264 350 1282 τι
373 1255 514 1283 τοιοῦτον
531 1252 768 1294 ἡμαρτηκέναιῖ.
800 1253 893 1294 Ἑξῆς
915 1254 1036 1284 τούτων
1059 1254 1144 1284 οὕτω
1161 1253 1425 1294 διαπραχθέντων
1448 1253 1501 1285 καὶ
1523 1253 1558 1284 τὰ
1582 1253 1675 1284 λοιπὰ
1690 1255 1791 1285 πάντα

142 1303 178 1334 τὰ
202 1304 235 1334 ἓν
257 1307 303 1344 τῷ
326 1304 470 1344 ἡμετέρῳ
494 1305 656 1344 ἓντάλματι
681 1305 902 1344 διατεταγμένα
932 1305 999 1345 ἅμα
1028 1304 1106 1345 μετὰ
1134 1307 1198 1336 τῶν
1220 1307 1464 1346 προειρημένων
1486 1306 1684 1346 πρωσώπων
1707 1306 1726 1346 ἡ
1750 1306 1789 1347 σὴ

143 1355 304 1396 ἁγιωσύνη
328 1357 549 1396 περαιωσάτω,
576 1357 654 1396 μήτε
680 1356 909 1396 προσθεμένηδ
937 1369 963 1387 τι
993 1357 1073 1397 μήτε
1104 1357 1294 1397 ὑφελομένη,
1325 1358 1404 1398 μήτε
1434 1358 1628 1394 ἒναλλάξασα
1660 1358 1790 1389 τούτων.

147 1406 241 1438 Οὕτω
265 1407 325 1448 γὰρ
348 1408 422 1447 παρ’
440 1408 534 1448 ἡμῶν
557 1408 610 1439 καὶ
632 1410 686 1448 τῆς
709 1410 766 1448 σῆς
789 1407 1033 1448 σεβασμιότητος
1065 1408 1098 1439 ἓν
1120 1411 1157 1449 τῇ
1183 1411 1248 1439 τῶν
1275 1409 1455 1440 θεοπίστων
1486 1410 1638 1449 κοινωνίᾳ
1670 1410 1790 1440 τούτων

141 1459 388 1499 ἀποδεχθέντων
410 1459 456 1493 ὡς
485 1459 604 1490 λαϊκῶν
632 1459 666 1490 τὸ
696 1459 876 1490 σκάνδαλον
900 1459 1157 1500 ἀφανισθήσεται,
1181 1460 1303 1491 τούτων
1333 1460 1367 1491 δὲ
1391 1461 1675 1497 ἀποτελεσθέντων,
1699 1462 1731 1492 εἴ
1746 1473 1791 1496 τις

89 1522 113 1542 25
141 1510 247 1541 αῧτῶν
270 1510 469 1541 ἀπαναίνεται
492 1513 547 1541 τοῦ
571 1513 773 1550 κοινωνῆσαι,
798 1511 979 1550 γινωσκέτω
1004 1510 1116 1541 ἑαυτὸν
1137 1511 1275 1551 μὴεῖναι
1297 1511 1454 1552 μέτοχονῙ]
1471 1515 1525 1552 τῆς
1548 1513 1702 1553 ἡμετέρας
1724 1525 1790 1545 κοι-

139 1562 265 1595 νωνίας.
302 1561 355 1592 Ἐν
378 1561 508 1601 Χριστῷ
531 1562 688 1601 ἔρρωσθε.

949 1735 976 1764 6.

251 1793 410 1825 Iohannes
431 1792 496 1824 IX.
520 1803 611 1833 papa
640 1792 822 1833 Stylianum
845 1793 1138 1825 Neocaesariensem
1169 1795 1345 1835 episcopum
1370 1798 1500 1835 propter
1527 1796 1620 1835 fidem
1647 1796 1789 1829 ecclesiae

142 1844 304 1877 Romanae
327 1844 495 1876 exhibitam
519 1845 639 1876 laudat.
688 1845 774 1885 Quae
790 1845 957 1884 pontifices
978 1844 1118 1877 Romani
1144 1846 1180 1877 de
1203 1846 1331 1887 Iynatio
1354 1850 1381 1878 et
1404 1846 1516 1879 Photio
1539 1850 1566 1879 et
1588 1849 1788 1887 sequentibus

138 1897 330 1936 patriarchis
352 1897 559 1934 decreverunt,
584 1907 620 1928 ea
643 1896 804 1935 firmanda
827 1897 975 1928 decernit.
1601 1899 1704 1939 (899.)

88 1978 114 1997 8⁰
247 1965 333 1991 codd:
352 1965 384 1992 M
399 1968 496 1998 μ125,
513 1964 567 1999 Vs.
580 1969 634 1997 114,
654 1964 699 1991 Ott
717 1966 738 1999 f.
752 1968 809 1997 290,
828 1964 881 1991 Vat
898 1966 918 1998 f.
934 1966 984 1997 73¹,
1003 1964 1063 1991 Bav
1081 1966 1103 1999 f.
1118 1968 1174 1992 385.

244 2016 322 2043 Ede.-
341 2016 432 2043 Rader
446 2024 475 2050 p.
488 2019 546 2043 430.
583 2016 673 2042 Labbe
690 2016 769 2049 VIII,
782 2019 845 2042 1429
859 2028 887 2037 =
903 2016 999 2042 Mami
1012 2016 1095 2048 XVI,
1108 2020 1165 2043 456.
1184 2032 1216 2036 -
1235 2017 1304 2051 Rey:
1322 2018 1399 2050 Jaffe
1415 2021 1479 2045 3522
1496 2019 1594 2052 (2706).

244 2113 370 2149 Ἇξίας*
394 2113 531 2153 χάριτας,
555 2113 717 2152 τιμιώτατε
740 2112 867 2153 ἀδελφέ,
898 2115 934 2153 τῇ
958 2116 998 2154 σῇ
1022 2113 1128 2154 ἀγάπῃ
1153 2113 1366 2155 ἀναφέρομεν,
1394 2114 1440 2145 ὅτι
1471 2114 1624 2146 οὐδέποτε
1647 2114 1711 2146 ἀπὸ
1734 2118 1789 2156 τῆς

143 2168 199 2206 σῆς
218 2164 338 2205 μητρὸς
361 2167 415 2205 τῆς
437 2164 547 2204 ἁγίαςῧ*
569 2164 746 2205 καθολικῆς
768 2164 821 2195 καὶ
844 2164 1054 2205 ᾶποστολικῆς
1067 2164 1269 2206 Ῥωμαϊκῆςῑ)
1292 2166 1460 2206 ἐκκλησίας
1483 2166 1688 2206 παρεκκλῖναι
1710 2167 1788 2207 ἠθέ-

253 2294 276 2326 *)
296 2293 374 2319 Haec
401 2292 511 2325 epistola
535 2293 669 2325 responsio
692 2295 731 2319 est
754 2293 877 2326 epistolae
899 2292 1018 2327 Styliani
1043 2293 1198 2327 deperditae,
1225 2294 1304 2321 cuius
1331 2294 1431 2321 codices
1456 2294 1504 2321 hoc
1528 2294 1606 2321 modo
1632 2295 1788 2321 mentionem

89 2347 113 2366 35
296 2337 417 2369 faciunt:
441 2335 499 2361 Ἐπὶ
523 2335 621 2364 τούτοις
647 2335 736 2366 ἰστέον,
762 2336 800 2361 ὅτι
825 2336 840 2361 ό
862 2336 957 2365 Μάπας
976 2336 991 2361 ὅ
1014 2337 1205 2370 μητροπολίτης
1229 2336 1441 2370 Νεοκαισαρείας
1467 2337 1481 2362 ὅ
1505 2337 1648 2366 Στυλιανὸς
1671 2338 1736 2371 μετὰ
1761 2338 1789 2364 τὸ

296 2378 422 2409 δέξασθαι
445 2378 508 2412 τὴνΩ
527 2378 664 2412 ἐπιστολὴν
687 2382 732 2405 τοῦ
756 2379 830 2405 πάπα
852 2379 1022 2412 Φορμώσουᾱ
1047 2379 1093 2413 τὴν
1116 2380 1309 2414 ἀνενέργητονῡ,
1333 2380 1428 2409 καθὼς
1452 2381 1590 2414 γέγραπται
1608 2380 1636 2407 ἓν
1652 2384 1705 2410 τοῖς
1723 2391 1788 2414 προ-

227 2458 251 2489 ¹⁸)
269 2455 324 2482 εἷπε
342 2458 374 2482 M
377 2466 386 2487 ;
406 2456 464 2489 εἲπη
484 2466 550 2482 corr.
564 2466 594 2482 ex
611 2455 666 2482 εἷπε
685 2457 750 2484 Bav.
855 2457 880 2489 b)
903 2457 998 2490 Φωτίῳ
1017 2458 1055 2490 M,
1068 2458 1116 2490 Oet,
1131 2458 1188 2490 Vat,
1201 2459 1266 2485 Bav.
1372 2460 1394 2491 0)
1414 2468 1461 2485 om.
1480 2458 1509 2491 V,
1523 2460 1589 2485 Bav.
1661 2458 1684 2491 d)
1722 2459 1789 2492 φιλι·

141 2500 223 2526 κακία
242 2510 308 2526 corr.
323 2509 353 2526 ex
371 2499 444 2532 φιλία
462 2500 544 2525 κακία
567 2500 622 2531 om
645 2499 707 2533 φίλη
727 2500 810 2526 κακία
827 2501 884 2527 Vat.
1002 2501 1025 2533 e)
1044 2503 1121 2526 τινῶν
1146 2500 1204 2528 Vat.
1328 2501 1347 2534 f)
1366 2501 1563 2535 ἁμαρτήσεσθαι
1587 2503 1788 2536 intelligendum.

116 2548 122 2553 '
141 2543 167 2567 m
185 2541 337 2576 προθεμένη
357 2544 394 2574 Μ,
411 2544 457 2574 On,
470 2543 535 2569 Bav.
623 2543 648 2575 h)
666 2543 772 2575 μέτριον
790 2544 854 2570 Βαυ.

89 2596 114 2614 40
229 2586 252 2612 6.
282 2586 306 2617 ⁵)
331 2585 377 2611 καὶ
402 2587 464 2612 add.
477 2587 541 2612 Bav.
629 2586 654 2617 b)
674 2596 723 2612 om.
741 2587 796 2618 Vat,
815 2588 851 2612 al.
863 2596 895 2612 m.
909 2587 971 2612 adol.
983 2587 1049 2613 Bav.
1142 2588 1164 2620 c)
1182 2587 1444 2621 τὴν-ἇνενέργητον
1462 2598 1510 2615 om.
1523 2589 1588 2614 Bav.
1677 2588 1701 2620 d)
1720 2598 1788 2621 φορ-

140 2629 224 2661 μόσου
243 2629 280 2660 Μ,
298 2630 352 2654 Vat.

230 2705 254 2737 1)
276 2705 317 2739 Cf.
331 2713 416 2739 supra
431 2714 459 2739 p.
472 2709 519 2733 361
537 2706 553 2732 Ζ.
568 2710 601 2732 17
616 2709 638 2733 et
656 2714 721 2732 ann.
734 2709 757 2733 3.
845 2706 872 2738 2)
895 2706 933 2740 Cf.
947 2714 1030 2739 supra
1044 2715 1072 2740 p.
1088 2710 1137 2734 376
1156 2707 1172 2733 l.
1182 2711 1222 2735 18.
1310 2708 1336 2742 3)
1352 2708 1392 2742 Of.
1405 2716 1490 2741 suffla
1503 2717 1533 2742 p·
1548 2712 1593 2735 191
1612 2717 1638 2735 n.
1652 2712 1787 2738 213-216,

141 2757 169 2782 p.
185 2751 238 2774 224
256 2756 283 2774 n.
296 2751 350 2774 256.
455 2750 483 2781 4)
502 2749 653 2775 Faraensem
676 2749 835 2782 episcopum,
860 2749 908 2782 qui
932 2749 1011 2775 etiam
1029 2749 1172 2777 donationi
1189 2751 1297 2778 cwidam
1315 2761 1332 2777 a
1354 2751 1497 2778 Dzeodosio
1516 2752 1635 2785 episcopo
1654 2751 1788 2778 Firmano

143 2798 232 2817 coram
252 2791 356 2818 Karozo
368 2792 424 2820 111.
443 2795 532 2826 factae
550 2801 574 2819 a.
591 2796 642 2820 887
654 2801 749 2819 nomen
767 2801 847 2818 suum
869 2792 995 2819 subscribi
1013 2793 1082 2826 fecit,
1101 2796 1134 2829 cf.
1149 2795 1245 2821 Mansi
1266 2794 1329 2821 Con.
1342 2803 1413 2822 conc.
1429 2795 1546 2827 XVIII,
1559 2798 1597 2821 57.
