2189 3042
635 163 812 190 IOHANNIS
833 163 904 190 VIII.
924 163 1043 190 PAPAE
1069 163 1267 191 EPISTOLAE
1289 165 1330 192 46.
1349 166 1390 191 47.
1795 170 1834 198 45

189 250 252 290 qui,
277 251 357 281 sicut
373 250 519 290 diximus,
544 250 614 291 plus
631 250 777 281 omnibus
800 251 980 282 necessario
996 250 1188 291 laboramus,
1213 252 1331 283 nullum
1348 252 1492 283 laborem
1516 252 1699 294 nullamque
1716 253 1834 284 tolera-

186 300 284 331 bilem
313 301 495 332 molestiam
524 302 665 342 corporis
689 301 920 341 recusabimus,
946 302 1113 342 quominus
1137 302 1308 335 adiuvante
1332 303 1469 334 Domino
1494 314 1551 345 pro
1575 305 1670 335 tantis
1693 305 1832 336 necessi-

186 353 304 384 tatibus
328 354 520 392 vobiscum³,
552 354 757 394 preveniente
782 354 908 385 Christo
937 354 1080 385 laborem
1110 358 1266 394 nostrum,
1294 355 1427 386 viriliter
1454 356 1664 386 insistamusb.
1711 356 1832 387 Forsan

188 406 390 446 omnipotens
413 405 501 436 Deus
531 404 683 436 adhibitis
713 406 774 436 tuis
802 405 965 436 laboribus
993 408 1152 436 tantorum
1184 407 1384 447 pereuntium
1414 406 1618 438 miserebitur
1646 410 1678 438 et
1705 407 1833 438 dolores

155 466 167 484 5
187 459 311 487 nostros
334 457 481 487 auferens
506 456 617 497 federa
641 467 711 487 cum
736 457 851 497 iniquis
874 457 1007 497 paganis
1031 467 1049 487 a
1072 457 1264 488 vestratibus
1287 457 1373 488 facta
1397 457 1557 497 dissolvet,
1581 458 1644 497 ubi,
1673 469 1832 499 rogamus,

187 508 308 538 cunctis
331 507 496 538 conatibus
519 507 628 548 sudes,
659 509 733 548 quia
762 510 849 538 tanto
879 507 918 538 de
942 508 1088 548 profectu
1113 509 1156 539 tui
1181 509 1363 539 certaminis
1386 509 1478 540 letari
1506 520 1685 550 speramus,
1715 513 1832 550 quanto

187 561 219 589 te
244 559 274 589 in
298 558 358 589 hoc
383 568 481 599 opere
505 561 747 599 cooperatorem
772 562 914 589 nostrum
938 558 1058 589 habere
1083 559 1279 590 confidimus.
1318 560 1448 591 Interim
1474 571 1670 601 magnopere
1690 561 1831 601 postula-

187 620 271 647 muS,
299 613 348 649 ut,
377 610 525 651 quicquid
554 611 619 641 sive
648 610 688 640 de
718 609 923 640 dromonibus
952 610 1139 650 dirigendis,
1169 612 1234 641 sive
1264 611 1303 642 de
1327 612 1432 652 impiis
1459 613 1561 653 pactis
1589 612 1748 643 solvendis
1776 623 1833 653 per

187 665 274 692 tuam
303 662 477 693 sollertiam
500 662 552 693 vel
582 672 641 703 per
668 662 774 692 fratris
804 662 849 691 tui
879 661 1096 701 obedientiam
1124 662 1252 693 effectui
1283 662 1378 693 fuerit
1406 663 1530 703 datum,
1561 664 1711 695 citissime
1742 663 1832 694 nobis

147 722 170 740 10
189 717 299 744 sancta
322 716 376 744 tua
400 713 581 744 fraternitas
605 713 744 754 scriptim
769 712 948 753 significare
972 716 1132 753 procuret.

290 774 384 798 DATA
404 774 472 798 VXC
491 774 673 798 KALENDAS
696 775 785 804 MAII,
806 774 1005 798 INDICTIONE
1024 774 1052 797 X.

984 891 1034 919 47.

293 940 451 972 Iohannes
474 938 570 971 VIII.
592 949 683 979 papa
709 939 897 979 Greyorimn
919 939 1114 978 {materialem
1132 939 1346 979 paeclayoyum
1369 950 1390 970 a
1412 940 1539 972 Basilio
1561 941 1622 980 (I.)
1646 941 1833 980 ἱυψθναέονσ

185 1002 255 1023 cum
278 992 416 1023 exercitu
438 991 651 1022 Beneventum
673 991 803 1022 missum
825 990 960 1026 salutat;
982 993 1079 1030 royat,
1102 993 1138 1021 ut
1160 991 1220 1022 sibi
1242 990 1343 1022 decem
1366 991 1531 1023 chelandia
1554 1003 1649 1031 quam
1672 993 1767 1024 citius
1790 994 1833 1024 ad

185 1042 279 1075 litora
302 1054 323 1074 a
345 1043 518 1076 Saracenis
540 1043 748 1082 expuryanda
770 1043 883 1073 mittat.
1512 1044 1576 1074 877
1599 1044 1678 1083 Apr.
1696 1045 1745 1075 17.

143 1111 166 1130 15
299 1103 372 1130 Coei.-
402 1102 428 1129 R
462 1105 523 1129 .23¹
542 1111 569 1129 oz.
582 1106 622 1128 47.

289 1150 380 1176 Eclcl.:
408 1105 501 1176 Editio
520 1149 646 1176 Romana
664 1150 747 1182 (1591)
767 1149 822 1181 III,
843 1152 894 1175 328
913 1157 939 1174 η.
955 1152 994 1175 46.
1031 1149 1126 1175 Mavsz'
1146 1148 1224 1175 Cone.
1236 1149 1290 1174 coll.
1308 1149 1404 1181 XVII,
1424 1153 1455 1175 42
1473 1154 1550 1176 ww.
1588 1150 1681 1184 Miyne
1699 1150 1772 1176 Patr.
1787 1151 1832 1176 lat.

185 1192 325 1225 CXXVI,
348 1196 396 1219 727
412 1202 439 1219 n.
455 1195 490 1219 73.
511 1208 542 1211 —
561 1192 634 1224 Jaffci
654 1192 718 1225 Rey.
733 1195 799 1218 3092
816 1192 909 1225 (2321).

608 1271 781 1295 IOHANNES
804 1271 976 1295 GREGOfflO
1000 1271 1179 1294 IMPERIALI
1202 1270 1412 1295 PEDAGOG01.

292 1321 456 1353 Gloria1n2
483 1324 590 1352 tuam²
618 1321 678 1352 hac
711 1321 910 1362 apostolatus
940 1322 1040 1351 nostri
1073 1321 1210 1361 epistola
1240 1321 1337 1351 missa
1368 1321 1514 1361 primitus
1545 1322 1765 1361 exhortamur,
1800 1327 1833 1354 ut

141 1385 165 1403 20
185 1373 335 1404 divinitus
358 1373 451 1404 datas
474 1373 627 1403 sanitates
652 1372 874 1403 desiderabilis
897 1372 952 1402 filii
975 1373 1074 1403 nostri
1094 1372 1227 1403 Basilii2
1243 1372 1493 1413 tranquillissimi
1517 1373 1719 1414 imperatoris
1742 1374 1833 1405 nobis

184 1425 353 1466 significes,
401 1424 553 1465 Gupimus
585 1424 669 1455 enim
693 1423 787 1454 valde
816 1424 952 1455 salutem
981 1424 1048 1454 eius
1076 1424 1181 1464 anime
1213 1423 1305 1454 simul
1334 1426 1366 1454 et
1396 1425 1537 1465 corporis
1568 1435 1694 1466 semper
1723 1426 1832 1456 audire

184 1480 337 1518 tanquam
354 1476 486 1517 piissimi
503 1476 750 1516 propugnatoris
767 1475 947 1506 orthodoxe
964 1475 1048 1507 fidei.
1089 1475 1249 1506 Gratulati
1265 1478 1374 1506 autem
1390 1487 1498 1507 sumus
1514 1476 1682 1507 audientes
1698 1477 1832 1518 gloriam

183 1532 272 1559 tuam
289 1528 444 1559 directam
461 1538 532 1558 cum
548 1527 620 1558 Deo
638 1527 863 1558 conservandis
880 1527 1075 1558 exercitibus
1095 1538 1114 1557 a
1129 1527 1272 1568 predicto
1291 1527 1440 1558 divinitus
1457 1528 1676 1569 protegendob
1693 1530 1831 1570 impera—

184 1580 273 1611 toreb
298 1580 330 1610 in
353 1582 461 1620 partes
484 1579 786 1610 Beneventanorum
810 1578 934 1609 venisse
945 1578 967 1617 ³,
995 1581 1060 1609 tam
1086 1579 1173 1619 quia,
1201 1579 1322 1619 gratias
1345 1578 1431 1619 Deo,
1459 1580 1558 1620 ipsius
1582 1579 1731 1611 divinitus
1758 1591 1831 1621 pro—

140 1641 164 1661 25
183 1634 310 1662 vectum
333 1632 522 1672 imperium⁰
538 1631 569 1661 in
587 1630 805 1661 defensionem
823 1630 1071 1661 Christianitatis
1088 1630 1141 1671 pio
1161 1630 1230 1661 zelo
1254 1640 1440 1661 succensum
1465 1631 1583 1661 classes
1607 1635 1638 1662 et
1662 1632 1832 1663 militarem

182 1683 321 1714 validam
352 1693 482 1713 manum
515 1685 625 1713 contra
654 1683 799 1713 inimicos
830 1683 930 1712 crucis
955 1681 1071 1712 Christi
1101 1682 1228 1713 mittere
1258 1684 1453 1723 procuravit,
1486 1693 1581 1723 quam
1610 1684 1684 1724 quia
1715 1687 1746 1714 te
1777 1695 1832 1725 pre

183 1735 298 1765 ceteris
322 1734 364 1765 ad
387 1737 509 1765 tantum
527 1745 606 1775 opus
627 1744 698 1764 cum
714 1734 776 1765 Dei
801 1733 921 1764 auxilio
938 1733 1160 1775 peragendum
1184 1734 1292 1774 elegit,
1317 1745 1412 1775 quem
1437 1734 1615 1765 audivimus
1638 1735 1669 1765 in
1686 1735 1831 1765 omnibus

182 1790 346 1817 strenuum
375 1788 408 1816 et
434 1786 496 1816 Dei
525 1786 678 1816 cultorem
708 1785 905 1816 industrium.
952 1785 1002 1816 De
1033 1788 1139 1816 cetero
1168 1785 1328 1817 credimus
1357 1786 1438 1817 scire
1470 1787 1534 1816 iam
1564 1787 1832 1827 magnificentiam

181 1841 283 1877 tuam,
315 1837 452 1878 qualiter
480 1837 619 1878 quedam
648 1837 896 1868 latrunculorum
924 1838 1147 1878 Agarenorum
1176 1848 1293 1878 sagene
1323 1838 1454 1868 occultis
1484 1838 1709 1879 irruptionibus
1739 1838 1832 1868 litora

138 1900 163 1918 30
181 1893 289 1920 nostra
318 1889 486 1920 devastent
514 1892 560 1929 et,
590 1889 664 1930 quia
691 1889 799 1929 palam
828 1899 938 1919 ausum
967 1899 1029 1919 non
1056 1888 1208 1928 habentd,
1239 1889 1363 1919 furtivis
1387 1889 1671 1930 depredationibus
1695 1890 1831 1930 plurima

181 1941 273 1972 huice
290 1943 398 1980 sancte
415 1940 478 1971 Dei
500 1940 646 1980 Romane
672 1940 806 1981 ecclesie
832 1940 947 1971 damna
971 1940 1191 1981 multipliciter
1214 1940 1359 1972 inferant.
1399 1940 1602 1982 Quapropter
1625 1941 1707 1972 bene
1732 1942 1832 1971 visum

182 1991 246 2023 ests
260 1992 371 2023 nobisg
388 1992 511 2023 litteras
534 1995 658 2023 nostras
682 1991 738 2022 tibi
763 1992 989 2031 transmittere,
1013 1995 1048 2022 ut
1064 1991 1115 2022 vel
1137 1991 1249 2022 decem
1270 1991 1353 2022 bona
1378 1995 1410 2022 et
1434 1992 1605 2032 expeditah
1624 1992 1832 2023 chelandia¹¹4

181 2043 223 2074 ad
254 2047 381 2085 portum
411 2046 553 2074 nostrum
583 2044 779 2074 transmittas
811 2043 853 2074 ad
882 2043 977 2074 litora
1005 2046 1114 2074 nostra
1144 2043 1183 2073 de
1214 2042 1275 2073 illis
1308 2043 1430 2074 furibus
1461 2046 1493 2074 et
1521 2044 1641 2084 pyratis
1671 2044 1832 2074 Arabibus

182 2095 407 2136 expurganda,
437 2095 522 2136 quod
552 2095 656 2125 citiusi
682 2098 714 2126 et
737 2095 804 2126 sinc
828 2095 935 2136 aliquo
959 2095 1189 2136 impedimento
1213 2105 1310 2136 agere
1334 2097 1484 2135 poterunt
1507 2095 1678 2127 adiuvante
1702 2096 1834 2126 dextera

138 2156 162 2175 35
181 2146 326 2187 Excelsi,
358 2157 418 2188 que
449 2147 644 2188 principibus
671 2147 891 2188 apostolorum
922 2146 1194 2177 intercedentibus
1223 2146 1443 2177 concertabitk
1470 2150 1503 2177 et
1529 2147 1735 2177 auxiliabitur
1762 2146 1832 2177 illis.

180 2198 218 2229 In
241 2209 313 2239 quo,
337 2199 433 2229 michi
458 2199 563 2238 crede,
587 2202 714 2240 gratum
738 2199 879 2230 animum
903 2199 1045 2240 piissimo
1069 2199 1255 2239 imperatori
1279 2198 1388 2237 facies,
1412 2199 1437 2228 si
1461 2199 1492 2228 in
1516 2199 1576 2230 hoc
1600 2199 1833 2230 admonitiones

181 2253 304 2281 nostras
321 2250 485 2290 audie1-is1,
503 2251 587 2292 quia,
605 2261 675 2281 cum
693 2251 733 2281 sit
750 2250 1037 2282 Christianissimus
1053 2250 1115 2281 Dei
1132 2254 1256 2281 amator
1273 2252 1305 2280 et
1322 2249 1530 2281 ecclesiarum
1546 2250 1675 2281 Domini
1692 2250 1832 2281 fervidus

180 2304 414 2343 propugnator,
444 2312 507 2332 non
535 2303 655 2343 poteris
682 2302 810 2341 illumm,
841 2302 866 2333 si
895 2305 1019 2333 tantum
1049 2303 1151 2333 hancu
1175 2305 1303 2342 sancten
1328 2302 1482 2342 ecclesie11
1506 2305 1650 2342 partemn
1674 2302 1831 2333 studueris

283 2396 306 2427 a)
326 2404 371 2428 pre
390 2397 523 2422 vobiscum
542 2397 574 2423 R.
662 2396 686 2429 b)
706 2406 721 2423 a
742 2407 808 2423 corr.
822 2406 852 2422 em.
871 2399 878 2422 i
897 2398 929 2423 R.
1018 2398 1041 2429 ⁰)
1060 2399 1095 2423 sic
1114 2398 1146 2423 R.

136 2455 162 2474 40
283 2447 324 2473 47.
353 2448 376 2480 ¹²)
396 2457 463 2473 corr.
482 2457 513 2473 ex
535 2449 618 2480 glorie
640 2453 684 2480 tue
708 2449 740 2474 R.
841 2449 865 2481 b)
889 2450 1043 2482 protegendo
1066 2451 1116 2474 im-
1138 2450 1165 2474 in
1183 2458 1236 2474 ras.
1257 2449 1289 2474 R.
1395 2450 1416 2479 c)
1441 2449 1546 2480 impium
1570 2457 1636 2473 corr.
1656 2449 1682 2472 ln
1706 2450 1775 2480 pium
1800 2448 1830 2471 B.

176 2489 204 2524 d)
224 2496 271 2517 -nt
287 2492 315 2516 in
333 2500 385 2516 ras.
405 2492 437 2516 B.
521 2491 544 2523 Β)
564 2492 640 2517 huius
660 2492 692 2516 R.
774 2491 793 2524 f)
812 2501 879 2517 corr.
893 2501 923 2517 ez
942 2501 969 2517 es
987 2493 1022 2517 al.
1035 2501 1104 2517 τηαπ.
1124 2492 1156 2518 R.
1240 2492 1265 2524 Β)
1285 2500 1297 2516 s
1315 2500 1396 2523 supra
1415 2492 1510 2515 lineam
1528 2491 1589 2516 add.
1608 2491 1640 2516 R.
1719 2490 1744 2521 h)
1764 2499 1829 2515 corr.

181 2543 211 2559 ez
234 2535 337 2567 expedit
354 2535 442 2559 achel·
461 2535 496 2559 al.
516 2543 586 2559 man.
605 2535 637 2560 R.
729 2535 747 2568 i)
767 2544 794 2560 -s
813 2544 879 2561 corr.
899 2545 929 2561 em
948 2545 989 2561 —m
1007 2537 1042 2561 al.
1060 2544 1129 2560 man.
1148 2536 1180 2560 R.
1269 2533 1293 2566 k)
1313 2535 1471 2559 concertavit
1489 2534 1520 2558 R.
1608 2533 1625 2565 ¹)
1645 2535 1693 2558 -ris
1717 2542 1782 2559 corr.
1801 2542 1831 2558 esu:

181 2586 232 2602 -res
250 2578 285 2602 al.
298 2586 368 2602 man.
382 2577 414 2602 R.
502 2577 534 2610 m)
553 2578 646 2603 excidit
664 2579 710 2603 tibi
729 2579 864 2611 gratiorem
882 2579 996 2610 reddere,
1015 2588 1099 2611 quani,
1118 2579 1181 2603 sicut
1199 2578 1251 2602 iam
1270 2578 1390 2602 editiones
1406 2577 1464 2602 inde
1479 2586 1496 2601 α
1511 2577 1628 2602 Romana
1641 2577 1830 2608 suppleverunt,

183 2621 223 2645 vel
240 2621 322 2646 simile
340 2621 402 2652 quid
420 2620 452 2646 R.
540 2622 564 2651 ¹²)
582 2621 650 2646 hauc
673 2625 763 2646 sancta
781 2622 888 2647 ecclesia
906 2626 979 2654 parte
1001 2621 1029 2646 R.

136 2694 161 2712 45
287 2689 312 2721 l)
333 2688 386 2721 Qui
404 2690 531 2720 praeerat
553 2688 631 2714 stolio
652 2688 785 2722 imperiali
808 2689 863 2714 iam
881 2697 906 2715 a.
920 2692 968 2715 873
986 2697 1002 2713 α
1022 2689 1126 2714 Basilio
1145 2688 1166 2713 I.
1186 2688 1215 2713 in
1236 2691 1327 2720 partes
1347 2687 1442 2713 Italiae
1460 2687 1551 2718 Μίδεω
1575 2687 1609 2718 cf.
1628 2686 1766 2713 Diimmlcr
1783 2686 1799 2712 Ι.
1813 2686 1828 2711 Ι.

180 2730 218 2756 11
222 2732 240 2763 ²,
260 2734 325 2762 371;
349 2731 422 2764 111²,
442 2734 487 2763 24,
507 2734 549 2757 48.
654 2732 681 2764 2)
707 2731 731 2758 Ι.
754 2735 885 2759 867-86.
991 2732 1017 2764 3)
1039 2731 1122 2764 Quem
1145 2733 1279 2757 rocarerat
1298 2730 1453 2763 Adalyisz'zas
1472 2730 1599 2763 princeps
1622 2739 1646 2755 a.
1666 2732 1714 2755 873
1738 2730 1829 2754 contra

180 2773 315 2800 Lurlovici
337 2773 379 2800 ΙΙ.
398 2773 565 2807 imperatoris
583 2774 678 2801 minas.
766 2775 792 2807 4)
811 2774 958 2807 ‘ze-Zdvdca',
977 2774 1140 2807 naz-illiorum
1161 2773 1266 2807 species,
1284 2782 1306 2800 r.
1327 2773 1375 2799 Da
1392 2772 1480 2805 Canac
1500 2772 1584 2798 Gloss.
1603 2780 1622 2797 s.
1638 2780 1658 2798 ν.

1849 265 1876 284 cf.
1890 266 2000 289 [Cor-15.
2009 268 2041 286 10.

1849 1696 1876 1716 cs,
1891 1695 1946 1715 Phil.
1960 1697 1977 1716 3.
1988 1698 2020 1715 18.

1848 2106 1876 2125 cf.
1891 2106 1924 2126 rs.
1936 2107 1968 2129 τε,
1980 2108 2011 2126 ιι.
