2189 3042
196 963 220 980 10

196 1262 219 1280 15

195 1518 219 1536 20

192 1774 217 1793 25

193 2031 217 2049 30

193 2287 218 2306 35

193 2577 219 2595 40

674 177 851 203 IOHANNIS
870 177 944 204 VIII.
965 177 1083 204 PAPAE
1106 178 1304 205 EPISTOLAE
1327 179 1384 205 260.
1404 179 1462 205 261.
1832 183 1888 213 231

241 264 440 295 Liutuuardo
458 264 633 295 venerabili
651 266 758 304 sancte
772 263 985 294 Bereellensis
1003 264 1137 304 ecclesie
1155 265 1324 305 episeopo1
1337 265 1514 296 mediatore
1533 266 1691 298 existente
1707 266 1892 307 mandastis,

240 315 464 356 presentaliter
488 315 579 346 nobis
603 315 780 356 adimplere
805 316 973 356 satagatis,
1002 316 1076 356 quia
1100 326 1156 346 nos
1181 326 1233 356 ea,
1259 326 1320 357 que
1345 317 1434 347 vobis
1458 318 1676 358 promisimus,
1702 319 1893 349 omnimodis

241 366 502 407 adimplebimus,
538 370 592 397 aut
623 366 755 397 eosdem
786 367 932 397 infideles
960 370 1085 398 nostros
1115 367 1225 408 procul
1254 378 1273 398 a
1300 368 1393 398 nobis
1417 368 1601 409 expellatis,
1634 372 1669 399 ut
1691 369 1778 400 nulla
1801 370 1892 400 nobis

241 417 376 448 adversa
400 418 450 448 vel
475 419 632 449 contraria
656 418 785 448 valeant
808 418 1010 459 aliquatenus
1034 418 1148 457 moliri,
1174 429 1339 460 quousque
1363 419 1434 450 Deo
1459 421 1597 461 propitio
1622 431 1678 451 vos
1702 422 1862 452 veneritis.

344 488 482 517 QUARTO
505 488 583 511 IDUS
610 487 831 517 SEPTEMBRIS,
852 488 1052 512 INDIC'PIONE
1071 488 1153 513 XIIII.

1032 671 1103 701 261.

348 728 506 759 Iohannes
524 727 619 758 VIII.
632 738 723 767 papa
736 728 917 760 Romanum
933 729 1198 768 arehiepiscopum
1216 730 1431 761 Ravennatem
1452 730 1495 760 ad
1510 731 1662 770 synodum
1678 731 1707 762 cl.
1722 733 1750 762 7.
1761 731 1890 762 Novem-

239 781 304 811 bris
331 779 546 810 e'elebramlmn
573 782 662 810 vocat
690 780 733 810 ad
760 790 875 810 causas
899 780 1074 811 Deusdedit
1102 781 1192 811 ducis
1217 781 1446 821 (Ravennatis)
1476 784 1504 812 et
1526 782 1694 813 IIIaiorani
1717 783 1892 823 presbyteri

238 841 471 870 responsurum.
1566 834 1628 863 880
1653 833 1736 874 Sept.
1753 834 1803 865 29.

353 898 430 924 Cod.:
458 898 484 924 R
502 900 522 931 f.
538 902 587 924 104
606 907 632 924 π.
646 902 704 925 263.

343 950 427 976 Εᾱ(ἷ.;
455 949 549 975 Editio
563 950 690 975 Romana
703 950 788 983 (1591)
803 950 860 982 III,
875 955 922 976 476
940 960 967 976 η.
979 954 1031 977 233.
1063 951 1158 976 Mansz·
1174 949 1250 976 Cone.
1264 951 1317 976 coll.
1335 950 1433 983 XVII,
1449 955 1496 977 188
1514 954 1610 977 21.25.3.
1643 952 1737 985 Miyne
1755 953 1832 978 Patr.
1847 953 1891 978 lat.

241 993 325 1019 CXX
333 993 377 1025 VI,
399 996 445 1019 :112
463 1001 489 1018 n.
504 996 562 1019 299.
584 1007 614 1011 -
634 992 706 1024 Jaffe'
725 993 786 1027 Ray.
801 996 865 1019 3325
883 994 978 1027 (2546).

724 1089 868 1113 ROMANO
892 1088 1163 1113 ARCHIEPISCOPO
1186 1088 1410 1112 RAVENNAT12.

348 1143 430 1178 Quia
455 1143 583 1183 bellica,
615 1145 712 1175 immo
738 1143 919 1174 Saracenaa
943 1142 1139 1183 impediente
1164 1142 1311 1183 angustia
1334 1142 1424 1172 iuxta
1448 1152 1555 1172 sacros
1579 1144 1748 1183 canones-³,
1778 1147 1890 1184 quarto

239 1195 361 1225 scilicet
378 1195 449 1225 idus
463 1195 622 1235 Octobris,
640 1195 807 1236 synodum,
824 1196 906 1225 sieut
918 1194 1132 1232 volueramus,
1149 1193 1314 1224 celebrare
1332 1194 1541 1234 nequivimus,
1560 1197 1716 1234 oportune
1734 1195 1891 1235 valdeque

239 1248 420 1277 necessario
445 1257 520 1277 sane
543 1247 750 1287 previdimus,
774 1250 809 1276 ut
831 1246 933 1276 haneb
951 1245 1085 1276 eandem
1104 1245 1178 1276 VII.
1196 1245 1285 1275 idus⁰
1302 1245 1494 1275 Novembris
1518 1246 1608 1276 istius
1632 1250 1743 1287 quarte
1768 1246 1891 1286 decime

238 1297 444 1328 indictionis4
467 1299 639 1329 adiuvante
663 1298 802 1332 Domino
827 1307 1049 1328 convocemus.
1090 1296 1294 1337 Quapropter
1318 1297 1581 1328 sanctimoniamd
1606 1301 1693 1328 tuam
1718 1298 1891 1336 hortamur,

239 1354 273 1380 ut
303 1349 343 1380 ad
373 1350 459 1380 idem
490 1353 616 1391 tempus
646 1350 712 1381 sine
744 1350 830 1380 omni
859 1360 962 1388 mora,
996 1350 1093 1380 immo
1126 1349 1310 1379 occasionee
1340 1349 1537 1389 postpositad
1566 1349 1703 1379 Romam
1735 1360 1892 1385 occurras,

239 1401 412 1442 quatenusf
430 1411 484 1440 ea,
510 1412 570 1442 que
595 1401 636 1432 ad
660 1402 835 1432 honoremss
859 1402 924 1432 sive
947 1401 1120 1431 utilitatem
1145 1403 1252 1440 sancte
1277 1400 1338 1431 Dei
1364 1400 1497 1440 ecclc-sie
1522 1401 1697 1441 pertinent,
1725 1401 1890 1432 nobiscum

240 1453 367 1484 ordines
391 1456 423 1483 et
447 1453 585 1483 diffinias
610 1457 642 1483 et
665 1454 765 1483 sancti
790 1452 925 1493 Spiritus
949 1453 1053 1493 gratia
1077 1452 1240 1483 revelante
1265 1455 1339 1482 voto
1364 1453 1524 1482 communi
1549 1452 1711 1483 decernas.
1762 1453 1890 1483 Interea

238 1505 402 1545 negotium
430 1505 489 1535 viri
516 1504 645 1535 illustris
669 1504 850 1535 Deusdedit
878 1504 1009 1545 gloriosi
1033 1504 1152 1543 ducis&
1187 1504 1240 1544 qui
1266 1504 1428 1534 nostrumh
1453 1504 1648 1544 pontificium
1673 1504 1752 1534 adiit
1783 1504 1891 1535 dicens

237 1567 271 1586 se
295 1567 314 1586 a
338 1560 391 1586 tua
415 1555 556 1587 sollertia
586 1566 643 1596 pro
669 1556 816 1597 coniugio
845 1566 899 1595 sue
924 1556 1048 1595 uxoris,
1084 1566 1179 1596 quam
1204 1555 1288 1585 illius
1312 1556 1584 1596 consanguineam
1609 1556 1717 1586 fateris
1742 1557 1890 1595 existere,

237 1608 459 1638 communione
495 1608 669 1647 privatum,
706 1610 755 1637 est
788 1607 899 1648 procul
932 1606 1027 1637 dubio
1057 1606 1291 1646 ventilandum,
1325 1610 1376 1647 ut,
1414 1607 1562 1648 quicquid
1597 1608 1642 1637 rei
1671 1608 1789 1637 veritas
1819 1607 1890 1637 hine

237 1659 518 1698 demonstraverit,
544 1658 735 1689 omnimodis
761 1669 968 1700 exequamur.
1013 1659 1075 1694 Qui
1098 1669 1156 1699 pro
1181 1668 1234 1697 eo⁷
1260 1658 1344 1698 quod
1370 1658 1492 1688 tamdiu
1516 1659 1601 1699 apud
1626 1670 1682 1689 nos
1707 1662 1754 1689 est
1777 1659 1890 1689 immo-

236 1714 323 1741 ratus
354 1714 386 1741 et
415 1710 454 1741 de
482 1713 537 1740 tua
561 1713 667 1751 parte,
700 1711 752 1751 qui
782 1711 939 1741 rationem
963 1710 1128 1749 redderet,
1158 1720 1219 1740 non
1250 1712 1299 1740 est
1322 1710 1482 1748 inventus,
1512 1710 1746 1741 rationabiliter
1775 1713 1843 1741 crat
1873 1721 1891 1740 a

236 1762 327 1793 nobis
350 1762 477 1793 interim
502 1761 732 1797 absolvendus;
762 1765 885 1801 tamen,
917 1762 991 1802 quia
1014 1762 1046 1792 in
1070 1762 1232 1802 proximo,
1266 1762 1346 1792 sicut
1370 1761 1519 1802 diximus,
1550 1761 1715 1802 synodum,
1745 1773 1807 1803 qua
1831 1762 1890 1792 hoe

236 1824 307 1845 eum
334 1814 545 1844 unanimitate
581 1814 717 1844 aliorum
752 1813 1018 1844 consacerdotum
1053 1813 1250 1854 fratrumque
1280 1816 1459 1843 nostrorum
1491 1817 1523 1844 et
1552 1817 1606 1844 tua
1637 1817 1684 1844 est
1715 1814 1798 1844 inter
1828 1814 1890 1844 alia

236 1865 512 1906 pertractandum,
548 1864 713 1895 celebrare
743 1864 913 1905 debemus,
947 1864 1086 1905 digniusi
1110 1864 1334 1904 iudicavimus,
1369 1865 1453 1905 quod
1482 1869 1515 1895 et
1542 1866 1610 1905 ipse
1640 1864 1710 1896 resk
1735 1868 1891 1905 expetunt

236 1920 324 1947 tuum
350 1917 517 1957 prestolari
541 1916 731 1956 adventum,
760 1919 795 1946 ut
818 1916 878 1947 hoe
903 1916 1049 1957 synodali
1074 1916 1283 1947 discutiamus
1307 1916 1444 1957 collegio
1469 1919 1501 1947 et
1525 1916 1647 1946 alterna
1671 1916 1791 1946 visione
1816 1927 1890 1947 eon-

236 1968 435 2008 gratulantes
467 1968 536 2009 pari
567 1969 726 1998 sententia
755 1967 980 2001 decernamus:
1016 1969 1047 1998 in
1079 1978 1141 2008 qua
1172 1969 1285 2007 etiam,
1316 1968 1468 2008 quicquid
1499 1978 1594 2008 supra
1621 1978 1775 2008 generum
1799 1978 1890 1998 suum

239 2019 400 2059 habueris,
424 2019 583 2050 similiter¹
601 2019 730 2050 diffiniri
754 2019 931 2050 iubeamus.
971 2019 1128 2058 Preterea
1152 2019 1294 2050 iamdicti
1310 2020 1368 2050 viri
1392 2020 1507 2050 coniux
1524 2019 1625 2050 Maria
1648 2020 1775 2049 nomine
1799 2019 1891 2049 libel-

236 2071 303 2101 lum
327 2081 382 2101 sue
407 2071 669 2101 reclamationism
693 2081 752 2111 per
772 2071 908 2101 Paulum
932 2071 1075 2112 legatum
1100 2082 1191 2102 suum
1216 2075 1323 2102 nostro
1348 2072 1524 2112 presulatui
1548 2071 1686 2111 dirigere
1710 2071 1891 2112 procuravit

237 2133 383 2153 asserens
400 2126 488 2153 tuam
505 2123 708 2153 sanctitatem
732 2122 764 2153 in
785 2123 902 2164 nuptiis
918 2134 976 2163 per
993 2133 1182 2154 consensum
1200 2124 1298 2164 patris
1316 2123 1355 2154 de
1378 2133 1416 2154 ea
1432 2123 1551 2153 habitis
1568 2123 1727 2153 consciam
1746 2123 1889 2152 extitisse

237 2177 269 2204 et
297 2177 364 2204 tam
387 2173 490 2204 virum
520 2184 610 2203 suum
636 2184 731 2214 quam
759 2184 808 2213 se,
837 2177 1007 2215 postquam
1035 2185 1098 2205 una
1123 2185 1196 2205 caro
1222 2174 1328 2206 effecti
1352 2178 1439 2213 sunt,
1469 2178 1532 2205 tam
1558 2173 1599 2204 ad
1623 2174 1799 2214 spiritalem
1824 2174 1890 2203 sive

236 2225 449 2265 Dominicam,
474 2234 570 2265 quam
595 2225 691 2255 etiam
715 2225 756 2255 ad
781 2231 1003 2256 communemfl
1024 2236 1169 2257 mensam
1194 2236 1270 2266 sepe
1294 2237 1357 2257 non
1381 2226 1483 2256 solum
1508 2225 1685 2265 admisisse,
1710 2225 1768 2256 sed
1793 2225 1889 2255 etiam

237 2277 397 2307 invitasse.
438 2275 503 2306 Sed
528 2279 578 2307 et⁰
595 2276 655 2306 hoc
679 2286 737 2316 per
761 2276 899 2307 eundem
923 2288 1013 2308 suum
1036 2277 1179 2308 libellum
1197 2278 1403 2308 reclamando
1424 2278 1571 2316 innotuit,
1597 2277 1681 2318 quod
1698 2277 1890 2315 Maioranus,

237 2329 291 2369 qui
316 2331 348 2358 et
371 2327 592 2369 Maginpertus
618 2327 769 2358 diaconus
794 2328 921 2368 dicitur,
953 2329 984 2359 in
1008 2339 1086 2360 nece
1111 2330 1159 2359 sui
1183 2331 1282 2370 patris
1306 2329 1520 2369 consenserit,
1551 2332 1663 2369 petens
1693 2339 1711 2358 a
1736 2328 1826 2358 nobis
1850 2339 1890 2358 ex

339 2443 400 2469 261.
428 2444 451 2474 a)
471 2452 564 2468 sarana
583 2444 615 2468 R.
712 2443 736 2474 b)
756 2444 805 2474 heo
824 2443 854 2468 R.
945 2444 966 2475 c)
985 2445 1033 2468 VII
1042 2445 1089 2469 dus
1110 2445 1145 2473 R,-
1170 2445 1237 2477 quod
1255 2454 1308 2469 ‘non
1327 2446 1370 2470 VI.
1390 2446 1455 2476 idusy
1475 2445 1519 2469 sed
1538 2445 1592 2469 VII.
1612 2445 1669 2469 idus
1688 2445 1820 2476 leffemlum
1839 2452 1890 2468 esse

237 2495 267 2512 ecc
286 2487 398 2518 sequenti
416 2487 523 2518 epistola
542 2487 588 2518 (cf.
605 2496 632 2518 p.
646 2488 694 2511 ‘232
713 2487 729 2512 ἰ.
744 2486 785 2519 14)
805 2491 920 2518 apparel.
1021 2486 1045 2518 d)
1065 2488 1301 2512 sanctimoniam—
1314 2492 1384 2520 post-
1403 2488 1431 2512 in
1449 2496 1501 2512 ras.
1516 2488 1547 2511 R.
1648 2488 1669 2517 θ)
1688 2488 1839 2511 hoccasione
1858 2486 1888 2510 li.

236 2529 255 2562 f)
275 2535 364 2554 -1enus
383 2531 409 2554 in
428 2539 479 2554 ras.
495 2530 525 2553 R.
627 2530 651 2560 S)
671 2538 737 2554 corr.
751 2538 781 2553 ea·
801 2530 895 2554 honore
915 2530 949 2553 al.
963 2538 1031 2553 maoz.
1046 2530 1076 2553 [ι’.
1176 2530 1201 2562 h)
1222 2532 1276 2555 [Tm
1296 2531 1327 2555 R.
1426 2530 1444 2562 i)
1462 2531 1517 2555 —ius
1537 2531 1562 2554 in
1581 2539 1633 2555 ras.
1647 2530 1678 2555 R.
1784 2528 1809 2560 k)
1829 2529 1889 2553 add.

238 2581 318 2604 supra
338 2573 433 2597 lineam
452 2573 487 2598 al.
501 2581 570 2597 man.
585 2572 616 2596 B.
722 2571 741 2604 l)
761 2581 827 2596 corr.
843 2580 872 2596 ea·
892 2573 969 2596 simili
988 2573 1023 2597 al.
1037 2581 1104 2597 man.
1120 2573 1150 2597 B.
1256 2572 1287 2606 ¹1¹)
1309 2578 1367 2605 post
1384 2582 1427 2598 re-
1446 2574 1495 2598 del.
1514 2573 1579 2597 mal-
1598 2573 1629 2597 R.
1736 2570 1760 2604 Π)
1780 2581 1846 2596 corr.
1860 2580 1889 2595 eat

239 2617 442 2640 communionem
463 2616 498 2640 αἶ.
512 2624 580 2639 man.
595 2615 626 2639 11¹.
715 2614 738 2645 ⁰)
758 2615 820 2639 add.
835 2623 916 2645 supra
935 2615 1029 2639 lineam
1049 2615 1080 2639 R.

343 2700 368 2731 1)
387 2699 428 2725 De
450 2708 501 2732 quo
524 2702 560 2732 cf.
580 2708 606 2725 η,
624 2703 688 2730 224,
707 2702 761 2725 253.
861 2699 886 2731 2)
905 2699 947 2724 De
969 2707 1020 2731 quo
1043 2700 1079 2731 cf.
1098 2708 1145 2726 mi.
1166 2704 1210 2730 95,
1229 2703 1285 2732 131,
1307 2705 1361 2732 161,
1384 2704 1438 2732 162,
1458 2704 1514 2726 220.
1617 2699 1643 2731 3)
1666 2698 1706 2730 Cf.
1726 2706 1784 2724 cun.
1804 2700 1886 2730 apost.

241 2742 331 2767 XXX
339 2742 415 2767 VIII
431 2742 602 2775 (XXXVI),
621 2742 659 2767 ecl.
674 2742 765 2773 Hes'ele
777 2741 1014 2775 ‘Coizfeiliernyeseln’
1028 2743 1068 2774 1²,
1085 2746 1142 2768 812.
1213 2743 1240 2776 4)
1260 2744 1281 2770 Ι,
1296 2752 1314 2770 c.
1328 2744 1353 2769 (l.
1370 2747 1389 2769 7.
1402 2742 1555 2768 Novembris
1568 2746 1626 2767 880.
1646 2757 1678 2760 -
1697 2741 1737 2766 De
1755 2741 1888 2766 sente-nem

236 2784 334 2817 synodi
353 2787 388 2817 cf.
408 2793 434 2810 η.
448 2788 506 2811 286.
593 2785 620 2817 5)
641 2784 817 2817 Rarennatis,
835 2787 870 2817 cf.
890 2788 993 2817 nn.1‘›5,
1013 2789 1070 2812 134.

1905 2182 1933 2201 cf.
1948 2181 2002 2201 Gen.
2013 2183 2032 2204 2,
2044 2182 2076 2201 2⁴.
