2189 3042
120 752 145 772 10

120 967 144 985 ιβ

119 1189 144 1208 20

117 1476 140 1495 2⁵

115 1733 139 1753 80

116 1990 140 2009 ³5

424 168 618 195 ANASTASII
635 168 928 196 BIBLIOTHECARH
948 169 1144 196 EPISTOLAE
1165 170 1244 196 SiVE
1265 170 1542 197 PRAEFATIONES
1561 171 1585 197 5.
1765 175 1826 204 403

987 259 1014 288 5.

286 324 480 356 Anastasius
503 324 753 356 bibliothecarius
769 325 936 357 Hadriano
954 326 999 357 II.
1023 337 1125 367 papae
1148 328 1218 356 anta
1240 325 1333 357 VIII.
1359 325 1470 366 synodi
1493 326 1685 358 universalis
1708 327 1825 359 Latine

174 386 265 407 versa
287 375 384 414 offert.
1635 378 1738 418 (871.)

280 443 375 470 Οοᾱά..·
400 444 456 470 Vat.
470 444 516 470 lat.
531 448 595 470 4965
608 444 638 477 (s.
654 444 709 470 IX.
719 445 781 470 -X.
797 445 848 476 in.)
866 446 886 478 f.
903 447 924 470 1¹
939 445 983 477 (=
997 444 1037 477 1²).
1076 445 1129 470 Hic
1148 444 1237 476 codem,
1255 453 1332 477 quem
1346 445 1486 470 Barom'us
1503 444 1635 471 ‘Annales
1648 446 1825 472 ecclesiastic?

174 496 199 512 a.
215 490 264 513 869
283 495 309 513 n.
326 491 355 513 79
383 487 468 520 ipsius
487 487 629 513 Anastasii
652 487 850 521 autoymplmm
871 488 978 517 censuit,
1006 490 1128 513 vetustate
1151 490 1174 513 et
1202 488 1351 521 integritate
1373 487 1516 520 praecellit.
1556 487 1625 513 Eius
1646 491 1733 514 temtus
1758 497 1825 515 ‘non-

176 530 260 556 nullis
278 530 341 556 locis
365 538 449 555 manu
473 532 528 563 fere
552 538 646 556 coaeva
672 532 752 563 (forte
776 530 940 561 correctoris)
965 532 1096 556 correctus
1121 533 1166 556 est.
1207 529 1300 556 Omnes
1325 530 1421 563 reliqui
1440 530 1542 556 codices
1560 530 1707 564 dependent
1733 539 1765 557 ea:
1790 531 1826 562 V,-

174 572 220 598 sed
244 580 311 605 quae
336 573 365 598 in
385 572 409 598 V
425 575 541 599 correcta
562 575 633 605 sunt,
655 574 754 605 partim
780 572 914 604 adhibent,
935 573 1037 605 partim
1058 573 1207 606 negligunt.
1241 573 1407 598 Co'ntzdimus
1432 573 1478 599 Ιιοε
1496 573 1604 599 codices:
1629 574 1826 601 Vat.1at.5749

174 616 206 647 (s.
223 615 272 648 X.)
291 618 312 649 γ’.
327 620 340 641 1
360 616 402 648 (=
429 615 496 648 V1)‚·
520 615 577 641 Vat.
597 616 642 642 lat.
658 619 724 642 7304
742 616 762 646 f.
783 619 828 641 150
853 615 968 648 (=V2)‚
995 624 1069 648 quem
1095 624 1119 641 α,
1139 620 1203 641 1441
1230 616 1359 649 scriptum
1386 624 1438 641 esse
1460 616 1549 642 scriba
1570 617 1627 649 ipse
1653 617 1673 648 f.
1696 619 1760 642 242¹
1785 617 1825 643 his

173 658 258 684 verbis
277 661 402 685 testatur:
428 658 464 685 Et
487 659 526 685 sic
551 660 592 685 est
611 658 672 684 finis
698 658 780 684 huius
806 660 905 685 octave
932 658 1030 691 synodi
1053 658 1158 692 scripte
1184 667 1234 692 per
1258 668 1300 685 me
1320 659 1470 685 Iohannem
1490 659 1667 685 Dorenborch
1693 660 1824 686 clericum

176 701 403 728 Monasteriensis
427 701 543 728 diocesis
569 704 597 728 et
623 701 760 735 complete
786 701 924 728 Florentie
950 701 978 727 in
1002 701 1082 727 domo
1107 702 1323 728 reverentissimi
1342 701 1432 736 patris
1456 703 1484 728 et
1509 701 1613 728 domini
1638 702 1693 728 mei
1721 703 1825 729 domini

174 744 208 770 D.
231 746 327 771 sancte
356 744 443 771 Marie
474 744 503 771 in
527 744 581 771 Via
613 745 672 771 lata
703 746 877 771 sacrosancte
906 745 1028 771 Romane
1059 744 1176 771 ecclesie
1204 745 1314 771 diaconi
1346 744 1495 771 cardinalis
1525 745 1643 771 Firmeffl
1671 745 1825 780 vulgariter

173 787 330 821 nuncupati
348 787 399 814 sub
419 796 489 814 anno
509 796 525 814 a
543 787 695 814 nativitate
717 787 823 814 domini
843 787 1031 819 MCOCCXLI,
1050 787 1094 813 die
1115 787 1208 813 XXma
1227 787 1327 814 mensis
1347 787 1498 820 Februarii,
1518 790 1594 821 pont.
1609 788 1777 815 sanctissimi
1795 789 1824 815 in

173 830 283 857 christo
308 830 397 865 patris
423 833 452 857 et
471 830 575 857 domini
599 831 686 857 nostri
705 830 810 857 domini
830 830 946 865 Eugenii
966 830 1061 857 divina
1086 830 1263 864 providentia
1282 839 1355 864 pape
1375 831 1467 864 quarti
1491 839 1563 857 anno
1582 831 1740 862 undecimo;
1766 831 1823 857 Vat.

171 873 217 899 lat.
236 876 303 900 1332
321 874 342 905 f.
361 878 375 899 1
395 873 439 906 (=
454 873 516 906 Vs),
541 881 615 906 quem
639 873 688 899 sub
711 873 825 900 eiusdem
848 874 967 907 Euqetzii
988 873 1037 900 IV.
1056 874 1217 906 pontificatu
1242 874 1430 907 (1431—1447)
1454 875 1604 906 confectum
1628 882 1680 900 esse
1698 882 1730 900 επ
1748 875 1824 908 siyno

169 916 272 949 pencris
295 916 475 943 Oondulmieri
488 917 577 950 primo
595 917 660 950 folio
678 917 809 950 inscripto
826 919 946 950 wpparet.
971 917 1027 943 Hie
1046 917 1158 943 maxime
1175 925 1233 942 cam
1252 916 1412 942 editionibus
1431 916 1580 944 czmcordat.
1618 917 1737 950 Quorum
1755 916 1823 943 codi-

172 966 231 984 cum
250 959 343 985 υανίαε
361 959 488 991 lectione&
507 967 566 986 cum
584 968 640 985 non
659 967 691 985 ex
708 959 855 986 traditione
873 969 890 985 a
910 960 933 985 V
949 959 1053 986 diversa
1072 960 1204 985 derivatae
1222 960 1284 991 sint,
1311 968 1367 985 non
1386 967 1474 985 omnes
1491 959 1686 986 adnotavimus.
1707 975 1739 979 —
1757 960 1824 986 Non

170 1002 331 1028 contulimus
356 1002 401 1028 hos
425 1002 536 1029 codices:
573 1002 631 1028 Vat.
645 1003 691 1029 lat.
705 1005 779 1034 1333,
800 1006 873 1034 1334,
892 1006 966 1034 4168,
985 1006 1058 1034 4169,
1077 1007 1153 1033 4900,
1172 1005 1243 1033 5593,
1261 1005 1340 1035 6813;
1374 1002 1435 1029 Vat.
1454 1002 1538 1029 ottob.
1552 1002 1599 1029 lat.
1616 1006 1666 1034 767,
1688 1007 1741 1034 769,
1763 1006 1823 1036 952,

172 1048 232 1075 953;
257 1045 344 1072 Venet.
358 1046 447 1072 Marc.
464 1046 494 1072 Z.
514 1045 547 1072 L.
566 1045 691 1071 CLXIV
704 1045 799 1077 (Closs.
816 1045 893 1077 VIII,
908 1047 964 1079 119)
986 1047 1005 1079 f.
1021 1049 1081 1075 120,·
1110 1045 1141 1077 L,
1161 1045 1213 1077 IV,
1228 1049 1257 1071 21
1276 1044 1373 1077 (class.
1389 1045 1471 1077 VIII,
1485 1048 1544 1077 120)
1567 1047 1586 1077 f.
1606 1050 1626 1076 1,
1649 1053 1714 1078 quos
1736 1053 1823 1071 omnes

169 1088 332 1114 examinavit
350 1088 384 1115 E.
398 1088 498 1118 Perels:
514 1088 647 1114 Escorial.
667 1098 680 1122 c
699 1088 741 1120 II,
755 1093 790 1115 11.
828 1089 869 1115 De
881 1088 1015 1115 codicibus
1027 1089 1063 1121 cf.
1075 1089 1222 1122 praecipue
1236 1088 1269 1115 Ε.
1284 1088 1371 1114 Perels
1389 1089 1419 1114 in
1433 1088 1531 1114 ‘Neues
1545 1088 1651 1115 Archiv’
1668 1087 1822 1119 XXXVII,

170 1134 219 1157 542
237 1133 261 1156 et
281 1130 427 1162 XXXIX,
445 1134 478 1157 52
495 1139 561 1157 ann.
575 1136 599 1159 1,·
619 1131 685 1157 MG.
700 1131 786 1164 ffln‘st.
804 1131 850 1164 VI,
863 1135 911 1158 263
929 1134 952 1157 et
970 1134 1029 1158 693.

276 1182 362 1209 Edd..-
384 1182 562 1209 Ccmcz'liomm
577 1183 691 1209 XXIII
707 1183 808 1217 (Paris.
818 1185 900 1217 1644),
917 1188 960 1209 119
977 1195 1005 1205 =
1023 1183 1242 1209 Labbe-Gossart
1259 1182 1378 1209 Gonczlia
1389 1183 1470 1214 VIII,
1481 1187 1527 1210 961
1550 1196 1579 1206 =
1603 1183 1737 1209 Harduin
1751 1184 1822 1209 Acta

168 1225 260 1251 concil.
281 1225 310 1257 V,
326 1229 373 1252 749
391 1238 420 1248 =
442 1226 538 1252 Mami
559 1226 637 1252 Cone.
651 1226 708 1252 eoll.
722 1226 805 1258 XVI,
817 1231 830 1252 1
852 1238 879 1247 =
903 1227 993 1259 ssrrliqfne
1012 1226 1087 1252 Patr.
1102 1227 1149 1252 lat.
1165 1225 1305 1257 CXXIX,
1321 1230 1342 1252 9.

170 1320 326 1347 DOMINO*
340 1322 471 1347 SANCTO
484 1323 527 1346 ΕΤ
541 1322 755 1347 COANGELICO
768 1323 871 1347 PATRI
889 1322 1031 1346 PATRUM
1046 1321 1226 1346 HADRIANO
1239 1322 1360 1346 SUMMO
1373 1321 1544 1346 PONTIFICI
1558 1321 1601 1345 ET
1615 1321 1821 1346 UNIVERSALI

336 1364 463 1389 ΡΑΡΑΕ.ι
483 1365 550 1390 EGO
569 1366 729 1390 FAMULUS
749 1366 879 1390 VESTER
898 1366 1106 1391 ANASTASIUS
1126 1365 1302 1390 PECCATOR
1321 1366 1429 1390 ABBAS
1448 1367 1491 1390 ET
1510 1366 1654 1390 SUMMAE

523 1408 586 1432 AC*³
605 1409 840 1434 APOSTOLICAE
861 1409 1013 1433 VESTRAE
1033 1410 1128 1434 SEDIS
1147 1409 1464 1433 BIBLIOTHECARIU&

277 1462 359 1498 Quia
382 1472 520 1504 superna
543 1463 753 1504 providentia,
779 1474 860 1504 quae
877 1463 1002 1504 singula
1021 1463 1153 1505 singulis
1168 1464 1213 1495 ita
1231 1464 1399 1504 distinguit
1414 1463 1622 1504 temporibus,
1646 1466 1681 1494 ut
1696 1465 1822 1493 sanctos

169 1525 243 1545 suos
266 1514 365 1545 veluti
387 1514 589 1554 splendentia
612 1514 771 1555 quaedam
795 1518 880 1546 astra
903 1525 966 1545 non
987 1515 1106 1555 pariter
1122 1515 1179 1546 sed
1195 1515 1319 1546 vicibus
1337 1514 1481 1546 discretis
1498 1515 1540 1546 ad
1555 1514 1823 1546 illuminationem

169 1566 326 1597 ecclesiae
350 1575 426 1596 suae
449 1565 602 1606 proferat,
627 1566 843 1606 apostolatum
863 1569 1003 1597 vestrum
1028 1567 1143 1597 nostris
1160 1566 1360 1607 temporibus
1377 1567 1468 1607 quasi
1485 1566 1648 1607 quoddam
1665 1565 1822 1606 fulgidum

167 1616 254 1647 sidus
278 1616 438 1657 produxit,
462 1617 550 1648 cuius
573 1620 718 1658 tempore
743 1619 793 1648 vel
816 1617 1007 1648 auctoritate
1032 1621 1142 1648 sancta
1166 1618 1355 1648 universalis
1373 1621 1404 1648 et
1420 1628 1537 1658 magna
1553 1617 1692 1658 synodus
1709 1620 1823 1647 octava

168 1668 406 1700 celebraretur2
430 1672 462 1700 et
485 1678 576 1699 sacra
600 1668 743 1700 doctrina
768 1669 893 1700 caelum
917 1672 1048 1700 sanctae
1073 1669 1252 1700 catholicae
1276 1679 1313 1700 ac
1338 1668 1536 1710 apostolicae
1561 1669 1717 1700 ecclesiae
1734 1672 1823 1699 tene-

167 1719 232 1751 bris
257 1729 401 1751 errorum
425 1720 566 1761 depulsis
589 1720 681 1751 iubar
703 1720 771 1751 veri
793 1721 920 1751 luminis
943 1720 1137 1752 illustratum
1155 1722 1346 1762 perciperet,
1372 1731 1490 1761 operae
1508 1721 1647 1761 pretium
1665 1720 1741 1751 duxi
1757 1723 1823 1750 tam

167 1771 209 1802 ad
238 1771 368 1802 laudem
395 1772 534 1803 auctoris
562 1782 656 1813 quam
681 1772 722 1802 ad
746 1775 911 1803 aeternam
935 1772 1135 1813 apostolatus
1159 1773 1255 1803 vestri
1281 1773 1470 1803 memoriam
1494 1773 1670 1813 scripturae
1694 1771 1822 1802 tradere

166 1826 358 1864 vestraeque
375 1823 583 1854 dominationi
598 1823 740 1854 breviter
755 1824 914 1864 intimare,
938 1834 1021 1865 quae
1038 1824 1134 1855 fuerit
1151 1823 1294 1855 eiusdem
1319 1827 1427 1854 tantae
1451 1823 1564 1864 synodi
1587 1824 1721 1854 materia
1738 1823 1822 1853 cele-

167 1873 303 1905 brandib
318 1874 370 1905 vel
386 1874 472 1915 quod
489 1874 684 1916 apostolicae
701 1874 786 1905 sedis
803 1884 899 1916 super
915 1875 975 1906 hac
992 1874 1182 1915 disponendi
1199 1874 1340 1906 studium
1357 1875 1407 1905 vel
1424 1875 1605 1913 auctoritas,
1630 1874 1705 1915 quid
1724 1874 1822 1904 etiam

169 1925 209 1956 ab
234 1925 289 1956 illa
311 1925 362 1957 vel
386 1928 555 1956 tractatum
578 1926 629 1956 vel
654 1926 749 1956 fuerit
772 1926 953 1964 diffinitum,
982 1936 1078 1967 quam
1102 1926 1143 1957 ob
1167 1936 1235 1956 rem
1260 1936 1387 1967 quoque
1412 1926 1463 1957 vel
1487 1930 1600 1957 octava
1624 1926 1675 1956 vel
1699 1924 1823 1956 dicatur

168 1977 367 2014 universalis,
390 1977 460 2018 quis
483 1977 581 2008 etiam
597 1977 686 2008 illam
702 1978 929 2018 interpretatus
946 1978 1115 2015 extiteritc,
1138 1982 1170 2008 et
1193 1987 1233 2008 ne
1254 1977 1314 2018 ipsi
1338 1977 1460 2018 synodo
1482 1977 1700 2018 praesumptio
1717 1977 1821 2007 cuius-

169 2038 266 2069 quam
290 2038 372 2068 quae
394 2029 425 2058 in
449 2038 488 2059 ea
505 2028 639 2059 diffinita
659 2039 721 2059 non
742 2032 814 2059 sunt
836 2039 988 2069 processu
1005 2028 1158 2069 temporis
1174 2028 1282 2066 addat,
1305 2029 1457 2060 sollicitos
1473 2028 1609 2060 reddere
1629 2039 1666 2059 ac
1682 2028 1822 2059 intentos

169 2080 317 2110 lectores
363 2079 454 2115 Quae
478 2077 647 2110 videlicetd
674 2083 787 2111 notans
816 2090 879 2111 non
907 2080 998 2121 quasi
1024 2080 1122 2111 inscio
1152 2080 1350 2121 apostolatu?
1374 2084 1480 2112 vestro
1509 2080 1678 2111 scribendo
1707 2079 1822 2117 refero,

169 2131 226 2162 sed
269 2134 421 2172 tanquam
459 2131 572 2162 horum
605 2132 730 2162 conscio
768 2134 800 2162 et
837 2135 919 2162 teste
950 2130 1116 2163 historicas
1148 2131 1366 2172 expositiones
1390 2131 1431 2162 ad
1466 2132 1655 2163 memoriam
1682 2135 1822 2162 vestram

169 2181 297 2214 reduco.

277 2233 438 2275 Tempore
468 2234 576 2275 itaque
606 2234 839 2265 Michahelis33
869 2238 901 2265 et
931 2234 1124 2266 Theodorae
1153 2235 1263 2265 matris
1292 2234 1383 2265 eius4
1412 2235 1641 2276 imperatorum
1672 2234 1821 2266 abdicato

170 2285 380 2316 iconomacho
401 2285 565 2316 Iohanne⁵
589 2285 711 2317 electus
735 2289 767 2316 et
790 2286 1014 2317 consecratus1¹
1035 2290 1084 2317 est
1106 2286 1288 2327 patriarcha
1305 2285 1629 2328 Constantinopoleos
1645 2286 1822 2328 Ignatius⁶,

285 2431 310 2463 2⁸)
332 2430 454 2457 Rubi-ica
469 2431 500 2457 in
518 2429 607 2457 codd:
626 2430 729 2458 Causai
748 2434 776 2459 et
796 2432 936 2466 praefatio
956 2431 1115 2460 celebratae
1130 2434 1247 2460 octavae
1266 2432 1366 2466 synodi
1386 2432 1538 2459 historicok
1560 2431 1648 2459 stilok
1666 2431 1821 2465 depromta.

274 2517 299 2543 5.
326 2517 350 2550 Ι)
376 2526 423 2543 om.
440 2517 494 2542 V3.
600 2516 625 2549 ¹²)
652 2519 805 2544 celebrande
833 2519 881 2544 V3.
988 2517 1010 2551 0)
1040 2519 1117 2544 fuerit
1143 2519 1197 2549 Va·
1225 2520 1361 2545 memoriae
1387 2519 1565 2544 commendare
1593 2518 1654 2543 add.
1676 2522 1699 2544 et
1726 2518 1775 2543 del.
1795 2517 1821 2541 V.

171 2559 194 2592 d)
216 2566 241 2585 et
259 2561 321 2586 add.
338 2560 388 2585 V2.
476 2560 498 2591 Θ)
516 2561 668 2593 apostolatui
693 2570 759 2587 corr.
777 2570 808 2587 ez·
831 2562 976 2594 apostolatu
996 2561 1044 2586 V1.
1132 2560 1151 2593 s)
1171 2570 1297 2594 super-scr.
1316 2562 1344 2587 V.
1433 2562 1458 2593 Β)
1478 2562 1613 2587 Michaelis
1632 2561 1678 2593 (sic
1696 2565 1718 2586 et
1737 2559 1821 2592 iufra)

177 2604 231 2633 1⁷2,
242 2605 265 2629 3.
336 2603 362 2635 ¹²)
381 2607 533 2629 consecutus
553 2603 604 2628 1⁷2.
674 2604 692 2637 i)
712 2612 788 2630 cause
808 2605 860 2630 V3.
931 2603 957 2636 k)
978 2605 1097 2630 historice
1116 2614 1183 2631 corr.
1195 2614 1226 2631 eae
1244 2606 1381 2631 historiace
1401 2605 1454 2630 1⁷2.

276 2697 301 2730 1)
321 2697 372 2729 IL,
389 2700 440 2723 867
447 2700 541 2723 -872,
629 2697 654 2730 2)
674 2697 707 2723 Α.
722 2698 813 2731 869170
834 2697 1065 2731 Ozmstantinopoli
1082 2698 1182 2725 habita.
1268 2698 1294 2728 3)
1313 2697 1381 2729 ΙΙΙ.,
1401 2700 1546 2724 842-867.
1647 2697 1674 2729 4)
1695 2695 1770 2729 Quae
1789 2695 1822 2722 ab

172 2748 196 2765 α.
213 2742 263 2766 842
281 2747 364 2772 usque
382 2739 424 2766 ad.
436 2748 461 2766 a.
474 2743 522 2766 856
539 2740 685 2773 imperavit.
772 2742 798 2771 5)
823 2740 893 2773 VH„
912 2744 1054 2768 834-8-13.
1135 2741 1163 2775 6)
1183 2744 1328 2773 847-858,
1348 2743 1491 2767 867-878.
1529 2739 1580 2766 Sed
1599 2739 1744 2765 Iohannem
1760 2739 1821 2765 VII.

169 2782 334 2815 patriarcha
351 2785 457 2809 secutus
474 2786 511 2809 eet
530 2782 681 2809 Methodius
699 2783 723 2810 I.
744 2786 900 2810 843-847,

1566 2835 1615 2860 51*
