2189 3042
352 189 410 218 172

410 1598 457 1629 Eo
475 1601 584 1629 tamen
600 1601 711 1629 tenore
732 1598 792 1628 ista
816 1600 992 1630 statuentes
1015 1601 1143 1640 aposto-

345 1651 407 1682 liea
453 1650 621 1681 dumtaxat
659 1649 850 1679 auctoritate
890 1653 922 1680 et
963 1654 1145 1681 sanctorum

346 1705 473 1743 patrum
499 1700 735 1731 venerabilibus
759 1701 909 1731 institutis
934 1701 1144 1742 decernimus,

345 1756 380 1784 ut
408 1756 480 1794 post
508 1753 600 1783 huius
624 1752 804 1792 patriarche
829 1752 950 1783 obitum
975 1753 1079 1783 nullus
1104 1753 1143 1783 de

345 1805 436 1835 laicis
453 1804 504 1835 vel
521 1803 691 1834 curialibus
710 1804 741 1833 in
758 1803 991 1844 patriarchatus
1008 1804 1146 1844 eligatur

345 1856 397 1887 vel
421 1858 626 1886 consecretur
649 1854 771 1885 honore
783 1854 803 1893 ¹,
828 1855 888 1885 nisi
912 1854 951 1885 de
976 1855 1145 1885 cardinali-

346 1907 406 1938 bus
434 1906 629 1948 presbyteris
654 1909 685 1936 et
709 1905 895 1936 diaconibus
920 1905 1145 1936 Constantino-

346 1958 487 1999 politam}
525 1957 610 1988 sedis
647 1957 823 1988 seeundum
859 1967 966 1987 saeros
1000 1957 1144 1988 kanones

347 2010 467 2051 Spiritu
490 2009 551 2040 Dei
576 2008 721 2039 conditos
746 2011 778 2039 et
801 2009 897 2039 totius
920 2008 1030 2039 mundi
1053 2019 1144 2039 reve-

346 2062 450 2092 rentia
484 2063 702 2098 consecratos„
742 2060 816 2100 quia
854 2070 913 2090 nec
947 2070 1145 2101 prepropere

348 2116 458 2143 eontra
492 2113 636 2143 kanones
676 2111 910 2142 ecclesiasticos
950 2111 1145 2153 decretaque

347 2163 544 2195 maim-must
567 2163 629 2193 cito
655 2163 790 2203 quilibet
816 2162 928 2202 lector⁷
957 2163 1020 2194 cito
1048 2163 1145 2194 acoli-

348 2215 430 2255 thus,
448 2215 509 2245 cito
528 2214 688 2251 diaconus,
706 2215 768 2244 cito
786 2214 936 2245 sacerdos
953 2214 1004 2244 vel
1022 2215 1145 2255 episeo-

347 2276 407 2306 pus
422 2265 487 2305 fiat,
505 2267 558 2306 qui
582 2266 613 2296 in
636 2265 810 2296 minoribus
827 2265 940 2295 officiis
960 2265 985 2295 si
1003 2265 1057 2296 diu
1074 2277 1145 2306 per-

348 2317 463 2348 durent
487 2320 519 2348 et
535 2318 620 2347 vitab
638 2327 748 2347 eorum
765 2317 885 2357 pariter
903 2320 935 2347 et
956 2316 1145 2358 obsequium

348 2368 601 2409 comprobetu1·⁰‚
626 2371 660 2398 ut
678 2378 736 2408 per
753 2367 919 2408 temporad
937 2379 955 2398 a
971 2368 1146 2399 maioribus

829 181 1006 208 IOHANNIS
1026 180 1099 207 VIII.
1120 180 1237 206 PAPAE
1261 178 1436 206 EPISTOLA
1458 179 1516 206 207.

1198 267 1365 307 ἐκκλησίαν
1381 266 1628 307 ὗποδραμόντας
1644 266 1662 297 ὁ
1678 266 1886 301 ἀποστολικὸς
1902 266 1994 302 οὗτος

1196 318 1317 358 θρόνος
1347 318 1513 359 συνέστησε
1548 318 1601 348 καὶ
1635 318 1717 358 πρὸς
1748 318 1803 359 τὴν
1836 319 1993 359 προτέραν

1196 369 1288 410 τιμὴν
1304 370 1509 410 ἐπανήγαγεν.
1535 369 1612 405 <Εἰ
1632 369 1689 400 οὖν
1705 370 1735 401 οἳ
1758 370 1793 400 ἐκ
1809 373 1872 401 τῶν
1888 370 1991 401 Δονα-

1195 423 1306 451 τιστῶν
1334 421 1387 451 καὶ
1415 421 1445 451 οἳ
1476 421 1511 452 ἐκ
1540 421 1688 452 Βονόσου
1716 421 1771 462 τὴν
1800 422 1994 461 χειροτονίαν

1197 473 1362 513 δεξάμενοι
1385 473 1438 503 καὶ
1461 475 1524 503 τῶν
1544 476 1598 513 τῆς
1621 473 1804 513 ὀρθοδόξης
1827 473 1994 513 ἐκκλησίας

1196 524 1375 564 περιβόλων
1391 524 1600 558 ἀπελαθέντες
1616 524 1678 555 ὑπὸ
1695 524 1834 555 συνόδου
1854 524 1992 555 πολυαν-

1197 576 1335 615 θρώπου
1367 575 1429 606 ὑπὸ
1458 576 1565 615 ἑτέρας
1594 576 1733 606 συνόδου
1766 576 1907 616 δέχονται
1940 575 1994 606 καὶ

1197 627 1229 657 ἐν
1256 629 1301 666 τῷ
1334 627 1503 667 καταλόγῳ
1530 629 1593 657 τῶν
1620 627 1731 667 ἱερέων
1758 627 1914 658 τάττονται
1943 627 1993 658 διὰ

1196 678 1230 709 τὸ
1268 678 1322 718 τὴν
1362 679 1530 719 ἐκκλησίαν
1568 679 1647 709 θεοῦ
1691 679 1904 710 ἀδιάσπαστον
1941 678 1995 709 καὶ

1198 730 1380 770 σχισμάτων
1403 730 1553 770 καθαράν
1576 730 1629 760 καὶ
1657 731 1829 770 ἐλευθέραν
1848 730 1994 770 παραμέ-

1196 793 1259 812 νειν
1275 799 1307 803 —
1325 781 1418 812 οὐδὲν
1435 781 1494 822 γὰρ
1512 782 1615 816 οὕτως
1637 781 1810 822 βδελυκτὸν
1826 782 1879 812 καὶ
1901 793 1994 821 μεμι-

1197 834 1335 873 σημένον
1351 836 1414 867 τοῖς
1437 833 1619 873 ὀφθαλμοῖς
1642 834 1820 874 καθορᾶται
1841 836 1894 864 τοῦ
1915 834 1995 864 θεοῦ

1197 885 1243 918 ὡς
1288 885 1471 924 σχισμάτων
1509 884 1605 924 ἑσμὸς
1643 885 1922 925 παρυφιστάμενος
1962 885 1995 915 ἐν

1197 936 1346 976 ἐκκλησίᾳ
1362 936 1452 971 θεοῦ]
1468 936 1521 967 καὶ
1538 936 1632 967 οὐδὲν
1648 937 1853 977 τερπνότερον
1866 938 1884 976 ἢ
1897 948 1994 976 προς-

1197 987 1378 1027 φιλέστερον
1412 990 1446 1027 τῇ
1475 988 1572 1018 αὐτοῦ
1603 987 1774 1028 ἀγαθότητι
1807 987 1852 1022 ὡς
1879 987 1992 1028 ἐκκλη-

1197 1039 1247 1070 σία
1271 1039 1326 1079 τὴν
1342 1039 1437 1079 αὐτῆς
1453 1039 1642 1079 ὁλοκληρίαν
1659 1040 1691 1069 ἔν
1706 1051 1737 1070 τε
1753 1042 1790 1080 τῇ
1813 1039 1895 1079 πρὸς
1917 1038 1995 1069 θεὸν

1197 1090 1304 1130 ἀγάπῃ
1328 1090 1381 1121 καὶ
1405 1093 1441 1130 τῇ
1463 1090 1544 1130 πρὸς
1567 1090 1620 1121 τὸν
1635 1091 1768 1131 πλησίον
1784 1090 1994 1130 ὁμοφροσύνῃ

1197 1142 1400 1178 διασώζουσαι
1426 1160 1467 1177 —,
1494 1141 1604 1182 πολλῷ
1626 1142 1747 1182 μᾶλλον
1775 1142 1894 1181 ἄνδρας
1923 1141 1996 1175 τοὺς

1196 1194 1229 1224 ἐν
1258 1193 1432 1233 ὀρθοδόξῳ
1459 1194 1555 1224 πίστει
1586 1193 1829 1233 διαπρέποντας,
1864 1194 1936 1234 βίου
1966 1205 1996 1224 τε

1197 1245 1359 1285 σεμνότητι
1376 1245 1429 1275 καὶ
1445 1245 1571 1284 ἀκριβεῖ
1583 1245 1719 1285 πολιτείᾳ
1734 1245 1996 1286 πεφημισμένους

1196 1296 1249 1326 καὶ
1276 1296 1392 1336 σχεδὸν
1418 1297 1463 1337 μὴ
1493 1297 1527 1327 δὲ
1558 1296 1607 1327 ἐπὶ
1635 1300 1785 1328 τοσοῦτον
1813 1297 1860 1331 ὥς
1887 1309 1916 1327 τε
1943 1296 1996 1327 καὶ

1196 1348 1347 1387 ἐπιτιμίας
1360 1348 1436 1388 ἔργα
1451 1348 1695 1388 διαπράξασθαι,
1708 1348 1745 1379 οὗ
1757 1348 1818 1388 χρὴ
1831 1350 1995 1388 παρορᾶσ-

1196 1399 1252 1430 θαι
1276 1400 1322 1433 ὡς
1345 1399 1550 1433 ὑπευθύνους
1576 1402 1621 1439 τῷ
1644 1402 1698 1439 τῆς
1721 1399 1871 1440 ἐπιτιμίας
1893 1400 1994 1440 βαρυ-

1196 1452 1352 1490 νομένους
1373 1451 1470 1490 ζυγῷ,
1494 1450 1559 1481 ἀλλ’
1573 1451 1622 1482 ἐπὶ
1638 1451 1692 1491 τὴν
1707 1452 1865 1491 προτέραν
1882 1450 1996 1485 αὐτοὺς

1197 1502 1362 1542 ἐπανάγειν
1384 1502 1484 1542 τιμήν.

1933 1545 1995 1580 .>3

1262 1596 1325 1626 Καὶ
1342 1599 1432 1627 τοῦτο
1446 1597 1592 1628 Υθεσπίσαι
1605 1600 1823 1637 παραινοῦμεν
1836 1596 1890 1636 τὴν
1902 1597 1996 1635 ὑμῶν

1197 1648 1442 1688 θεοῳρούρητον
1464 1648 1631 1688 βασιλείαν,
1660 1649 1708 1678 ἵνα
1735 1648 1813 1688 μετὰ
1837 1648 1891 1688 τὴν
1915 1648 1994 1678 ἀπο-

1197 1700 1308 1740 βίωσιν
1331 1702 1394 1730 τοῦ
1418 1699 1629 1739 ἁγιωτάτου
1651 1699 1800 1730 Φωτίου
1824 1699 1886 1730 καὶ
1913 1700 1995 1730 συλ-

1197 1751 1415 1790 λειτουργοῦ
1428 1751 1536 1790 ἡμῶν
1549 1751 1610 1780 καὶ
1626 1751 1794 1790 ἀδελφοῦ
1806 1751 1918 1791 μηδεὶς
1932 1750 1995 1781 ἀπὸ

1198 1805 1365 1842 κοσμικῶν
1394 1802 1587 1842 ἀξιωμάτων
1619 1803 1661 1836 εἷς
1691 1802 1746 1842 τὴν
1776 1802 1995 1842 ἀρχιερατικὴν

1199 1853 1283 1889 τάξιν
1305 1853 1481 1893 ψηφίζηται
1503 1853 1557 1883 καὶ
1579 1856 1804 1893 χειροτονῆται,
1833 1853 1896 1884 ἀλλ’
1915 1855 1933 1893 ἢ
1958 1854 1993 1884 ἐκ

1199 1907 1262 1935 τῶν
1278 1905 1503 1944 πρεσβυτέρων
1519 1907 1582 1934 τῶν
1599 1904 1828 1945 καρδηναλέων
1845 1906 1863 1945 ἢ
1881 1905 1915 1935 ἐκ
1933 1907 1996 1935 τῶν

1199 1956 1513 1996 ἐγκατατεταγμένων
1542 1956 1574 1986 ἐν
1597 1959 1632 1996 τῇ
1659 1956 1819 1996 καθολικῇ
1846 1956 1996 1996 ἐκκλησίᾳ

1199 2009 1217 2047 ἢ
1235 2008 1269 2037 ἐκ
1293 2010 1356 2038 τῶν
1372 2008 1485 2047 ταύτης
1502 2007 1662 2038 διακόνων
1678 2008 1697 2047 ἢ
1715 2007 1749 2042 ἐξ
1764 2007 1868 2038 ἄλλων
1885 2008 1995 2048 ἱερέων

1199 2061 1262 2089 τῶν
1284 2059 1457 2089 τελούντων
1480 2058 1543 2089 ὑπὸ
1571 2058 1625 2089 τὸν
1652 2058 1773 2098 θρόνον
1796 2058 1995 2089 Κωνσταντι-

1199 2110 1383 2144 νουπόλεως
1402 2110 1480 2141 κατὰ
1498 2109 1570 2144 τοὺς
1586 2110 1695 2144 θείους
1710 2110 1763 2140 καὶ
1779 2109 1883 2150 ἱεροὺς
1899 2110 1995 2140 κανό-

1199 2173 1268 2196 νας,
1301 2162 1348 2195 ὡς
1377 2163 1416 2191 ἂν
1443 2161 1488 2202 μὴ
1519 2162 1666 2195 ἐναντίως
1693 2165 1729 2202 τῇ
1757 2161 1996 2202 ἐκκλησιαστικῇ

1199 2213 1324 2252 εὐταξίᾳ
1355 2213 1408 2243 καὶ
1436 2216 1499 2247 τοῖς
1525 2215 1688 2253 πατρικοῖς
1717 2213 1828 2243 κανόσι
1854 2213 1890 2243 τὰ
1919 2213 1996 2244 καθ’

1606 2264 1832 2304 Προέρχεσθαι
1872 2263 1906 2294 δὲ
1943 2264 1996 2295 τὸν

1200 2319 1340 2346 τοιοῦτον
1356 2315 1543 2355 βουλόμεθα
1559 2315 1635 2346 καθ’
1650 2316 1781 2346 ἕκαστον
1796 2315 1928 2355 βαθμὸν
1943 2318 1997 2355 τῆς

1201 2367 1367 2408 ἐκκλησίας
1396 2367 1660 2407 δοκιμαζόΛιιενον,
1694 2369 1823 2406 πρῶτον
1850 2367 1994 2406 ἀναγνώ-

1202 2265 1283 2304 ὑμᾶς
1321 2264 1549 2304 διαπράττηται.

453 2458 476 2487 ²)
497 2467 513 2482 u
532 2466 598 2482 corr.
612 2465 641 2480 ea:
660 2466 673 2481 e
692 2457 722 2481 R.

811 2456 835 2487 b)
856 2466 872 2480 v
891 2462 912 2482 et
931 2467 944 2482 a
963 2459 989 2481 in
1008 2466 1060 2481 ras,
1074 2459 1108 2482 al.
1124 2467 1191 2482 man.
1212 2458 1242 2482 R.

1336 2456 1358 2489 ⁰)
1378 2458 1557 2488 comprobatur
1575 2457 1607 2482 R.
1700 2455 1724 2488 d)
1744 2465 1809 2481 corr.
1824 2465 1854 2481 ecc
1871 2461 1944 2489 tepra
1963 2457 1996 2482 R.

452 2517 476 2547 1)
500 2515 540 2546 Cf.
559 2523 618 2541 can.
631 2519 645 2539 5
663 2523 736 2541 cone.
753 2515 967 2548 Constantinop„
991 2524 1089 2542 aecum.
1106 2517 1181 2542 VIII
1197 2517 1305 2550 (Mcmsi
1326 2516 1412 2548 XVI,
1434 2516 1497 2549 162).
1534 2516 1649 2542 Pltotius
1667 2516 1735 2541 enim
1752 2524 1764 2541 e
1784 2516 1866 2541 nobili
1888 2516 1996 2547 familia

348 2558 551 2592 imperatoribus
569 2558 803 2590 consanqninitate
821 2558 966 2583 conumeta
985 2562 1059 2585 ortus
1076 2567 1108 2585 ea:
1125 2560 1193 2585 laico
1212 2559 1248 2585 ad
1264 2559 1478 2592 patriarchatum
1494 2561 1632 2592 provectus
1649 2561 1705 2584 erat
1721 2567 1745 2584 α.
1756 2562 1811 2591 358,
1831 2559 1863 2590 cf.
1877 2558 1995 2592 Her-qen-

348 2602 434 2627 rather
445 2599 580 2626 ‘Photius'
594 2601 615 2632 Ι,
630 2604 677 2627 373
687 2609 724 2633 sq.

795 2602 821 2633 2)
842 2601 881 2632 Cf.
897 2609 917 2627 e.
930 2604 958 2627 13
974 2610 1046 2628 conc.
1061 2602 1199 2628 Sardiceu.
1213 2602 1320 2636 (Mansi
1333 2603 1388 2632 ΙΙΙ,
1404 2603 1449 2635 35)
1468 2605 1491 2628 et
1504 2601 1603 2627 Leonis
1616 2602 1657 2628 M.
1672 2609 1708 2634 ep.
1723 2601 1758 2627 ad
1776 2609 1835 2634 epp.
1847 2602 1996 2634 Africanos

349 2644 490 2678 (Dionysii
511 2644 572 2670 Coll.
586 2643 654 2670 decr.
670 2643 770 2669 Leonis
787 2651 814 2669 rt.
828 2648 870 2675 49,
889 2644 928 2670 cd.
943 2645 1034 2678 Miglne
1052 2645 1178 2677 LXVII,
1197 2647 1267 2677 300),
1285 2645 1361 2676 Jaffe'
1382 2645 1443 2678 Rey.
1458 2649 1506 2671 410
1524 2644 1606 2678 (188).

1693 2645 1720 2675 3)
1739 2643 1868 2677 Sequitur
1886 2644 1995 2678 longum

348 2687 424 2713 valde
442 2687 534 2712 Plzotii
554 2686 724 2719 patriarchae
743 2687 888 2712 encomium
911 2689 933 2712 et
957 2688 1146 2714 commendatio
1167 2689 1222 2714 eius
1245 2688 1281 2713 acl
1302 2689 1474 2721 imperatores
1496 2690 1519 2713 et
1541 2688 1606 2713 alios
1625 2687 1809 2720 patriarchas,
1829 2687 1895 2720 plus
1916 2696 1995 2720 quam

349 2731 455 2756 tertiam
470 2732 575 2762 partem
589 2730 671 2755 totius
686 2729 800 2755 Graecae
814 2730 938 2755 versionis
951 2730 1077 2762 epistolae
1096 2731 1227 2763 effieieus;
1244 2731 1316 2763 quod
1331 2739 1390 2756 cum
1403 2730 1478 2756 libere
1491 2731 1603 2763 penitus
1622 2733 1646 2756 et
1664 2730 1745 2755 nimis
1758 2730 1854 2761 diffuse
1872 2730 1995 2756 additum

349 2781 518 2806 nequaquam
539 2773 619 2798 versio
638 2773 717 2804 illius,
737 2780 804 2805 quae
819 2773 962 2804 posteriori
980 2773 1034 2799 loco
1052 2774 1084 2805 (r.
1096 2778 1180 2806 1).174
1194 2774 1209 2800 Ι.
1223 2778 1253 2799 16
1261 2774 1310 2807 sq.)
1325 2774 1351 2799 in
1366 2774 1502 2807 archetypo
1514 2773 1615 2799 Latino
1631 2773 1751 2806 sequitur
1764 2773 1994 2799 commendationis
2012 2782 2037 2800 50

350 2816 403 2841 dici
419 2816 510 2849 possit,
528 2815 571 2841 hic
589 2815 759 2841 inserendam
778 2815 982 2848 supersedemus.

2015 740 2039 759 10

2015 998 2038 1016 15

2015 1254 2039 1274 20

2015 1504 2038 1523 25

2015 1760 2039 1780 30

2015 2020 2038 2038 35

2015 2276 2040 2294 40

2014 2569 2038 2587 45
