2189 3042
619 195 797 222 IOHANNIS
818 195 890 222 VIII.
910 196 1029 222 PAPAE
1054 196 1253 223 EPISTOLAE
1276 197 1317 224 99.
1338 197 1394 225 100.
1793 201 1832 231 93

179 288 302 313 nostram
325 286 437 313 studeat
455 285 605 319 perducere
624 285 780 315 notionem,
798 285 930 318 quatinus
949 294 966 312 a
985 286 1064 312 nobis
1084 287 1178 314 valeat
1197 295 1320 321 congrua
1339 287 1396 314 sine
1416 287 1500 314 dubio
1520 288 1660 315 sententia
1679 288 1832 315 terminari.

180 337 260 369 Ouia
284 338 381 369 etiam
405 337 607 377 iniunximus,
631 339 666 367 ut
689 336 810 367 nullum
834 338 1111 379 archiepiscopum
1135 339 1165 368 in
1190 338 1239 369 his
1262 339 1406 380 partibus
1430 340 1498 370 sine
1522 340 1620 381 pallio
1645 351 1664 371 a
1683 340 1831 371 Romano

179 390 329 431 pontifice
347 388 487 420 directob
500 388 773 419 consecrationem
790 388 896 419 facere
913 390 1096 429 permittatc
1114 393 1145 420 et
1162 390 1317 421 facientes
1334 394 1441 421 nostra
1457 392 1648 423 auctoritate
1664 391 1800 433 arguatd
1811 393 1831 424 ¹.

179 444 214 470 Et
239 443 369 477 quoniam
395 451 504 470 necesse
528 444 582 473 est,
609 443 640 468 ut
664 442 698 468 ad
723 451 797 473 eum,
824 443 868 469 cui
893 445 1002 470 nostras
1026 443 1100 470 vices
1125 444 1303 477 indulsimus,
1329 445 1456 478 quotiens
1482 448 1609 480 oportere
1633 446 1830 480 perspexerit&

149 503 160 521 5
179 504 228 529 pro
247 495 376 522 facienda
394 493 544 521 collatione
564 493 639 527 aptis
658 493 780 520 debeant
798 494 923 528 episcopi
938 495 1110 528 temporibus
1124 496 1277 526 convenire,
1298 496 1448 528 hortamur,
1468 498 1500 523 ut
1513 498 1605 524 nullus
1618 497 1759 524 mandatis
1773 497 1831 524 eius

180 546 342 583 inobediens
362 555 420 572 esse
440 546 583 582 presumat
602 554 651 571 nec
671 545 809 571 communi
829 546 1040 580 congregationi
1060 547 1192 573 interesse
1213 549 1377 581 postponat,
1402 549 1455 574 nisi
1475 552 1523 576 aut
1543 549 1665 583 corporis
1684 549 1830 575 infirmitas

179 597 339 631 quempiam
359 598 474 624 fortasse
495 596 629 629 vetuerit,
653 599 702 623 aut
727 596 869 623 cuiusdam
895 606 956 623 eum
980 606 1062 624 cause
1086 598 1158 634 iuste
1183 599 1325 626 excusatio
1349 599 1462 626 minime
1482 601 1575 627 venire
1594 600 1757 635 permiserit.
1794 600 1830 626 Hi

179 651 287 680 tamen,
307 649 356 682 qni
374 648 541 682 prohibente
561 647 657 681 aliqua
676 647 842 674 necessitate
863 650 1005 681 nequeunt
1024 649 1052 675 in
1071 649 1220 683 synodum
1241 650 1398 682 convenire,
1423 651 1483 678 loco
1502 660 1551 678 suo
1570 653 1763 686 presbyterum
1781 654 1831 678 aut

179 700 325 727 diaconem
344 700 475 734 dirigant,
495 699 637 732 quatinus,
657 707 710 734 que
730 708 746 725 a
765 701 858 726 nostro
879 699 982 726 vicario
1002 700 1059 727 Deo
1080 700 1234 727 auxiliante
1254 701 1357 728 fuerint
1376 702 1502 734 definita,
1522 703 1556 729 ad
1576 712 1646 734 eum,
1666 704 1714 737 qui
1733 703 1832 729 absens

135 758 160 777 10
178 754 232 783 est,
253 760 302 786 per
320 752 420 786 ipsum,
440 760 521 785 quem
540 751 659 782 miserit,
678 751 732 777 fida
756 751 892 778 relatione
916 751 1081 785 perveniant
1089 752 1104 781 f,
1130 753 1161 778 ut
1179 752 1342 778 inconvulsa
1360 753 1493 780 firmitate
1513 756 1656 780 serventur
1674 755 1703 780 et
1726 753 1830 779 nullius

179 812 212 830 ea
237 804 340 830 audeat
365 803 518 830 occasionis
542 802 684 829 excusatio
711 802 825 829 violare.
868 802 926 829 Hoc
952 803 1037 829 etiam
1063 811 1110 828 vos
1136 803 1242 836 pariter
1265 804 1435 838 previdimus
1460 805 1657 836 admonendos,
1685 807 1716 831 ut
1740 805 1831 831 nullus

179 858 302 883 vestrum
326 856 362 882 ad
385 855 585 890 longinquiora
601 855 664 881 loca
684 854 743 881 sine
761 854 865 890 prefati
886 855 981 881 fratris
999 857 1027 881 et
1044 855 1203 889 coepiscopi
1223 856 1313 882 nostri
1329 851 1506 893 Rostagnig
1522 857 1693 884 auctoritate
1710 859 1831 891 temptet

179 907 274 940 aliquo
294 906 376 932 modo
395 905 541 940 proficisci,
562 905 688 936 scientes,
709 905 775 938 quia
795 907 823 932 et
842 905 1065 938 predecessorum
1084 907 1252 936 nostrorum,
1271 905 1319 938 qui
1340 906 1414 933 vices
1433 915 1496 933 suas
1515 907 1574 933 eius
1593 907 1831 941 predecessoribus

178 959 384 990 concesserunt,
409 957 448 984 sic
471 957 567 991 procul
588 957 673 983 dubio
693 956 826 982 mandata
845 956 988 982 definiunt.
1026 956 1175 982 Hortamur
1194 958 1332 991 preterea,
1360 959 1391 983 ut
1413 958 1446 984 de
1471 958 1562 984 officio
1586 968 1635 984 suo
1659 958 1695 984 sit
1714 958 1830 991 quisque

136 1015 160 1034 15
180 1011 301 1036 vestrum
325 1009 464 1036 sollicitus
487 1010 530 1040 et,
553 1008 600 1042 qui
626 1008 788 1042 promissam
814 1007 912 1041 cupith
932 1007 1085 1034 mercedem
1113 1008 1250 1041 portionis
1273 1008 1411 1042 accipere,
1438 1009 1612 1035 commissum
1637 1009 1691 1035 sibi
1717 1018 1830 1043 gregem

179 1059 369 1087 sollicitudine
390 1062 419 1087 et
438 1059 563 1086 oratione
583 1059 735 1090 custodiat,
760 1068 793 1085 ne
813 1059 895 1093 lupus
915 1058 1049 1085 insidians
1068 1067 1132 1085 oves
1151 1059 1271 1086 creditas
1291 1060 1447 1086 invadendo
1466 1060 1585 1087 dilaniet
1604 1062 1632 1087 et
1651 1061 1688 1087 sit
1707 1061 1734 1086 in
1754 1061 1831 1087 retri—

178 1111 293 1138 butione
313 1119 385 1145 pena
405 1120 454 1145 pro
468 1120 587 1138 munere.
619 1111 755 1145 Optamus
774 1111 869 1145 igitur,
890 1110 989 1137 fratres
1008 1110 1152 1141 carissimi,
1172 1113 1200 1137 et
1218 1110 1286 1137 totis
1305 1111 1525 1145 omnipotentem
1540 1111 1687 1138 Dominum
1702 1112 1831 1146 precibus

178 1173 334 1196 exoramus,
363 1166 395 1190 ut
417 1164 598 1190 dilectionem
623 1165 745 1190 vestram
770 1158 866 1189 bonai
890 1163 993 1189 amoris
1017 1163 1060 1189 sui
1084 1164 1260 1189 constantia
1283 1164 1371 1190 faciat
1393 1163 1483 1198 magis
1506 1164 1652 1198 magisque
1676 1164 1831 1191 fervescere

179 1217 264 1248 atque
283 1214 312 1240 in
331 1223 400 1248 pace
420 1214 536 1248 ecclesie
555 1216 584 1240 et
603 1223 657 1240 una
677 1222 723 1240 vos
744 1213 899 1240 concedatk
919 1222 1029 1239 manere
1049 1213 1206 1240 concordia.
1244 1213 1412 1241 Nuntiatum
1434 1223 1497 1241 vero
1516 1215 1595 1241 nobis
1616 1216 1665 1245 est,
1685 1214 1763 1248 quia
1783 1224 1832 1248 per

134 1274 159 1293 20
181 1266 371 1300 symoniacam
385 1266 506 1292 heresem
521 1265 556 1291 ad
569 1273 661 1291 sacros
674 1264 796 1291 ordines1
810 1264 938 1298 quidaml
951 1265 1157 1297 adducuntur,
1177 1267 1205 1292 et
1224 1265 1277 1292 hoc
1291 1265 1508 1299 suprascriptoffl
1521 1266 1601 1292 fratri
1620 1268 1648 1293 et
1667 1267 1831 1300 coepiscopo

177 1321 274 1346 nostro
294 1314 469 1356 Rosdagno
493 1327 544 1353 per
564 1318 658 1345 omnia
681 1317 887 1352 prohibendum
910 1317 1118 1349 mandavimus5
1143 1319 1218 1351 quod
1242 1318 1292 1344 ut¹¹
1311 1318 1494 1345 fratcrnitas⁰
1511 1320 1606 1345 vestra
1628 1321 1779 1353 cognoscat
1804 1322 1832 1346 et

178 1370 301 1397 studiose
321 1369 470 1400 custodiat,
490 1369 551 1402 ipsa
570 1367 648 1394 vobis
667 1370 709 1395 est
729 1367 849 1402 epistola
868 1368 1025 1402 relegenda.

281 1432 374 1456 DATA
395 1431 439 1455 UT
458 1430 575 1455 SUPRA.

970 1546 1039 1575 100.

287 1605 446 1636 Iohannes
469 1604 565 1636 VIII.
584 1614 676 1644 papa
692 1604 903 1635 Pictcwiensz's
926 1604 1070 1636 ecclesiae
1092 1605 1302 1644 possessiones
1325 1605 1364 1636 ab
1387 1605 1472 1636 omni
1495 1605 1696 1642 infestatione
1719 1604 1832 1635 liberas

133 1667 158 1687 25
179 1657 332 1695 Hecfriclo
356 1657 494 1696 episcopo
517 1656 678 1687 habendas
700 1656 755 1687 svb
778 1657 950 1696 apostolica
973 1657 1106 1688 tuitione
1129 1656 1304 1695 confirmat.
1385 1657 1490 1687 Traeis
1506 1657 1570 1687 878
1594 1657 1676 1696 Any.
1693 1658 1744 1687 30.

289 1724 364 1751 CocZ.:
393 1725 420 1751 R
439 1727 459 1758 f.
474 1729 508 1750 49
526 1732 553 1750 n.
569 1728 608 1751 98.

280 1776 366 1803 Εᾱιῑ.,·
394 1776 486 1802 Editio
500 1776 624 1802 Romana
644 1776 729 1810 (1591)
749 1776 808 1808 III,
826 1779 876 1802 379
894 1784 921 1802 η,
936 1780 979 1801 111
998 1787 1029 1797 --
1049 1775 1174 1801 sirmond
1195 1775 1272 1802 Cone.
1285 1778 1342 1802 met.
1359 1775 1463 1802 Galliae
1482 1776 1538 1807 III,
1553 1778 1603 1801 481
1622 1780 1697 1807 0241,
1716 1776 1746 1801 ¹in
1765 1776 1832 1802 actis

176 1819 272 1854 synodi
288 1820 422 1845 Trecensis
440 1828 468 1846 oz.
481 1822 497 1845 8
516 1831 547 1841 =
567 1819 662 1844 Mcmsi
682 1818 757 1844 Cone.
768 1819 823 1845 coll.
838 1819 935 1851 XVII,
954 1822 998 1845 351
1017 1822 1069 1845 ms
1088 1818 1133 1851 (cf.
1151 1827 1179 1852 p.
1193 1822 1227 1844 90
1244 1827 1271 1845 n.
1283 1819 1346 1852 111).
1377 1818 1470 1852 Mifflw
1489 1818 1619 1844 Paro-stat.
1636 1818 1771 1850 CXXVI,
1788 1823 1833 1844 796

175 1872 203 1890 n.
218 1867 271 1889 151.
290 1877 324 1881 —
342 1862 415 1894 JaffeZ
434 1862 499 1896 Rey.
512 1865 579 1889 3181
600 1862 701 1895 (2399).

134 1950 160 1970 30
230 1942 381 1967 OMNIBUS
405 1942 585 1966 FIDELIBUS
609 1940 766 1966 SANCTAE
790 1942 849 1965 DEI
871 1941 1045 1977 ECCLESIFj,
1068 1941 1298 1978 PRfiSENTIBUS
1322 1941 1475 1965 SCILICET
1494 1941 1610 1971 ATQUE
1634 1941 1786 1965 FUTURIS.

285 1996 444 2039 [D]ivino⁸
461 1997 535 2038 quia
548 1996 730 2027 Romanum
746 1996 943 2037 pontificium
960 1997 1078 2038 largitu
1095 1998 1196 2027 enitet
1211 1996 1376 2035 universis,
1393 1996 1473 2026 illud
1489 1996 1560 2027 luce
1577 1995 1692 2027 clarius
1709 1998 1833 2026 constat

177 2049 293 2090 largita
316 2048 543 2080 defendendab
566 2049 702 2088 cunctis,
730 2048 881 2089 quoniam
905 2048 1077 2079 indubitati
1105 2049 1182 2079 iuris
1210 2051 1259 2079 est
1286 2047 1388 2079 semel
1412 2057 1564 2079 concessa
1590 2047 1723 2088 perenni
1747 2047 1833 2077 cultu

177 2101 246 2131 fore
270 2100 418 2132 tenenda.
465 2099 617 2131 Ceterum
642 2100 783 2131 omnium
807 2100 1001 2140 religiositas
1025 2100 1342 2140 orthodoxorumque
1366 2103 1538 2140 pernoscat
1561 2099 1712 2136 fidelitas,
1737 2098 1833 2139 quod,

179 2151 302 2194 [sicut]c
326 2152 429 2183 relatu
453 2151 653 2193 quorundam
677 2151 855 2189 didicimus,
882 2151 1102 2183 Pictavensis2
1127 2151 1255 2193 quidem
1281 2151 1427 2189 ecclesia,
1453 2161 1548 2191 quam
1573 2150 1711 2181 diutinus
1735 2160 1833 2190 paga-

133 2216 157 2235 35
177 2213 289 2234 norum
321 2203 421 2234 hostis
453 2203 670 2244 persequitur,
700 2203 801 2234 multa
826 2202 1080 2234 Christianorum
1110 2203 1291 2244 iniquorum
1322 2201 1526 2233 incommoda
1555 2202 1688 2242 patitur,
1719 2200 1832 2242 quibus

177 2254 333 2295 pressuris
356 2265 413 2285 nos
437 2255 586 2285 convenit
609 2254 780 2295 perdolere
805 2254 1007 2295 eandemque
1024 2254 1248 2285 nichilominus
1266 2256 1354 2285 tanto
1371 2254 1458 2284 fasce
1475 2253 1593 2284 levare.
1629 2253 1833 2293 Quapropter

177 2306 370 2347 precipimus
394 2305 636 2347 apostolicaque
660 2307 852 2337 auctoritate
877 2316 1031 2348 expresse
1055 2306 1212 2345 iubemus⁷
1237 2305 1345 2346 quod(l
1368 2315 1463 2336 nemo
1480 2308 1619 2336 vestrum
1645 2307 1709 2334 tam
1726 2314 1831 2334 sacer-

176 2357 276 2389 dotali
311 2358 421 2389 ordine
456 2357 624 2398 perfruens
658 2368 819 2398 quamque
854 2357 992 2389 militare
1027 2357 1167 2388 officium
1199 2360 1312 2388 tenens
1340 2357 1438 2397 ipsius
1468 2356 1603 2396 ecclesie
1634 2355 1832 2386 Pictavensis

280 2472 303 2502 a)
323 2479 390 2496 corr.
403 2479 433 2495 ex
451 2471 501 2502 Qui
520 2471 556 2496 al.
569 2479 639 2495 man.
652 2470 684 2496 R.
755 2469 780 2503 b)
795 2475 886 2502 postea
900 2470 962 2495 add.
975 2471 1004 2495 in
1016 2471 1098 2502 spatio
1111 2471 1198 2496 relicto
1212 2471 1246 2495 al.
1261 2479 1330 2494 man.
1345 2469 1381 2498 B;
1400 2470 1433 2501 cf.
1447 2468 1507 2494 NA.
1522 2468 1654 2499 XXXVI,
1668 2469 1702 2492 93
1715 2471 1801 2492 tmnol.
1811 2470 1831 2491 1.

134 2523 160 2542 40
179 2514 201 2547 c)
221 2514 339 2547 permitat
359 2514 388 2539 R.
467 2512 492 2545 d)
511 2523 523 2538 r
540 2514 568 2538 ἰἠ
586 2522 639 2539 ras.
658 2513 690 2538 R.
768 2513 792 2545 e)
811 2518 822 2538 t
844 2514 871 2538 in
889 2522 942 2538 ras.
961 2514 993 2539 R.
1072 2512 1092 2545 f)
1113 2514 1245 2545 perveniat
1265 2513 1296 2537 R.
1377 2512 1402 2543 Β)
1420 2513 1550 2543 Rostagno
1568 2510 1600 2535 R.
1677 2509 1702 2541 h)
1722 2518 1787 2534 corr.
1801 2517 1832 2534 ea·

177 2565 236 2582 cum
252 2556 256 2588 l
272 2565 317 2590 pre
341 2558 376 2582 al.
395 2565 465 2582 mem.
484 2556 517 2581 R.
603 2555 622 2587 i)
641 2565 707 2582 corr.
721 2565 752 2581 ex
769 2557 830 2581 boni
850 2557 884 2581 al.
903 2565 973 2582 Ίηαη.
992 2556 1024 2582 R.
1112 2555 1137 2588 ¹¹)
1158 2565 1225 2582 corr.
1239 2565 1269 2581 ew
1287 2555 1436 2580 coucedatat
1457 2554 1491 2579 R.
1582 2552 1600 2585 1)
1615 2557 1706 2585 postea
1724 2552 1786 2577 add.
1806 2552 1831 2575 ἰη

177 2600 258 2632 spatio
276 2600 363 2625 relicto
381 2601 417 2626 al.
436 2608 504 2624 man.
524 2599 561 2628 R,·
583 2600 617 2632 cf.
637 2599 697 2625 NA.
717 2598 855 2630 XXXVI,
875 2601 908 2625 93
932 2604 1019 2625 annot.
1036 2602 1058 2624 1.
1164 2598 1196 2630 m)
1215 2600 1339 2631 supraffi)
1359 2597 1390 2622 R.
1497 2596 1521 2627 n)
1539 2596 1566 2620 in
1584 2604 1637 2620 ras.
1657 2595 1690 2620 al.
1710 2603 1778 2619 man.
1799 2594 1830 2619 H.

177 2642 201 2673 Ο)
220 2651 288 2667 corr.
301 2651 331 2667 ex
349 2642 518 2667 fraternitatis
540 2642 569 2668 R.

282 2692 339 2719 100.
364 2694 387 2725 ει)
407 2695 486 2718 Immo
505 2693 536 2718 R.
624 2692 649 2723 b)
669 2694 805 2719 defendent
831 2693 862 2719 R.
953 2694 975 2725 ⁰)
996 2702 1042 2718 om.
1062 2693 1094 2718 R.
1184 2691 1208 2724 d)
1227 2701 1278 2724 qno
1298 2693 1329 2717 R.

135 2775 160 2794 45
281 2769 306 2801 1)
329 2767 369 2800 Cf.
383 2777 409 2794 n.
422 2771 474 2795 1:³0
493 2771 517 2794 et
536 2777 558 2795 r.
570 2768 659 2795 Hacke
676 2768 737 2794 ‘Die
750 2768 1055 2802 Pallimnvcrleilnmyen
1074 2768 1112 2795 bis
1128 2771 1194 2794 1143
1212 2766 1383 2801 (Goltinqeffi
1397 2767 1470 2799 1898)
1485 2774 1515 2799 p.
1529 2769 1578 2792 109
1588 2774 1624 2798 sq.
1696 2765 1722 2795 2)
1744 2762 1831 2788 Hodie.

178 2810 300 2837 ‘Poitiers
307 2811 322 2836 ’.
