2189 3042
155 684 182 702 cf.
200 682 324 705 las-122:

205 710 276 731 ,πμ-’1,

176 1264 202 1284 cf.
219 1263 248 1284 Io.
261 1265 292 1287 21.
305 1265 335 1283 Π.

347 193 385 220 70
836 179 1013 207 IOHANNIS
1031 179 1105 206 VIII.
1124 178 1241 205 PAPAE
1264 177 1438 204 EPISTOLA
1458 178 1498 204 74.

347 274 537 305 incolumem
554 271 715 310 facietque
732 277 884 309 prospere
901 267 1011 308 vigere
1035 267 1066 296 in
1091 265 1237 296 omnibus
1261 268 1294 295 et
1316 264 1358 295 ad
1381 273 1571 305 prosperum
1594 273 1696 304 usque
1713 263 1808 294 finem
1825 262 1990 303 perducet.

347 326 560 364 Quapropter,
584 322 628 352 fili
652 321 828 359 carissime,
857 330 933 360 sepe
958 318 1115 349 voluimus
1139 321 1243 358 vestre
1268 316 1407 348 scribere
1431 315 1608 354 dilectioni,
1638 325 1701 345 non
1725 315 1827 346 solum
1850 317 1991 345 nostram

348 376 435 407 vobis
465 375 600 405 salutem
632 371 871 410 innotescendo,
902 370 959 401 sed
990 373 1022 401 et
1053 369 1092 400 de
1120 372 1227 400 vestra
1259 368 1474 409 prosperitate
1504 370 1601 408 atque
1632 366 1851 397 incolumitate
1881 365 1992 396 audire

347 427 514 468 cupiendo,
539 424 596 456 sed
618 434 681 454 nou
705 423 808 453 solum
825 431 1024 463 paganorum
1042 420 1179 452 crebrisa
1195 420 1314 461 ubique
1339 418 1580 455 incursionibus,
1597 428 1705 449 verum
1723 418 1821 449 etiam
1839 416 1993 448 Christia-

348 489 458 509 norum
482 476 604 508 insidiis
628 474 814 507 circumdati
838 473 1048 514 nequivimus.
1088 472 1133 503 At
1155 482 1247 511 nunc,
1266 471 1418 513 quoniam
1434 471 1505 502 Deo
1524 470 1712 511 disponente
1736 472 1863 509 tempus
1888 469 1995 499 evenit

348 532 554 570 oportunum,
587 527 777 566 excellentie
802 528 923 565 vestre,
954 535 1014 565 que
1044 527 1076 555 et
1100 524 1208 565 qualia
1239 534 1347 554 sumus
1378 533 1434 554 nos
1464 532 1534 554 cum
1558 524 1627 552 tota
1651 521 1787 552 ecclesia
1811 524 1844 551 et
1865 519 1994 550 civitate

347 582 493 612 Romana.
517 579 660 621 perpessi
683 588 702 609 a
726 578 900 618 Lamperto
925 577 1056 615 comite,
1085 576 1183 606 veluti
1213 575 1278 606 filio
1309 575 1471 606 carissimo
1497 578 1529 604 et
1556 573 1644 604 fideli
1668 573 1771 604 amico
1794 571 1963 604 referimus
1974 572 1993 602 ¹.

347 636 427 665 Cum
452 633 560 673 itaque
584 630 728 672 predicto
746 628 920 660 Lamberto
944 628 1044 659 multa
1068 627 1185 658 cotidie
1203 626 1288 657 bona
1304 626 1492 657 fecissemus
1509 625 1704 666 dignumque
1727 624 1995 665 impendissemus

345 686 509 721 honorem,
534 692 629 723 supra
647 691 742 722 quam
759 683 979 711 antecessores
995 679 1094 709 nostri
1111 678 1296 719 parentibus
1319 678 1404 708 illius
1424 678 1585 717 fecissent,
1608 677 1675 718 ipse
1699 686 1757 716 pro
1774 675 1886 706 bonisb
1909 675 1996 706 mala

346 735 525 767 retribuens
556 733 692 765 collecta
720 732 829 773 populi
853 730 1057 762 multitudine
1083 740 1177 760 omne
1202 730 1396 761 territorium
1431 729 1531 760 sancti
1560 729 1650 760 Petri
1685 728 1801 758 invasit
1831 730 1877 767 et,
1910 726 1996 768 quod

347 787 521 819 defendere
550 785 648 816 debet
671 784 711 815 ab
734 783 895 823 hostibus,
927 783 1089 823 tyrannice
1115 781 1313 812 dominaturc
1336 781 1479 811 invasum
1508 781 1659 821 venitque
1682 779 1821 810 Romam
1850 781 1882 809 et
1906 778 1996 819 quasi

347 839 492 869 inimicus
522 840 647 878 portam
676 836 814 867 civitatis
837 835 983 866 Romane
1015 834 1172 864 violenter
1202 833 1332 873 capiens
1365 832 1521 864 satellites
1553 843 1627 863 suos
1656 842 1713 872 per
1743 831 1812 861 dies
1842 831 1997 871 plurimos

346 891 485 921 retinere
503 889 579 920 fecit
602 899 639 919 ac
656 887 719 918 sicd
743 890 865 918 tantam
883 887 1045 917 civitatem
1069 886 1230 916 invasame
1253 885 1393 921 retinuit,
1417 885 1462 914 ita
1485 894 1560 915 sane
1584 886 1619 914 ut
1641 883 1732 914 nobis
1756 882 1843 923 apud
1866 882 1997 913 beatum

347 943 479 973 Petrum
505 939 750 972 consistentibus
774 939 892 969 nullam
916 937 1004 968 urbis
1027 937 1131 977 Rome
1155 938 1351 977 potestatem
1380 946 1398 966 a
1423 936 1482 976 piis
1506 934 1753 976 imperatoribus
1778 934 1874 965 beato
1897 933 1996 964 Petro

348 993 482 1034 principi
505 991 724 1033 apostolorum
746 991 878 1031 eiusque
900 989 1024 1020 vicariis
1046 987 1197 1019 traditam
1219 987 1428 1023 haberemus;
1452 997 1559 1017 sacras
1579 990 1687 1017 autem
1712 986 1849 1017 letanias
1873 985 1996 1026 episco-

349 1056 406 1085 pos
431 1048 463 1075 et
486 1043 671 1074 sacerdotes
695 1046 791 1083 atque
816 1051 925 1072 servos
948 1040 1009 1071 Dei
1037 1050 1078 1070 ex
1102 1050 1190 1070 more
1216 1038 1438 1070 celebrantes2
1462 1042 1494 1069 et
1521 1038 1562 1068 ad
1587 1038 1755 1069 eeclesiam
1784 1037 1885 1068 sancti
1909 1037 1999 1067 Petri

349 1097 456 1127 venire
485 1095 645 1126 volentesf
668 1094 804 1124 fustibus
828 1093 944 1124 cedere
974 1102 1009 1122 ac
1039 1091 1226 1132 dispergere
1255 1089 1530 1130 fecit-intulitque
1559 1089 1651 1120 nobis
1679 1089 1850 1126 contraria,
1880 1091 1999 1129 quanta

350 1148 429 1178 nulli
458 1157 677 1188 precessorum
709 1147 887 1176 nostrorum
918 1153 1069 1184 umquam
1101 1142 1186 1173 facta
1218 1142 1359 1181 fuerunt,
1394 1142 1568 1182 existitque
1601 1144 1731 1182 paratus
1761 1140 1854 1172 nobis
1883 1141 1998 1171 iterum

351 1200 473 1230 maiora
497 1198 627 1237 inferre,
657 1198 745 1229 euius
774 1197 819 1227 rei
848 1206 944 1226 causa
968 1196 1135 1226 nescimus
1184 1194 1416 1233 Quamobrem,
1447 1193 1522 1234 quia
1551 1196 1693 1223 nostrum
1717 1193 1926 1223 ministerium
1951 1195 2000 1223 est

352 1261 408 1291 pro
434 1251 529 1281 totius
547 1249 793 1281 Christianitatis
817 1248 918 1278 salute
942 1247 1115 1278 Dominum
1140 1246 1267 1277 assidue
1292 1245 1468 1286 deprecari,
1489 1248 1525 1275 ut
1549 1255 1634 1283 oves,
1655 1255 1734 1285 quas
1751 1244 1895 1276 Christus
1910 1244 2000 1275 Deus

351 1305 460 1333 noster
483 1301 574 1332 nobis
598 1302 629 1331 in
645 1301 740 1331 beato
758 1300 855 1331 Petro
873 1298 1119 1336 commendavit,
1144 1297 1271 1338 iugibus
1288 1298 1370 1328 votis
1395 1300 1427 1327 et
1450 1296 1599 1337 precibus
1619 1295 1660 1326 ad
1678 1300 1785 1336 eterne
1802 1297 1865 1336 vite
1882 1305 2001 1337 pascua

352 1353 527 1394 perducere
544 1353 718 1389 valeamus,
735 1351 944 1382 voluissemus
968 1350 1110 1381 debitam
1133 1349 1253 1380 habere
1271 1350 1442 1390 quietemss,
1467 1348 1524 1379 sed
1547 1348 1601 1379 illo
1626 1349 1732 1388 pravis
1755 1347 2001 1388 cogitationibus

353 1409 384 1436 et
407 1404 530 1435 actibus
553 1414 587 1435 se
611 1414 673 1434 non
697 1403 895 1439 retrahente,
926 1403 1000 1443 quin
1030 1402 1136 1442 potius
1165 1412 1221 1431 nos
1246 1411 1317 1431 cum
1341 1401 1476 1431 inimicis
1500 1403 1533 1430 et
1560 1399 1740 1430 infidelibus
1764 1400 1893 1438 nostris,
1923 1410 2001 1440 quos

352 1457 401 1487 bis
433 1457 495 1487 iam
526 1459 558 1486 ct
585 1459 634 1486 ter
658 1455 951 1486 excommunicatos
979 1456 1011 1484 et
1034 1453 1321 1484 anathematizatos
1344 1452 1535 1491 habemus³,
1567 1452 1674 1482 iuncto
1704 1461 1829 1482 rursum
1851 1450 2001 1482 turbareh

355 1508 495 1547 volente,
521 1518 671 1548 rogamus
694 1505 907 1537 nobilitatemi
930 1508 1086 1544 vestram,
1111 1508 1146 1536 ut
1168 1515 1226 1545 pro
1251 1515 1360 1535 amore
1377 1503 1440 1534 Dei
1464 1507 1497 1534 et
1520 1503 1620 1534 sancti
1637 1503 1726 1534 Petri
1750 1513 1787 1533 ac
1810 1505 1918 1533 nostro
1943 1502 2002 1543 hec

355 1561 461 1590 onmia
485 1563 517 1590 et
539 1557 799 1589 Karolomannok
816 1557 976 1598 gloriosok
1000 1556 1091 1597 regik
1112 1560 1144 1587 et
1167 1556 1301 1597 spiritali
1324 1556 1388 1586 filio
1412 1558 1519 1586 nostro
1544 1556 1671 1596 cognita
1695 1555 1829 1594 faciatis,
1855 1555 2003 1595 quatinus

355 1613 457 1642 missis
488 1610 631 1651 apicibus
666 1611 730 1640 suis
765 1620 837 1640 eum
868 1620 886 1639 a
910 1609 965 1639 tali
989 1608 1229 1649 presumptione
1254 1610 1438 1648 compescat
1466 1610 1511 1646 et,
1543 1606 1629 1647 quod
1656 1610 1802 1646 tempore
1834 1609 2002 1646 parentum

354 1663 438 1693 illius
461 1662 554 1693 sedes
578 1661 754 1702 apostolica
777 1671 839 1691 non
864 1661 1019 1699 sustinuit,
1045 1660 1112 1690 eius
1136 1670 1198 1690 non
1222 1659 1362 1700 patiatur
1384 1658 1511 1693 diebus;
1536 1662 1568 1689 et
1583 1658 1697 1688 vestris
1720 1657 1866 1688 similiter
1889 1658 2003 1688 litteris

357 1714 507 1746 eundeml
532 1713 702 1744 admonete
731 1713 945 1753 corripiteque
969 1711 1193 1750 Lambertum,
1225 1714 1259 1741 ut
1288 1710 1407 1740 nullam
1432 1709 1471 1740 de
1496 1712 1603 1740 cetero
1628 1709 1887 1740 contrarietatem
1911 1708 2004 1739 nobis

356 1767 503 1807 ingerere
527 1768 707 1806 presumat,
739 1774 776 1795 eo
802 1764 888 1805 quod
911 1774 970 1794 nec
992 1763 1064 1794 Deo
1087 1773 1146 1794 nec
1171 1763 1265 1793 alicui
1289 1762 1394 1793 Deum
1418 1762 1543 1792 timenti
1571 1762 1639 1792 eius
1663 1761 1854 1791 temeritatis
1876 1761 2005 1801 placeat

357 1818 499 1848 effectus.
540 1816 664 1847 sivero
690 1815 775 1846 idem
791 1815 984 1846 Lambertus
1007 1825 1065 1845 nos
1088 1815 1237 1855 persequi
1261 1824 1323 1844 non
1347 1814 1500 1851 omiserit,
1524 1823 1580 1843 nos
1603 1813 1668 1843 iam
1691 1812 1776 1843 dieto
1800 1812 1869 1853 regi
1892 1812 2005 1843 fideles

358 1869 451 1900 amici
476 1878 545 1899 esse
563 1867 750 1908 quomodoffl
768 1877 945 1907 possumus,
971 1867 1045 1907 quia
1069 1867 1136 1897 eius
1161 1876 1194 1896 se
1219 1866 1404 1896 voluntateu
1428 1866 1565 1895 iactatur
1589 1864 1666 1894 talia
1690 1865 1828 1905 agere?4
1866 1863 1907 1894 Et
1930 1864 2004 1894 ideo

360 1931 414 1951 uos
438 1920 601 1957 adiuvare,
626 1920 706 1950 sicut
729 1929 824 1960 supra
842 1919 961 1949 dictum
985 1922 1043 1958 est,
1067 1920 1269 1959 procurate03
1294 1927 1367 1947 nam
1392 1927 1448 1947 nos
1473 1926 1520 1956 ea,
1545 1926 1606 1956 que
1627 1919 1731 1956 vestre
1753 1915 1870 1946 fuerint
1886 1916 2005 1956 placita

359 1972 524 2010 voluntati,
547 1971 756 2001 libentissime
781 1970 934 2011 perficere
952 1969 1160 2009 studebimus,
1185 1979 1223 2000 eo
1246 1968 1331 2009 quod
1354 1979 1410 1998 vos
1433 1968 1503 1998 loco
1528 1967 1737 1998 amantissimi
1760 1967 1817 1997 filii
1834 1967 2006 2008 quamdiup

359 2025 533 2054 vixerimus
569 2023 707 2053 retinere
746 2025 917 2063 nostreque
953 2021 1087 2061 ecclesie
1118 2031 1230 2052 causas
1260 2020 1457 2051 necessarias
1487 2029 1545 2060 per
1574 2029 1631 2049 vos
1661 2018 1816 2059 perficere
1848 2022 2005 2059 optamus,

358 2076 513 2106 Preterea
537 2074 681 2105 homines
698 2077 830 2113 vestros,
855 2073 909 2114 qui
934 2073 1104 2104 orationis'l
1128 2083 1225 2103 causa
1252 2082 1308 2113 pro
1333 2072 1396 2101 suis
1421 2071 1546 2102 delictis
1569 2070 1742 2101 Dominum
1766 2069 2006 2101 misericordem

465 2162 488 2193 a)
506 2162 573 2186 -bris
594 2162 621 2185 in
638 2170 691 2185 ras.
707 2161 742 2185 al.
754 2168 823 2184 man.
842 2160 874 2185 R.
964 2159 988 2191 b)
1010 2161 1025 2185 b
1044 2169 1110 2185 corr.
1129 2168 1159 2184 εκ
1178 2168 1195 2184 u
1214 2158 1245 2183 B.
1335 2158 1357 2189 ⁰)
1375 2159 1487 2183 dfiantur
1505 2157 1537 2182 R.
1619 2155 1643 2188 d)
1662 2165 1728 2181 corr.
1746 2165 1777 2181 επ
1799 2157 1819 2181 si
1839 2157 1873 2181 al.
1887 2165 1957 2182 man.
1975 2156 2006 2181 R.

361 2208 382 2237 Θ)
403 2214 469 2230 corr.
488 2213 518 2229 ea:
540 2205 630 2229 invasa
653 2204 687 2228 al.
707 2212 775 2228 man.
794 2202 826 2227 R.
927 2202 946 2233 f)
966 2203 1111 2227 volentibus
1130 2202 1161 2226 R.
1258 2201 1283 2233 g)
1302 2210 1368 2226 corr.
1386 2209 1417 2225 ex
1439 2201 1554 2232 quietam
1578 2200 1613 2224 al.
1632 2208 1701 2224 man.
1720 2198 1752 2224 R.
1847 2198 1873 2230 h)
1893 2207 1959 2223 corr.
1978 2207 2009 2224 ex

364 2249 454 2274 tubare
464 2249 498 2272 al.
509 2256 579 2271 man.
589 2247 621 2272 R.
692 2245 709 2276 i)
722 2246 880 2271 nouilitatem
895 2245 926 2270 R.
997 2244 1022 2278 k)
1036 2254 1102 2270 corr.
1118 2254 1147 2270 ex
1158 2245 1375 2269 Karolomaunum
1389 2244 1527 2276 gloriosum
1542 2251 1627 2275 regem
1642 2243 1676 2267 al.
1689 2250 1760 2267 man.
1779 2241 1812 2267 R.
1883 2240 1901 2273 l)
1912 2243 1927 2266 d
1941 2250 2008 2266 corr.

361 2300 390 2316 ex
409 2296 419 2316 t
437 2291 469 2316 B.
557 2290 589 2321 ¹³³)
609 2290 624 2314 d
643 2298 709 2314 corr.
723 2298 753 2314 ea:
766 2298 783 2314 u
802 2289 833 2313 R.
913 2290 937 2319 n)
957 2293 996 2313 -te
1016 2297 1082 2313 corr.
1096 2297 1126 2313 ex
1144 2292 1208 2313 >tem
1227 2288 1258 2312 R.
1339 2287 1361 2318 0)
1381 2292 1420 2312 -te
1440 2287 1466 2311 in
1484 2295 1536 2310 ras.
1557 2286 1589 2310 R.
1666 2285 1691 2316 1))
1710 2294 1777 2310 corr.
1790 2293 1821 2310 ex
1839 2285 1954 2317 quandiu
1974 2285 2005 2310 R.

361 2334 386 2367 (ι)
411 2335 530 2359 Ultimum
548 2335 556 2358 i
575 2333 636 2358 add.
656 2342 737 2364 supra
756 2333 849 2357 lineam
868 2332 899 2357 B.

467 2384 491 2417 1)
514 2384 554 2415 Cf.
567 2392 593 2409 τι.
608 2386 645 2409 73.
727 2383 753 2414 2)
773 2382 833 2408 Has
852 2382 961 2407 litanias
979 2382 1069 2408 nullas
1087 2382 1157 2407 alias
1175 2381 1230 2407 nisi
1249 2381 1373 2406 litaniam
1392 2380 1515 2406 ”zaim-em
1533 2388 1591 2411 esse,
1611 2387 1678 2412 quac
1696 2379 1840 2404 celebratur
1856 2378 2008 2411 d.25.A1n·.

363 2429 408 2461 (cf.
422 2427 566 2453 Duclzcsne
580 2426 638 2452 Lib.
649 2426 748 2458 pontis.
763 2425 802 2457 ΙΙ,
815 2428 846 2452 35
857 2426 999 2458 amamur)
1013 2425 1113 2451 censuit
1125 2424 1241 2457 Laptsstoc
1252 2424 1406 2456 ‘L'Europe
1425 2426 1448 2449 et
1461 2423 1483 2449 le
1497 2421 1676 2455 Saint-Sieye'
1690 2422 1713 2454 I,
1724 2424 1773 2447 342
1790 2424 1884 2447 annot.
1895 2424 1917 2454 2,
1935 2420 2010 2446 unde

363 2470 563 2503 occupatiown
586 2469 662 2495 Urbis
684 2468 771 2494 adhuc
789 2468 932 2494 durantem
950 2468 974 2493 d.
994 2468 1122 2501 25.A1›r.,
1146 2467 1191 2493 sed
1210 2467 1235 2492 d.
1251 2470 1291 2493 28.
1302 2467 1368 2500 Apo'.
1388 2467 1443 2491 iam
1464 2468 1604 2491 cessantem
1629 2465 1676 2497 (cf.
1696 2473 1722 2490 n.
1738 2467 1768 2490 72
1782 2473 1810 2497 p.
1826 2468 1858 2490 67
1875 2466 1967 2490 annot.
1982 2464 2010 2495 3)

364 2514 390 2539 d.
409 2517 498 2545 26.s·.)7.
512 2513 579 2545 Apr.
597 2512 715 2544 finivisse
733 2514 756 2536 et
776 2511 800 2537 d.
820 2511 910 2543 ‘Hks-27.
926 2511 1009 2536 Mart.
1029 2511 1139 2543 coepisse
1158 2510 1273 2536 coniecit.
1312 2509 1363 2535 Sed
1380 2509 1486 2535 nullum
1504 2508 1565 2534 inde
1583 2509 1637 2534 nisi
1654 2508 1739 2533 unius
1756 2507 1810 2533 diei
1827 2507 1944 2540 spatium
1958 2515 2010 2540 pro

364 2556 464 2590 synodo
484 2556 610 2581 Romana
629 2555 675 2587 (cf.
691 2563 718 2580 u.
734 2558 762 2579 72
781 2562 808 2586 1).
824 2558 857 2580 67
875 2557 966 2579 annot.
985 2556 1008 2585 3,
1027 2562 1054 2578 n.
1068 2556 1096 2579 73
1114 2562 1143 2586 p.
1157 2556 1190 2579 69
1208 2555 1301 2578 annot.
1315 2553 1341 2585 3)
1360 2555 1382 2577 et
1398 2560 1449 2585 pro
1468 2551 1569 2584 duplici
1588 2551 1725 2577 Lamberti
1741 2550 2011 2576 excommunicatione

361 2600 477 2631 primum
491 2599 521 2623 in
533 2598 637 2623 eeclesia
649 2606 669 2623 s.
682 2597 773 2628 Pauli,
791 2597 888 2623 deinde
906 2597 936 2622 in
950 2596 1058 2622 ecclesia
1076 2604 1095 2622 s.
1112 2596 1183 2622 Petri
1196 2595 1240 2628 (cf.
1253 2595 1331 2628 ibid.)
1343 2597 1498 2620 remaneret.
1524 2594 1653 2620 Litaniae
1666 2601 1726 2620 rero
1746 2602 1779 2620 ex
1792 2601 1866 2619 more
1884 2593 1962 2618 etiam
1981 2593 2011 2618 in

367 2642 454 2675 riqilia
464 2641 586 2675 paschali*
595 2644 672 2673 (8752-
682 2641 765 2666 Mart.
775 2641 818 2672 22)
828 2643 849 2665 et
859 2642 994 2672 praeterea
1007 2647 1108 2672 quoquc
1117 2642 1231 2672 propter
1243 2638 1392 2672 singulares
1404 2645 1481 2663 casus
1494 2639 1541 2662 aut
1553 2637 1683 2662 instantis
1691 2636 1806 2670 periculi
1816 2638 1863 2661 aut
1872 2636 2012 2662 saem'entis

365 2685 444 2718 pestis
457 2684 599 2710 celebratae
616 2685 685 2708 sunt.
722 2682 767 2708 Ad
779 2691 890 2708 mensem
908 2682 993 2715 fiyzsstm
1006 2682 1148 2714 Martium,
1167 2682 1235 2707 sicut
1248 2680 1385 2707 Dilmmlcr
1398 2681 1414 2706 l.
1425 2681 1440 2706 Ζ.
1452 2680 1504 2706 ΠΙ
1510 2682 1520 2695 ²
1532 2683 1568 2713 73,
1587 2680 1664 2706 certis
1676 2679 1795 2705 terminis
1807 2678 1917 2711 omissis,
1936 2686 2011 2704 occu-

364 2728 440 2761 patio
458 2727 531 2753 urbis
549 2726 687 2758 reserenda
701 2728 745 2758 est,
764 2728 798 2759 ef.
812 2725 874 2751 NA.
888 2725 1035 2757 XXXVI,
1051 2729 1097 2751 147
1108 2727 1201 2752 annot.
1213 2729 1234 2750 1.
1304 2724 1331 2756 3)
1354 2723 1394 2755 Cf.
1408 2731 1434 2749 n.
1447 2726 1484 2755 73,
1501 2731 1528 2755 p.
1542 2726 1576 2749 68
1589 2725 1681 2749 annot.
1694 2726 1735 2749 10.
1804 2722 1832 2754 4)
1852 2721 2010 2747 Lambertus

366 2770 509 2797 secumdum
528 2770 600 2795 Amz.
619 2768 701 2795 Fam.
716 2768 750 2794 acl
769 2777 794 2794 α.
809 2771 859 2794 878
877 2768 926 2800 (ed.
940 2768 1029 2793 Kuree
1045 2776 1071 2800 Ρ.
1086 2771 1140 2801 91):
1160 2767 1312 2801 optimates
1330 2766 1516 2793 Romanorum
1534 2765 1699 2792 fidelitatem
1719 2764 1885 2792 Carlmanno
1904 2764 2012 2790 firmare

367 2816 492 2847 coryco-nt.
525 2813 565 2844 Cf.
576 2813 655 2838 etiam
668 2820 694 2838 oz.
706 2815 748 2837 88.
781 2811 860 2844 Quod
873 2811 976 2837 minime
989 2811 1073 2843 ipsius
1086 2811 1150 2844 reqis
1162 2811 1238 2836 iussu
1249 2810 1350 2842 factum
1362 2817 1412 2835 esse
1422 2817 1498 2842 papa
1507 2816 1665 2842 persuasum
1678 2816 1703 2834 sc
1715 2807 1809 2834 habere
1820 2807 1914 2834 callide
1924 2806 2010 2840 fingit.

2015 740 2040 759 1⁰

2016 997 2041 1016 15

2018 1255 2044 1274 2⁰

2021 1512 2046 1531 25

2023 1768 2048 1787 30

2025 2030 2049 2048 35

2025 2291 2051 2310 40

2028 2512 2053 2531 45

2029 2727 2054 2745 50
