2189 3042
716 151 893 178 lOHANNIS
912 152 988 179 VIII.
1007 152 1123 178 PAPAE
1146 152 1321 180 EPISTOLA
1342 153 1400 180 207.

233 238 378 269 instituta
394 237 611 278 comprobatis
628 238 714 278 prius
731 237 873 268 moribus
895 240 927 268 et
947 237 1030 278 bone

234 289 298 330 vite
325 289 447 319 meritis
471 288 704 330 refulgentibus
731 288 773 319 ad
797 299 955 319 summum
980 300 1029 320 sa-

233 340 410 371 cerdotium
451 339 654 380 postmodum
692 341 836 379 veniant,
880 341 1030 381 quoniam

232 402 297 422 non
324 394 372 422 est
400 391 505 422 subito
529 390 768 432 preripiendum
794 391 844 422 vel
874 402 1029 432 usurpan-

200 455 212 473 5
233 443 318 484 dum,
343 442 429 484 quod
452 443 517 473 vita
541 442 595 472 diu
621 442 758 483 probata
782 446 923 473 meretur
946 443 1029 474 acci-

231 504 319 535 pere.
358 493 442 524 Nam
462 494 488 524 si
509 493 540 524 in
559 493 754 534 quibuslibet
770 494 905 534 ecclesie
922 495 1029 535 gradi-

231 545 289 576 bus
306 545 511 586 providenter
528 545 703 576 curandum
721 548 779 585 est,
803 548 838 576 ut
853 546 885 576 in
900 546 1030 576 Domini

231 596 326 628 domo
351 596 447 627 nichil
471 597 511 627 sit
534 596 758 636 inordinatum,
784 601 902 638 quanto
928 599 1030 638 magis

232 648 482 680 elaborandum³
500 651 557 687 est,
574 650 609 678 ut
629 649 660 678 in
678 649 863 680 evectioneb
880 650 958 689 eius7
976 651 1030 690 qui

189 711 213 730 ιο
232 710 328 741 supra
352 710 463 730 omnes
478 699 597 740 gradus
620 700 832 739 constituitur,
856 711 919 731 non
943 711 1029 731 erre-

231 754 302 782 tur?
340 750 423 782 Nam
448 751 544 781 totius
569 750 689 791 familie
706 751 835 782 Domini
859 754 977 782 status⁰
999 755 1031 783 et

232 803 309 834 ordo
325 802 461 842 nutabit,
485 803 521 841 si,
539 802 625 843 quod
649 803 820 843 requiritur
837 803 868 833 in
885 813 1028 844 corpore,

230 865 293 885 non
322 855 362 884 sit
390 855 422 885 in
450 855 554 895 capite
584 858 616 885 et
643 854 718 885 inde
742 854 812 894 fiat,
845 858 878 885 ut
906 855 1028 886 omnisd

232 906 450 937 ecclesiastica
488 905 655 946 disciplina
693 906 887 946 resolvatur,
928 907 1029 937 omnis

187 969 210 988 15
231 957 310 988 ordo
327 957 481 988 turbetur.
510 957 551 988 Et
574 957 646 988 ideo
664 957 735 997 hoc,
753 958 839 999 quod
855 969 913 988 nos
932 957 1028 989 modo

230 1020 288 1050 pro
325 1009 544 1040 ecclesiastiea
578 1010 702 1040 unitate
737 1012 769 1040 et
803 1019 898 1050 pace,
934 1020 1029 1050 quam

229 1060 375 1092 Christus
388 1060 477 1091 Deus
494 1064 603 1091 noster
619 1060 712 1091 nobis
730 1060 818 1091 dedit
834 1060 1028 1100 habendam,

230 1112 403 1150 utcumque¹
427 1117 552 1150 patimur
576 1125 636 1143 esse
661 1117 782 1148 veniale,
807 1117 929 1143 inultum
952 1118 1028 1150 post-

229 1169 343 1195 modum
367 1177 426 1195 esse
450 1177 507 1195 non
530 1168 644 1203 poterit,
669 1168 693 1194 si
716 1168 866 1202 quisquam
889 1168 929 1200 id,
954 1169 1029 1202 quod

186 1226 211 1245 20
231 1220 392 1247 omnimodo
409 1220 613 1252 interdicimus,
637 1220 788 1254 usurparit,
811 1219 878 1253 quia
901 1220 1028 1246 remissio

229 1272 339 1306 peccati
367 1281 424 1298 non
453 1272 503 1298 dat
529 1271 672 1298 licentiam
701 1268 818 1297 iterum
846 1271 1029 1304 delinquendi

228 1332 288 1355 nec,
308 1324 383 1357 quod
406 1323 502 1357 potuit
525 1323 621 1356 aliqua
644 1323 755 1349 ratione
779 1318 879 1349 semel
903 1323 1027 1355 concedi,

228 1376 270 1401 sas
295 1375 349 1402 erit
372 1375 492 1409 amplius
515 1375 631 1409 impune
655 1374 802 1401 committi.

185 1484 209 1504 25

185 1743 210 1761 30

292 1829 364 1860 Hoc
386 1829 501 1860 etiam⁰
518 1828 614 1859 modo
631 1829 692 1860 ista
713 1829 903 1868 excellentie
921 1831 1026 1869 vestre

227 1880 375 1922 precibus
398 1881 477 1911 moti
501 1880 569 1911 fieri
592 1880 752 1920 iubemus,
781 1881 807 1910 si
835 1881 903 1921 ipse
927 1881 1026 1921 patri-

227 1932 324 1963 archa
354 1932 580 1972 Bulgariorum
614 1932 808 1971 diocesem2,
844 1943 939 1973 quam
974 1933 1026 1973 pie

183 1998 206 2017 35
226 1984 381 2023 memorie
393 1983 550 2015 Nikolaus
567 1994 733 2024 precessor
749 1987 857 2015 noster
867 1983 1026 2015 Michaele

225 2036 367 2076 ipsorum
394 2046 471 2076 rege
500 2038 631 2076 petente
660 2035 845 2076 apostolicis
875 2035 1028 2066 doctrinis

225 2087 335 2118 docuit
359 2090 391 2118 et
418 2097 476 2128 per
498 2087 700 2118 venerabiles
731 2088 899 2128 episcopos
931 2087 1026 2118 suos³

226 2139 307 2170 sacri
330 2139 408 2170 lavit
424 2138 510 2169 unda
527 2138 728 2179 baptismatis
746 2139 897 2180 omnique
922 2139 1024 2170 eccle-

224 2191 353 2221 siastica
376 2190 489 2231 regula
513 2194 545 2221 et
569 2190 750 2231 disciplina,
774 2194 870 2231 prout
894 2194 1024 2231 oporte-

181 2257 207 2275 40
225 2241 295 2281 bat,
324 2243 487 2281 instruxit,
518 2242 633 2273 amodo
664 2253 720 2273 suo
752 2242 812 2273 iuri
841 2242 1028 2274 vendicares

224 2293 276 2324 vel
298 2295 457 2324 retinereg
477 2293 564 2324 nullo
590 2293 686 2325 modo
710 2295 941 2335 presumpserit
965 2304 1024 2325 nec

225 2345 367 2386 aliquam
391 2346 618 2386 cuiuscumque
638 2346 767 2376 honoris
791 2345 912 2377 ibidem
939 2346 1023 2376 ordi-

223 2397 387 2427 nationem
404 2396 518 2428 fecerit
531 2396 697 2428 —ibidem
714 2400 785 2428 sunt
802 2397 920 2428 inlicite
939 2397 1024 2428 ordi-

225 2448 311 2479 natih
335 2449 478 2489 episcopi
506 2448 558 2479 vel
587 2448 784 2480 sacerdotesi
810 2448 895 2490 [ἢῦ]Ῑὲ
920 2450 1023 2480 archi-

1823 158 1882 188 173

1085 251 1168 279 omyv,
1192 240 1294 270 ἔπειτα
1311 239 1504 275 ἀκόλουθον,
1522 241 1584 272 εἶτα
1605 241 1763 277 διάκονον,
1787 242 1882 276 αὖθις

1084 290 1306 330 πρεσβύτερον,
1329 291 1407 330 μετὰ
1424 294 1517 322 ταῦτα
1534 292 1716 328 ἐπίσκοπον,
1739 293 1883 333 δηλονότι

1083 343 1371 382 μεμαρτυρημένον
1392 343 1438 373 ἔπ’
1453 344 1598 384 εὐλαβείᾳ
1622 344 1674 375 καὶ
1696 344 1802 384 λόγων
1824 357 1881 385 με·

1083 393 1167 433 λε’τῃ,
1196 394 1241 424 ὅτι
1269 394 1301 424 ἒν
1325 397 1387 428 τοῖς
1410 395 1646 435 ὑποδεεστέροις
1669 396 1803 435 τάγμασι
1826 399 1880 427 τοῦ

1083 445 1226 475 τοιούτου
1250 446 1451 484 χρονίζοντος
1475 446 1675 486 δοκιμάζεται
1695 448 1715 487 ἥ
1734 459 1764 478 τε
1787 448 1879 488 ἀρετὴ

1084 496 1180 526 αὐτοῦ
1204 496 1257 526 καὶ
1280 497 1298 536 ἡ
1316 496 1407 537 λοιπὴ
1427 497 1658 537 καλοκάγαθία.
1693 498 1756 529 Καὶ
1780 499 1880 539 τούτῳ

1083 549 1128 586 τῷ
1158 547 1267 587 τρόπῳ
1296 547 1345 578 δεῖ
1370 548 1443 582 τοὺς
1469 549 1550 579 καθ’
1572 549 1657 589 ὑμᾶς
1684 550 1881 590 πατριάρχας

1083 599 1298 638 προέρχεσθαι
1325 599 1378 629 καὶ
1404 599 1448 639 μὴ
1479 600 1636 639 αἰφνίδιον
1664 602 1881 641 προαρπάζειν

1083 649 1215 679 ἕκαστον
1250 650 1390 690 βαθμόν,
1425 651 1474 681 ἵνα
1509 652 1542 681 ἒν
1571 655 1616 691 τῷ
1650 653 1730 692 οἴκῳ
1764 653 1878 693 κυρίου

1083 700 1184 740 μηδὲν
1208 701 1326 741 εὑρεθῇ
1353 701 1528 732 ἀσύνθετον
1549 703 1628 742 μήτε
1656 703 1799 734 ἄτακτον.
1841 703 1881 734 ‘O

1085 751 1145 791 γὰρ
1161 752 1269 783 ἐπάνω
1287 752 1415 783 πάντων
1430 756 1493 783 τῶν
1509 754 1650 793 βαθμῶν
1667 755 1880 794 ἀνερχόμενος

1083 803 1327 843 ἀκατάγνωστος
1354 804 1386 834 ἔν
1409 807 1503 835 πᾶσιν
1527 805 1642 844 ὀφείλει
1670 806 1880 845 εὑρίσκεσθαι,

1082 855 1127 894 μή
1151 866 1222 888 πως
1245 855 1280 885 ἐκ
1304 855 1415 885 τούτου
1433 856 1599 890 κατάλυσις
1620 857 1749 896 ἀναφυῇ
1767 859 1880 887 πασῶν

1083 908 1146 935 τῶν
1162 905 1430 945 ε’κκλησιαστικῶν
1451 907 1602 947 διδαχῶν.
1638 907 1702 937 Καὶ
1724 907 1779 947 μὴ,
1805 908 1881 938 διότι

1082 957 1172 997 ἡμεῖς
1194 957 1348 996 πρόνοιαν
1367 958 1552 998 ποιούμενοι
1575 958 1628 988 καὶ
1651 959 1803 998 φροντίδα
1828 963 1881 999 τῆς

1082 1008 1115 1038 ἓν
1131 1011 1166 1048 τῇ
1183 1009 1258 1039 καθ’
1273 1008 1357 1048 ὑμᾶς
1378 1009 1527 1049 ἐκκλησίᾳ
1548 1009 1705 1049 εἰρηνικῆς
1725 1010 1879 1040 καταστά-

1083 1071 1164 1093 σεως
1189 1059 1339 1090 Φώτιον
1362 1060 1427 1090 τὸν
1450 1060 1753 1100 ’θεοσεβέστατον
1776 1061 1880 1091 ἀδελ-

1083 1110 1155 1150 φὸν
1185 1111 1290 1150 ἡμῶν
1318 1111 1586 1151 ἀπεδεξάμεθα
1611 1112 1754 1151 <ὥσπερ
1781 1112 1833 1142 καὶ
1863 1112 1881 1142 ὁ

1082 1162 1177 1192 πάλαι
1188 1162 1534 1202 Ἀδριανὸς4Ταράσιον
1550 1162 1603 1193 τὸν
1619 1163 1715 1193 αὐτοῦ
1732 1163 1881 1200 imme>

1083 1213 1143 1253 ἤδη
1176 1217 1266 1244 τοῦτο
1296 1214 1370 1253 ὑμῖν
1401 1215 1444 1248 εἷς
1474 1214 1646 1254 συνήθειαν
1675 1214 1728 1244 καὶ
1759 1215 1879 1246 κανόνα

1081 1264 1271 1304 λογιζέσθω”
1295 1264 1331 1295 τὰ
1361 1265 1421 1305 γὰρ
1450 1265 1564 1296 σπάνια
1589 1265 1696 1305 ἀγαθὰ
1722 1267 1759 1297 οὐ
1784 1266 1879 1297 δύνα-

1081 1328 1128 1346 ται
1152 1316 1252 1356 νόμος
1275 1317 1351 1347 εἶναι
1373 1320 1437 1350 τοῖς
1459 1316 1594 1350 πολλοῖς.
1635 1316 1713 1347 Ἀπὸ
1741 1318 1802 1358 γὰρ
1825 1321 1880 1349 τοῦ

1081 1368 1195 1408 κυρίου
1219 1368 1314 1408 ἡμῶν
1332 1367 1437 1408 Ἰησοῦ
1461 1367 1600 1408 Χριστοῦ
1632 1369 1795 1409 σπλάγχνα
1828 1370 1881 1400 καὶ

1082 1419 1170 1450 αὐτοὶ
1193 1420 1395 1459 συμπαθείας
1419 1419 1584 1459 δεξάμενοι
1612 1421 1880 1461 συνεπαθήσαμεν

1081 1471 1156 1510 ὑμῖν
1172 1471 1205 1501 ἒν
1220 1471 1322 1511 τούτῳ
1339 1474 1383 1511 τῷ
1406 1472 1495 1511 μέρει
1517 1471 1571 1501 καὶ
1590 1471 1625 1501 τὸ
1649 1472 1765 1512 αἴτημα
1786 1473 1879 1512 ὑμῶν

1081 1522 1134 1552 καὶ
1157 1522 1229 1562 περὶ
1251 1523 1362 1553 τούτου
1387 1522 1497 1562 ὥσπερ
1520 1523 1573 1553 καὶ
1596 1522 1667 1562 περὶ
1690 1526 1754 1554 τῶν
1774 1524 1879 1555 ἄλλων

1082 1573 1193 1612 ἱερέων
1223 1573 1257 1609 ἒξ
1287 1574 1393 1613 ἑτέρας
1425 1574 1617 1614 χειροτονίας
1650 1575 1752 1605 ὄντων
1784 1576 1878 1616 ἔπλη-

1082 1625 1241 1665 ρώσαμεν.
1281 1624 1386 1659 ’Όστις
1415 1625 1449 1656 δὲ
1477 1625 1540 1655 ἀπὸ
1567 1628 1622 1655 τοῦ
1650 1629 1706 1656 νῦν
1734 1627 1879 1667 τολμήσει

1081 1679 1172 1707 τοῦτο
1186 1677 1431 1716 διαπράξασθαι,
1449 1677 1678 1718 ἀσυγχώρητος
1694 1678 1781 1717 αὐτῷ
1797 1679 1879 1709 ἔσται

1081 1728 1099 1768 ἡ
1129 1728 1164 1758 ἐκ
1194 1731 1249 1759 τοῦ
1277 1728 1414 1763 κανόνος
1441 1728 1495 1759 καὶ
1523 1729 1598 1768 παρ’
1623 1730 1718 1769 ἡμῶν
1747 1729 1879 1769 ἐπιτιμία

1081 1779 1134 1809 καὶ
1157 1780 1346 1820 κατάκρισις.

1141 1831 1307 1871 Ἀξιοῦμεν
1331 1831 1365 1862 δὲ
1394 1831 1447 1862 καὶ
1476 1835 1567 1862 τοῦτο
1597 1832 1651 1872 τὴν
1676 1832 1767 1872 ὑμῶν
1791 1832 1878 1863 εὗσέ-

1081 1883 1178 1922 βειαν,
1194 1883 1273 1922 μήτε
1289 1882 1307 1913 ὁ
1324 1883 1488 1923 ἀδελφὸς
1508 1884 1570 1914 καὶ
1591 1883 1880 1923 συλλειτουργὸς

1082 1935 1188 1974 ἡμῶν
1210 1934 1354 1968 Φώτιος
1378 1934 1396 1964 ὁ
1419 1935 1628 1974 ἁγιώτατος
1649 1935 1729 1975 μήτε
1750 1947 1792 1969 τις
1815 1938 1879 1965 τῶν

1081 1986 1177 2016 aurosa
1199 1986 1362 2026 διαδόχων
1379 1986 1442 2016 ἀπὸ
1459 1989 1513 2017 τοῦ
1537 1989 1593 2017 νῦν
1609 1987 1812 2026 χειροτονήσῃ
1837 1987 1879 2020 εἷς

1080 2037 1284 2078 Βουλγαρίαν
1310 2038 1388 2078 μήτε
1419 2038 1595 2078 αὐτοχειρίᾳ
1623 2039 1700 2078 μήτε
1729 2038 1767 2068 δι’
1789 2039 1878 2078 ὠμο-

1080 2088 1211 2129 (μορίουΙ

1080 2141 1249 2181 εἰρημένην
1266 2141 1419 2180 ἐπαρχίαν
1435 2143 1498 2171 τῶν
1511 2140 1712 2180 Βουλγάρων
1728 2141 1774 2175 ὡς
1796 2141 1878 2171 ἰδίαν

1080 2193 1189 2223 αὐτοῦ’
1208 2192 1255 2222 ἐπ’
1270 2192 1422 2232 ἀλλοτρίῳ
1440 2192 1499 2231 γὰρ
1516 2192 1655 2232 θεμελίῳ
1672 2192 1710 2222 οὐ
1728 2192 1776 2223 δεῖ
1793 2193 1877 2223 ἔποι-

1241 2089 1512 2129 ἀποστελλομένου
1545 2090 1623 2129 μήτε
1652 2089 1793 2130 διεκδικῇ
1824 2090 1878 2130 τὴν

1080 2245 1232 2284 κοδομεῖν
1264 2244 1386 2277 ἄλλους.
1434 2243 1474 2274 ‘O
1503 2243 1563 2283 γὰρ
1598 2244 1631 2274 ἑν
1664 2242 1819 2283 μακαρία
1841 2247 1877 2283 τῇ

1078 2296 1189 2336 μνήμῃ
1207 2295 1225 2326 ὁ
1241 2294 1509 2335 προηγησάμενος
1530 2295 1623 2334 ἡμῶν
1636 2294 1798 2328 Νικόλαος
1814 2298 1879 2328 ταῖς

1080 2347 1203 2386 δεήσεσι
1236 2349 1292 2377 τοῦ
1327 2347 1481 2386 ἄρχοντος
1515 2346 1717 2386 Βουλγάρων
1747 2345 1878 2386 ΒΙιχαὴλ

1081 2398 1301 2432 ᾶποστολικαῖς
1322 2398 1465 2438 διδαχαῖς
1487 2397 1522 2427 τὸ
1546 2400 1688 2427 τοιοῦτον
1704 2398 1877 2437 ἐξέθρεψεν

1079 2450 1175 2483 ἔθνος
1197 2449 1250 2479 καὶ
1275 2449 1325 2479 διὰ
1349 2452 1412 2479 τῶν
1436 2449 1672 2488 εὖλαβεστάτων
1690 2449 1786 2479 αὐτοῦ
1811 2448 1876 2478 ε’πι-

180 2551 205 2570 45
326 2541 349 2574 ⁸)
368 2543 384 2567 b
398 2551 464 2567 corr.
477 2551 508 2568 επ
526 2552 544 2568 u
563 2543 594 2568 R.

221 2592 274 2610 ‘ra-3.
294 2585 326 2610 R.
431 2586 453 2617 Θ)
473 2587 520 2611 -ti-
538 2587 565 2610 in
582 2595 635 2611 ras.
656 2586 686 2611 R.

222 2625 246 2657 h)
265 2628 382 2653 ordinato
403 2628 434 2652 R.
522 2627 541 2660 i)
561 2630 729 2661 sacerdotesq;
750 2630 783 2655 R.

326 2687 351 2719 1)
372 2686 410 2718 Cf.
424 2686 522 2713 Leonis
542 2695 580 2720 ep.
594 2688 610 2714 l.
624 2687 640 2714 Ζ.
655 2687 691 2720 (p.
702 2692 748 2714 172
761 2691 853 2715 annot.
865 2688 900 2721 2).

873 2629 898 2660 k)
920 2639 968 2655 om.
988 2629 1019 2654 R.

223 2729 445 2761 Popuzosniensem
462 2733 486 2756 et
505 2730 661 2756 Formosam
681 2731 861 2763 Portuensem,
880 2733 913 2764 cf.
928 2731 996 2757 MG.
1010 2731 1081 2763 Epp.
1100 2731 1147 2763 VI,
1166 2735 1213 2757 56&
1231 2733 1324 2757 annot.
1339 2734 1359 2756 7.

666 2542 690 2573 b)
709 2544 840 2569 ebectioue
861 2553 928 2569 corr.
941 2545 969 2569 in
987 2545 1111 2570 electione
1124 2544 1156 2569 R.

794 2586 812 2617 f)
833 2596 898 2612 ven·
917 2596 984 2612 corr.
998 2596 1028 2612 ex
1046 2588 1101 2611 vin-
1121 2587 1155 2612 al.
1175 2596 1245 2611 man.
1265 2587 1296 2611 R.

972 2688 998 2719 2)
1020 2688 1060 2720 Οἵ.
1075 2687 1105 2713 dc
1117 2688 1166 2713 hac
1178 2696 1205 2713 re
1217 2696 1300 2720 schra
1315 2696 1360 2714 vm.
1374 2692 1427 2719 182,
1443 2691 1500 2718 133,
1515 2691 1570 2717 192,
1586 2689 1641 2712 198.

1228 2544 1250 2575 c)
1270 2552 1336 2569 corr.
1350 2553 1380 2569 ea·
1399 2548 1511 2569 statutus
1530 2545 1565 2568 al.
1579 2553 1647 2567 man.
1662 2543 1693 2568 R.
1765 2541 1788 2574 d)
1809 2551 1830 2566 -s
1848 2542 1874 2566 in

1402 2587 1427 2618 Β)
1447 2596 1512 2611 corr.
1526 2595 1557 2611 ex
1576 2588 1684 2612 renitere
1704 2586 1738 2610 al.
1753 2594 1822 2609 man.
1843 2584 1876 2609 R.

1107 2628 1126 2662 l)
1146 2627 1293 2660 ὠμοῳόρου
1312 2630 1382 2654 Edd.

1712 2686 1737 2718 3)
1758 2684 1875 2711 Paulum

1441 2731 1467 2763 4)
1489 2730 1518 2761 I.⁷
1543 2733 1660 2755 772—1)5.
1737 2729 1762 2758 5)
1784 2728 1874 2753 Patri-

181 2781 206 2800 50
224 2771 330 2797 archam
342 2771 677 2805 Consstantinopolitanum,
691 2776 834 2799 784—806.
864 2773 904 2805 Cf.
918 2781 945 2799 n.
958 2777 1015 2805 208,
1026 2781 1052 2805 p.
1064 2776 1109 2799 178
1127 2773 1142 2799 l.
1154 2777 1169 2799 2
1178 2781 1214 2806 sq,
1226 2788 1256 2791 —
1271 2773 1313 2799 De
1325 2773 1375 2798 Ῐιτιο
1387 2772 1593 2804 *interpolatione
1606 2772 1638 2803 cf.
1651 2779 1677 2804 p.
1690 2774 1735 2796 185
1748 2773 1839 2796 annot.
1849 2773 1872 2795 2.
