2189 3042
203 525 237 545 Ps.
248 527 279 549 30,
291 526 321 544 25-

196 2156 214 2175 ¹2.
223 2152 271 2175 Cor.
283 2155 302 2177 4,
313 2155 333 2174 6.

337 177 376 200 ῦς
782 169 960 197 IOHANNIS
982 169 1054 195 VIII.
1074 168 1193 195 PAPAE
1215 167 1415 194 EPISTOLAE
1439 168 1481 194 29.
1500 167 1541 195 30.

337 262 422 292 ferre
453 258 627 300 presidium
659 268 719 288 non
751 257 966 295 omittemusst,
994 255 1051 286 sed
1079 255 1257 296 piissimum
1286 254 1386 285 filium
1417 257 1559 286 nostrum
1589 265 1718 297 semper
1746 259 1916 297 augustum
1945 256 1987 288 ad

336 310 574 342 adiuvandum¹·
610 320 665 340 vos
700 312 764 340 tam
801 319 858 349 per
889 318 923 338 sc
957 318 1053 348 quam
1090 317 1148 347 per
1186 307 1364 337 exercitum
1400 317 1491 337 suum
1527 308 1715 348 quantocius
1749 307 1952 339 incitabimus
1964 309 1985 340 1.

337 362 438 393 Simili
467 362 563 392 etiam
594 360 689 391 modo
720 363 753 391 et
781 360 861 390 alios
892 369 1038 400 quosque
1067 357 1181 389 fideles
1212 361 1245 389 et
1273 357 1409 398 ecclesie
1435 357 1553 389 Christi
1584 358 1704 390 amicos
1732 358 1774 389 ad
1796 359 1858 390 hoc
1881 359 1986 400 ipsum

337 414 478 444 excitare
508 416 605 453 atquc
634 411 762 442 hortare
793 410 966 441 studiosius
993 409 1253 451 procurabimusc
1277 412 1375 450 atque
1406 410 1527 449 omnia,
1559 409 1625 440 sive
1656 420 1717 451 que
1746 420 1804 440 nos
1833 411 1987 452 cogitare,

336 467 402 496 sive
427 476 487 506 que
512 475 567 495 vos
591 463 762 494 salubriter
782 462 955 493 adinventa
978 461 1071 492 nobis
1094 461 1242 492 intimare
1265 461 1512 498 maturaveritis,
1537 461 1735 502 gratulanter
1752 471 1850 503 agere
1866 462 1988 502 ingenti
2018 474 2030 493 ⁵

338 527 407 548 cum
432 516 550 557 gaudio
576 514 825 546 festinabimusd.
872 513 1006 544 Interim
1030 517 1137 544 autem
1162 516 1245 544 state
1274 513 1306 543 in
1335 512 1413 553 fide,
1445 511 1589 544 ‘viriliter
1612 513 1699 554 agite
1732 516 1763 544 et
1791 513 1989 544 confortetur

337 580 390 599 eor
413 567 573 605 vesti-uus,
605 577 728 606 omnes,
754 566 807 607 qui
831 576 894 596 non
922 566 954 595 in
978 564 1118 605 Sudan2,
1151 565 1203 606 qui
1229 564 1327 595 Satan
1352 564 1578 606 congruentIus
1603 564 1733 604 dicitur,
1766 564 1823 595 sed
1851 565 1988 606 speratis

336 620 366 650 in
383 619 532 657 Domino,
557 619 601 649 ita
624 621 659 648 ut
683 628 794 649 omnes
818 628 837 648 a
860 627 1060 658 paganorum
1078 617 1236 648 consortio
1257 616 1444 647 subducatis
1468 619 1500 648 et
1522 627 1578 647 vos
1602 616 1643 647 ad
1666 626 1781 657 pacem
1805 617 1835 647 in
1852 617 1988 647 invicem

337 675 369 702 et
397 670 600 701 concordiam
624 670 740 700 uniatis
767 670 799 699 in
824 668 951 700 Christo
973 669 1047 700 Iesu
1072 668 1201 699 domino
1226 671 1343 700 nostro.
1392 667 1552 709 Quicquid
1576 678 1653 698 sane
1677 668 1800 699 consilii
1824 667 1914 698 vobis
1938 668 1989 699 vel

337 722 512 753 accreverit
534 722 585 752 vel
610 720 809 752 salutiferum
832 721 935 751 visum
959 720 1066 761 fuerit,
1091 720 1183 751 nobis
1199 721 1400 751 innotescere
1424 731 1463 751 ne
1487 720 1695 761 pigritemini,
1719 722 1754 751 ut
1777 730 1796 751 a
1819 719 1988 750 libramine
2008 732 2033 750 ιο

336 777 444 805 nostro
468 773 519 803 vel
547 776 698 813 tanquam
723 772 850 803 salubre
875 772 1072 813 abprobetur
1095 772 1162 811 vel,
1196 773 1221 802 si
1245 772 1339 803 aliter
1362 771 1475 813 celitus
1498 771 1677 802 revelatum
1700 771 1811 811 fuerit,
1841 771 1934 802 aliter
1957 774 1990 802 et

337 825 547 866 dispensetur.
593 824 721 855 Etenim
746 834 803 854 nos
827 827 934 854 vestra
958 823 1076 854 damna
1099 826 1208 855 nostra
1232 824 1402 864 credimus,
1432 824 1514 854 sicut
1546 833 1562 854 e
1589 824 1747 854 contrario
1771 823 1859 854 lucra
1883 826 1990 854 vestra

338 880 445 907 nostra
481 876 592 917 procul
631 875 728 906 dubio
766 875 968 916 deputamus.
1023 875 1218 916 Episcopum
1249 876 1374 906 interea
1405 875 1657 917 Syrrentinu1n³,
1688 876 1755 905 sive
1784 885 1843 916 per
1870 877 1989 906 terram

338 929 404 959 sive
431 938 489 969 per
515 938 603 958 mare
628 926 823 968 profectum,
852 927 927 968 quia
962 927 1027 957 iam
1055 927 1160 957 minus
1188 927 1396 968 reoepimuse,
1426 926 1511 958 haud
1540 937 1653 967 parum
1681 926 1817 958 moleste
1845 926 1991 957 tulimusf

339 987 380 1015 ct,
404 980 463 1010 nisi
480 980 567 1010 ocius
583 979 737 1019 mittatur,
761 979 949 1009 molestiusfg
972 989 1035 1009 non
1051 979 1200 1009 inmerito
1218 978 1476 1015 sustinebimush3
1502 981 1535 1009 at
1551 977 1650 1018 veroi,
1674 979 1699 1009 si
1724 978 1765 1009 ad
1788 989 1846 1009 nos
1862 977 1988 1009 indiffe-
2009 990 2033 1008 ιε,

338 1035 445 1062 renter
467 1030 563 1061 fuerit
587 1030 777 1070 destinatus,
806 1033 880 1061 tunc
907 1040 1024 1071 magna
1049 1033 1081 1061 et
1105 1030 1198 1061 solita
1222 1030 1400 1061 devotionis
1428 1033 1481 1071 tue
1506 1040 1772 1071 recognoscemus
1796 1029 1933 1060 indiciak
1958 1032 1990 1060 et

338 1094 417 1124 pure
441 1083 584 1123 profecto
613 1083 697 1113 circa
726 1082 923 1123 pontificium
954 1084 1097 1112 nostrum
1129 1081 1309 1113 dilectionis
1337 1084 1389 1122 tue
1419 1081 1486 1112 sole
1515 1082 1631 1112 clarius
1658 1081 1815 1123 patebunt
1843 1081 1989 1122 insignia.

340 1135 497 1176 Optamus
520 1134 655 1175 gloriam
680 1136 712 1165 et
735 1136 852 1164 cetera.

442 1196 535 1220 DATA
554 1196 608 1220 XV.
628 1195 812 1219 KALENDAS
835 1195 1003 1225 IANUARII,
1027 1195 1227 1219 INDICTIONE
1245 1194 1276 1219 X.

1140 1333 1189 1362 30.

446 1394 604 1425 lolam-nes
625 1392 722 1423 VIII.
746 1402 836 1432 papa
863 1391 1030 1433 Landulfo
1061 1391 1200 1432 episcopo
1232 1390 1385 1430 capuano
1414 1391 1451 1421 (Ze
1477 1390 1538 1429 fide
1566 1393 1690 1421 servata
1715 1390 1840 1430 gratias
1868 1389 1933 1429 agit
1960 1391 1989 1420 et
2007 1401 2032 1420 20

340 1444 498 1476 (wadium
515 1444 682 1484 promittit.
1670 1444 1734 1473 376
1758 1441 1833 1473 Dec.
1851 1442 1901 1472 19.

455 1504 528 1531 Cod.:
556 1505 582 1530 R
600 1506 620 1538 f.
633 1506 672 1529 Μ’
691 1512 718 1529 η.
732 1507 773 1529 30.

444 1556 528 1582 EM.-
554 1556 647 1582 Editio
664 1556 788 1581 Romana
806 1555 891 1588 (1591)
912 1554 969 1586 HI,
990 1558 1037 1581 312
1055 1562 1082 1580 n.
1096 1557 1134 1580 29.
1174 1554 1269 1580 Mansi
1289 1553 1366 1580 Cone.
1380 1553 1437 1580 coll.
1454 1553 1484 1579 X
1491 1553 1552 1585 VII,
1571 1557 1603 1579 27
1620 1562 1646 1580 n.
1663 1556 1703 1579 29.
1741 1553 1833 1587 Iffiqnc
1852 1553 1930 1579 Patr.
1944 1553 1990 1579 lai.

343 1599 480 1632 CXXVI,
503 1603 548 1626 709
567 1608 592 1625 oz.
606 1603 643 1625 5⁶.
664 1614 695 1617 —
715 1598 786 1630 Jaffae}
805 1598 867 1631 Rea.
882 1602 932 1624 307
934 1602 949 1623 5
967 1598 1065 1631 (2304).

878 1676 1062 1701 LANDOLFO
1085 1676 1247 1700 EPISCOPO
1271 1675 1455 1700 CAPUANO4.
2010 1681 2035 1700 25

450 1727 538 1759 Sicut
561 1728 600 1758 de
618 1728 795 1758 sanctitatis
820 1731 872 1768 tue
892 1727 1064 1758 devotione
1088 1726 1149 1757 aba
1173 1726 1248 1757 olim
1273 1736 1350 1767 erga
1366 1725 1447 1756 hanc
1464 1728 1607 1757 sanctam
1623 1725 1804 1756 Romanam
1822 1724 1991 1756 ecclesiam

343 1780 454 1811 habita
477 1779 684 1820 gratulamur,
708 1780 754 1810 ita
778 1779 817 1810 de
841 1779 1018 1809 infidelium
1045 1781 1077 1809 et
1101 1778 1140 1809 de
1164 1778 1363 1809 inimicorum
1386 1777 1605 1808 malivolentia
1629 1777 1866 1817 contristamur,
1889 1776 1993 1807 nulla-

343 1836 435 1863 tenus
459 1832 498 1863 de
523 1833 749 1872 omnipotentis
765 1832 826 1863 Dei
848 1831 1068 1862 misericordia
1091 1830 1286 1871 diffidentes,
1311 1830 1395 1871 quod
1420 1833 1452 1861 et
1475 1830 1533 1861 tibi
1558 1829 1715 1870 condigna
1738 1828 1993 1869 recompensatio

344 1887 375 1914 et
399 1883 461 1913 illis
483 1885 650 1924 repentina
674 1883 817 1914 confusio
842 1886 1028 1914 maturetur.
1066 1882 1199 1922 Verum,
1223 1886 1258 1913 ut
1282 1882 1447 1921 condecet,
1471 1882 1684 1912 reverentiam
1708 1888 1761 1921 tue
1786 1880 1994 1911 fraternitatis

343 1935 548 1966 laudabiliter
576 1935 809 1976 amplectentes
845 1939 876 1965 et
909 1935 1030 1975 gratias
1060 1935 1185 1975 agimus
1221 1937 1266 1974 et,
1299 1937 1334 1964 ut
1366 1934 1397 1964 in
1425 1933 1508 1964 bono
1537 1943 1745 1974 perseverare
1773 1932 1994 1973 proficereque
2014 1941 2038 1960 ³0

345 1987 500 2025 decertes,
525 1987 702 2027 apostolica
725 1986 971 2017 mansuetudine
991 1985 1212 2026 deprecamur,
1231 1989 1397 2026 quatenus,
1419 1986 1472 2026 qui
1495 1985 1527 2015 in
1550 1984 1612 2015 illis
1630 1983 1813 2025 regionibus
1830 1986 1862 2014 et
1877 1983 1993 2014 sancti-

345 2042 410 2069 tate
435 2038 605 2069 decoratus
630 2042 661 2069 et
685 2038 854 2069 devotione
880 2037 1020 2078 prelatus
1049 2048 1098 2076 eS,
1129 2038 1171 2067 sis
1203 2038 1301 2068 etiam
1325 2040 1435 2068 contra
1460 2036 1677 2067 tortitudinem
1702 2035 1814 2076 regula
1839 2038 1884 2073 et,
1913 2035 1994 2064 sicut

345 2090 500 2120 hactenus
524 2090 638 2120 fecisse
662 2089 823 2130 probaris,
855 2092 965 2119 eontra
995 2089 1140 2120 infelices
1171 2088 1307 2120 felicitas
1336 2092 1368 2119 et
1392 2092 1502 2119 contra
1524 2088 1650 2129 iniquos
1673 2088 1796 2128 equitas
1819 2090 1915 2127 atque
1938 2085 1993 2115 lux

349 2145 458 2171 contra
474 2141 632 2181 tenebras,
657 2141 758 2171 sciens
782 2140 875 2179 illius,
899 2140 965 2181 ‘qui
990 2140 1029 2171 de
1055 2140 1197 2171 tenebris
1221 2140 1303 2170 dixit
1326 2140 1430 2171 lucem
1454 2137 1701 2180 splendescere³,
1725 2138 1878 2168 solacium
1902 2136 1993 2167 nobis

347 2196 379 2223 et
400 2192 490 2223 vobis
515 2193 606 2223 citius
630 2192 800 2222 affuturum
830 2196 862 2222 ct
893 2192 986 2222 nimis
1011 2191 1064 2222 diu
1089 2192 1208 2231 afflicte
1233 2192 1351 2223 Christi
1381 2192 1516 2232 ecclesie
1545 2192 1797 2231 omnipotentem
1820 2189 1994 2220 Dominum
2013 2198 2036 2217 3⁵

346 2244 570 2274 consulturum.
605 2243 771 2283 Preterea,
789 2243 874 2284 quod
900 2243 939 2274 de
957 2243 1127 2283 adiutorio,
1152 2244 1243 2274 sicuti
1268 2247 1300 2274 et
1316 2244 1427 2284 ingens
1444 2243 1617 2274 necessitas
1634 2240 1825 2273 omnimodis
1841 2240 1992 2281 postulat,

345 2307 364 2327 a
387 2295 479 2326 nobis
503 2295 697 2326 conferendo
723 2295 880 2335 deposciS,
904 2294 966 2325 hoc
990 2298 1022 2325 et
1046 2306 1103 2325 nos
1126 2295 1329 2334 meditamur,
1353 2295 1414 2325 hoc
1437 2294 1583 2325 volumus
1607 2297 1640 2324 et
1663 2293 1770 2324 divina
1792 2292 1896 2333 gratia
1919 2302 1993 2332 pro-

345 2349 475 2387 tegente
506 2347 568 2377 cito
596 2357 653 2376 nos
685 2346 854 2376 collaturos
882 2345 1085 2386 confidimus,
1121 2346 1197 2387 quia
1224 2346 1287 2376 iam
1321 2346 1537 2376 calamitatem
1568 2345 1660 2375 nobis
1679 2343 1852 2384 ‚commissi
1883 2343 1993 2384 populi

346 2399 501 2428 sustinere
526 2408 588 2428 non
606 2408 783 2438 possumus,
807 2398 870 2428 iam
889 2397 1144 2428 devastationem
1169 2401 1252 2437 terre
1272 2397 1361 2427 istius
1371 2398 1521 2437 aspicere
1539 2407 1600 2427 non
1617 2396 1789 2427 sufficimus
1806 2398 1994 2435 tantumque

450 2510 473 2540 a)
493 2510 633 2534 omittimus
652 2509 683 2533 lc.
768 2508 791 2541 ¹¹)
811 2510 987 2534 adiubandum
1009 2509 1041 2534 B.
1125 2509 1147 2540 c)
1168 2510 1183 2534 b
1203 2518 1269 2534 corr.
1283 2518 1313 2533 ew
1331 2518 1348 2533 u
1368 2509 1400 2533 Iz'.
1483 2507 1507 2539 d)
1526 2509 1543 2532 1)
1562 2517 1627 2533 corr.
1641 2516 1670 2532 erc
1688 2516 1706 2532 u
1724 2507 1756 2532 B.
1836 2506 1859 2537 e)
1878 2514 1949 2531 -nius
1969 2506 1993 2530 ἱη
2013 2515 2039 2534 40

345 2561 397 2577 ras.
418 2552 450 2578 12.
555 2551 574 2584 f)
593 2561 663 2576 -mus
688 2552 715 2576 in
738 2561 790 2576 ‘rasa
810 2552 841 2576 B.
947 2551 972 2585 εἰ)
992 2562 1036 2577 -us
1059 2553 1086 2576 in
1108 2561 1160 2577 ras,
1182 2552 1212 2577 H.
1318 2551 1343 2583 ¹¹)
1363 2561 1435 2577 -mus
1459 2552 1485 2576 iu
1508 2560 1561 2576 ras.
1582 2551 1612 2575 R.
1718 2549 1736 2581 i)
1755 2558 1815 2575 ver-
1839 2550 1866 2574 in
1889 2558 1940 2574 ras.
1962 2548 1992 2573 Ιί.

346 2594 371 2627 k)
391 2596 443 2620 indi
460 2595 463 2627 Ι
479 2597 518 2620 cia
536 2604 603 2620 corr.
616 2604 646 2620 ea:
665 2596 716 2620 indi
733 2594 736 2626 Ι
753 2595 820 2620 dicia
841 2595 870 2619 R.

449 2645 490 2671 30.
516 2645 539 2678 a)
558 2647 590 2670 ob
610 2646 640 2671 η.

450 2706 476 2738 1)
501 2705 529 2731 V.
548 2710 634 2737 21..31;
657 2706 690 2737 cf.
714 2706 791 2731 etium
816 2714 842 2732 n.
856 2710 894 2731 22.
993 2705 1178 2738 23‘15'3nlt1m’,
1201 2713 1250 2731 rosc
1272 2706 1392 2738 arabica,
1417 2705 1494 2731 audit
1515 2705 1675 2738 ‘princepsk
1700 2705 1808 2738 saepius
1833 2711 1894 2730 vcro
1917 2703 1994 2736 apud

347 2748 464 2774 Latinos
486 2751 604 2774 auctores
626 2756 676 2781 pro
701 2749 808 2774 nomine
828 2748 942 2781 proprio
964 2748 1087 2780 habehim
1111 2749 1145 2780 cf.
1167 2748 1234 2775 MG.
1254 2748 1304 2775 SS.
1324 2749 1384 2781 ΙΙΙ,
1405 2752 1462 2775 90⁹.
1567 2749 1593 2781 3)
1619 2747 1701 2774 Citius
1723 2756 1818 2774 ‘nomen
1840 2747 1992 2781 ignoratur.
2011 2754 2036 2773 45

347 2791 374 2823 4)
397 2791 436 2822 Cf.
456 2799 482 2816 η,
496 2796 519 2823 4,
537 2800 564 2824 1¹·
578 2795 593 2817 3
613 2793 705 2818 mmet.
718 2796 740 2817 5.
