2189 3042
118 743 142 762 1⁰

115 1067 140 1086 15

117 1280 142 1299 20

116 1494 140 1513 25

115 1707 140 1727 30

117 1920 141 1940 35

116 2186 142 2204 40

117 2400 142 2419 45

119 2664 144 2684 50

399 172 591 200 ANASTAsH
612 171 907 199 BIBLIOTHECARJI
927 170 1124 198 EPISTOLAE
1143 170 1225 198 SIVE:
1244 170 1522 197 PRAEFATIONES
1541 170 1580 198 12.
1750 172 1812 202 429

169 260 325 287 biblioteche
342 258 464 292 d'Jtalia’
486 259 556 290 XII,
570 262 608 285 35.
647 259 729 285 Hmzc
755 259 897 284 rersimvem
922 257 975 289 (D)
1000 257 1030 282 in
1055 256 1253 282 mmomtisme*
1277 256 1467 290 subimzyimus.
1507 256 1612 283 Codices
1637 256 1819 282 Bruxelleozses

171 306 239 330 cont.
256 303 289 329 G.
302 303 399 332 Lnehr,
419 302 532 334 reliquos
551 309 638 327 omues
656 302 691 328 E.
704 301 799 327 Perels.
816 316 849 320 —
867 300 930 326 Non
948 300 1119 325 adhibuimus
1144 300 1191 325 hos
1209 299 1320 325 codices:
1340 300 1429 325 Paris.
1444 300 1490 326 lat.
1504 300 1598 326 5565ss
1616 302 1637 333 f.
1651 304 1674 332 1,
1700 303 1735 333 cs.
1755 299 1818 325 Bol-

169 346 241 372 land.
254 345 345 372 Calai.
358 345 431 371 codd.
444 345 565 379 Ienyioqr.
580 345 627 371 iat.
638 345 726 370 Paris.
738 344 780 376 II,
791 348 851 374 472,
872 343 1002 369 Latcrmzf.
1015 344 1038 368 A
1055 346 1086 369 79
1104 344 1123 376 f.
1137 344 1209 375 256¹,
1228 342 1380 368 Alea-audon
1391 346 1422 369 93
1438 346 1537 376 f21058
1556 345 1580 368 et
1600 346 1673 375 1072,
1692 342 1818 369 Vallicell.

169 389 202 415 H
212 393 242 415 25
260 390 280 423 γ’.
294 392 333 421 81,
354 391 387 422 cf.
402 387 530 414 Bollmzcl.
546 387 630 413 Castu.
644 387 714 413 codd.
729 387 847 420 Izayioyr.
861 386 909 412 lat.
924 386 1038 412 Romtm.
1049 395 1076 418 γ.
1089 390 1129 415 55,
1144 390 1200 417 150,
1213 390 1272 411 443.

275 439 360 466 Edd:
386 439 522 465 Mabillmz
542 439 666 465 Museum
684 438 812 464 Italicum
831 437 846 462 I
858 446 926 471 pars
947 438 984 469 11,
999 442 1033 463 M}
1050 446 1082 463 ω’
1094 437 1160 463 B:
1180 437 1272 471 Migsivc
1292 438 1368 463 I’cdr.
1383 438 1430 464 lat.
1446 437 1588 470 CXXIX,
1605 441 1659 464 743.
1690 436 1818 463 Baliarici.

167 484 239 509 Acta
259 483 421 509 Sanctorum
432 483 442 497 ³
456 486 493 507 22.
510 481 573 509 Iun.
590 482 620 514 Γ,
636 486 683 508 157.
704 498 735 500 -
757 480 797 515 Cf.
811 481 935 507 Bouana.
949 481 1018 507 Bibl.
1032 481 1092 513 huy.
1106 480 1151 506 lut.
1166 488 1192 506 ιι.
1205 484 1244 506 20.

170 579 280 603 PETRO
293 577 325 592 ³³²*
351 579 519 603 EGREGwa
543 578 704 602 EPJSCOI’O
727 578 881 602 SANCTAE
906 576 1109 601 GAVINENSIS
1136 576 1338 600 E(J('LESIAE¹
1358 576 1585 601 ANASTASIUSa
1607 577 1750 601 SUMMAE
1775 577 1819 600 ΕΤ

453 621 688 645 APOsTOLchE
707 621 802 644 SEDIS
820 619 1129 644 BIBLIOTHECARIUS
1149 619 1182 642 IN
1202 618 1336 642 DOMlNo
1372 619 1540 643 SALUTEM.

279 680 358 712 Post
374 680 583 711 translatamb
600 690 618 710 a
634 690 685 711 me
703 679 743 711 ad
760 680 969 721 petitionem⁰
985 679 1161 710 sanctitatis
1184 677 1281 708 tuaed
1298 678 1480 719 passionem
1495 678 1660 719 praecipui
1677 678 1817 709 doctoris

172 734 205 762 et
222 732 370 772 martyris
382 731 471 762 Petri
484 731 742 762 Alexandrinae·
759 730 846 762 urbis
864 728 1045 771 episcopif2
1061 728 1139 759 mihi
1155 729 1342 769 praecipere
1359 728 1496 769 voluisti,
1514 729 1622 770 quod&
1637 730 1819 770 passionem

169 786 351 814 sanctorum
382 782 469 814 mille
494 782 798 824 quadringentorum
824 781 1007 822 octogintah
1030 782 1206 821 martyrum
1236 780 1321 821 apud
1346 780 1467 812 Grecos
1495 780 1639 812 habitam
1650 781 1662 799 ³
1685 778 1819 812 Latinos

279 928 304 961 Ψ»)
326 927 411 953 Vcrsio
423 927 464 952 D:
484 927 513 951 In
527 926 637 952 nomine
650 925 754 952 domini
767 925 853 952 nostri
874 926 934 952 lesu
948 925 1052 951 Christi
1067 925 1198 952 crucifixi.
1230 925 1334 960 Incipit
1348 926 1478 960 prologus
1496 927 1662 953 venerabilis
1677 926 1818 953 Anastasii

325 970 470 996 armai-iste
489 971 517 996 et
538 969 658 996 custodis
678 969 809 995 librorum
829 968 983 1002 apostolice
1002 968 1075 995 sedis
1099 969 1134 995 ad
1155 969 1341 995 venerabilem
1362 972 1469 1003 patrem
1495 969 1656 1003 episcopum
1675 969 1819 996 Sabinien-

325 1021 381 1038 sem
401 1013 576 1038 sacrosancte
596 1012 718 1038 Romane
737 1011 852 1038 ecclesie
865 1011 1034 1038 cardinalem
1049 1020 1131 1045 super
1144 1012 1273 1046 passione
1287 1013 1445 1038 sanctorum
1464 1013 1558 1039 decem
1572 1012 1680 1038 milium
1699 1013 1820 1039 militum

327 1064 359 1082 ac
378 1056 524 1081 martirum
549 1055 746 1086 crucifixorum,
767 1055 800 1081 de
819 1054 919 1088 quibus
939 1055 1037 1081 beatus
1056 1054 1206 1081 Ieronimus
1231 1055 1258 1081 in
1278 1063 1326 1081 suo
1345 1054 1506 1089 martilogio
1525 1055 1585 1088 (sic)
1604 1055 1727 1087 sermm,
1747 1056 1821 1089 quod

326 1098 401 1132 passi
420 1098 532 1124 fuerunt
552 1098 584 1124 X.
598 1098 654 1124 kal.
670 1098 742 1124 Iulii.
779 1097 910 1130 Sequitur
929 1097 1058 1130 epistola.

431 1141 591 1167 Venerabili
618 1140 693 1174 patri
719 1148 767 1166 suo
792 1140 904 1166 domino
930 1140 1012 1166 Petro
1038 1141 1169 1174 episcopo
1188 1140 1334 1167 Sabinensi
1358 1143 1535 1167 sacrosancte
1556 1142 1678 1168 Romane
1703 1141 1822 1168 ecclesie

326 1184 461 1210 cardinali
480 1184 645 1210 Anastasius
664 1183 736 1210 sedis
756 1183 910 1216 apostolice
930 1183 1078 1209 armarista
1096 1183 1124 1209 in
1143 1183 1260 1210 Domino
1279 1186 1417 1211 etternam
1436 1185 1497 1217 (sic)
1516 1184 1643 1211 salutem.

430 1227 495 1252 Post
515 1226 726 1252 translationem
746 1225 883 1259 passionis
903 1226 1030 1260 precipui
1050 1228 1078 1253 et
1097 1226 1246 1260 singularis
1265 1227 1387 1253 doctoris
1406 1229 1435 1253 et
1458 1227 1573 1260 pretiosi
1599 1227 1721 1253 martiris
1744 1228 1822 1254 beati

326 1270 402 1296 Petri
422 1269 603 1296 Alexandrini
623 1269 659 1295 ad
678 1269 843 1303 petitionem
863 1269 1024 1296 sanctitatis
1047 1271 1095 1295 tue
1113 1278 1163 1303 per
1181 1278 1224 1296 me
1243 1270 1310 1296 licet
1328 1270 1504 1303 ignorantem
1528 1273 1556 1296 et
1580 1270 1724 1305 indignum
1749 1280 1822 1298 com-

327 1313 445 1346 pilatam
466 1312 574 1345 placuit
594 1312 647 1338 tibi
666 1312 805 1343 mandare,
825 1313 856 1338 ut
869 1312 1027 1345 passionem
1041 1313 1135 1339 decem
1154 1312 1262 1339 milium
1282 1312 1403 1339 militurn
1423 1315 1451 1339 et
1470 1313 1615 1340 martirum
1629 1314 1819 1341 crucifixorum

325 1356 358 1381 de
378 1355 474 1389 lingua
493 1355 581 1381 Greca
607 1355 634 1380 iu
655 1355 783 1381 Latinam
810 1357 838 1381 et
858 1355 1000 1389 vulgarem
1025 1356 1210 1382 transferrem.
1247 1356 1304 1390 Ipsi
1327 1356 1400 1382 enim
1425 1357 1499 1390 apud
1519 1357 1619 1383 Grecos
1638 1357 1666 1382 in
1686 1357 1822 1384 excellen-

325 1398 463 1425 tissimam
482 1398 584 1424 famam
604 1406 790 1432 magnamque
808 1398 948 1424 habentur
966 1398 995 1424 in
1014 1398 1133 1430 laudem,
1156 1399 1198 1424 ita
1221 1401 1253 1425 ut
1276 1407 1369 1425 omnes
1392 1399 1509 1426 ecclesie
1533 1399 1682 1426 orientales
1700 1401 1735 1427 de
1752 1401 1821 1435 ipsis

327 1441 476 1467 maximam
505 1440 711 1467 venerationem
739 1442 767 1466 et
795 1441 989 1467 celebritatem
1018 1441 1195 1467 devotissime
1225 1441 1377 1468 solenizare
1407 1450 1460 1468 non
1490 1442 1624 1468 desinant.
1671 1443 1728 1477 Ego
1757 1453 1821 1470 vero

325 1493 440 1518 parvam
459 1483 605 1510 scientiam
625 1492 713 1510 meam
733 1483 908 1510 considerans
927 1492 981 1510 non
1000 1484 1164 1510 atentabam
1182 1485 1243 1517 (sic)
1262 1487 1319 1510 tam
1339 1485 1454 1511 arduum
1475 1493 1544 1519 opus
1561 1494 1707 1518 assumere,
1727 1496 1821 1514 verum

325 1527 400 1560 apud
431 1528 508 1552 tuam
542 1526 743 1559 paternitatem
774 1527 901 1552 metuens
929 1526 962 1552 de
992 1525 1184 1553 inobedientia
1214 1526 1354 1561 inculpari
1386 1530 1548 1561 preceptum
1580 1531 1658 1555 tuum
1689 1530 1822 1557 soleniter

324 1577 450 1604 agressus
470 1569 531 1601 (sic)
549 1577 617 1600 sum,
638 1568 731 1602 potius
750 1568 856 1602 eligens
875 1577 891 1594 a
911 1568 978 1594 viris
997 1568 1181 1602 prudentibus
1206 1572 1234 1596 et
1253 1569 1342 1596 doctis
1367 1570 1400 1596 de
1424 1570 1622 1598 insufficientia
1640 1581 1724 1605 quam
1747 1574 1822 1607 apud

324 1613 401 1638 tuam
428 1611 629 1645 paternitatem
655 1612 688 1637 de
714 1611 903 1637 inobedientia
928 1611 1079 1645 increpari,
1105 1613 1202 1638 atento
1225 1612 1286 1645 (sic)
1311 1613 1439 1645 maxime,
1463 1614 1537 1646 quod
1561 1614 1698 1642 sanctitas
1720 1617 1770 1642 tua
1793 1616 1822 1642 in

321 1656 479 1681 sanctorum
507 1663 598 1681 amore
624 1654 770 1680 martirum
796 1654 915 1680 adcensa
942 1662 996 1680 non
1022 1654 1189 1688 ponderabit
1214 1655 1403 1683 rusticitatem
1427 1656 1523 1691 lingue
1549 1666 1609 1684 mee
1634 1660 1765 1686 extranee
1793 1661 1822 1686 et

321 1697 467 1732 peregrino
489 1697 517 1723 in
540 1697 632 1724 alieno
654 1697 797 1730 ydioinate
821 1696 1059 1728 transformatam,
1085 1698 1132 1724 sed
1154 1697 1300 1724 martirum
1319 1699 1413 1733 potius
1434 1699 1570 1733 gloriosos
1593 1701 1685 1734 (corr.)
1704 1701 1822 1729 triunfos

323 1749 384 1767 cum
399 1740 523 1767 victoriis
542 1740 735 1774 precellentes.
763 1740 821 1771 Que
841 1739 927 1767 etiam
940 1749 990 1774 per
1003 1740 1195 1767 balbutientes
1215 1743 1243 1768 et
1256 1741 1347 1768 minus
1360 1742 1487 1775 scientes,
1502 1743 1587 1770 etiam
1607 1744 1630 1770 si
1649 1753 1703 1771 non
1722 1747 1820 1772 ornatu

325 1783 468 1810 verborum
488 1783 607 1810 iudicari
622 1785 746 1817 possunt,
760 1783 852 1810 verius
871 1783 1022 1810 extimabit
1041 1784 1110 1816 (sic),
1130 1786 1161 1810 ut
1180 1784 1328 1811 christiani
1346 1785 1441 1812 fideles
1460 1786 1581 1814 maxime
1602 1787 1715 1814 valeant
1734 1788 1822 1815 consi-

325 1826 429 1858 derare,
443 1826 565 1860 qualiter
578 1835 645 1860 erga
658 1828 815 1853 sanctorum
830 1826 1040 1853 multitudinem
1053 1827 1238 1853 reverentiam
1251 1827 1400 1854 maximam
1413 1828 1547 1856 exibeant
1559 1830 1588 1856 et
1602 1830 1776 1864 condignam,
1790 1834 1821 1858 ut

325 1870 484 1896 sanctorum
504 1869 644 1896 sotietatis
664 1869 693 1895 in
713 1869 809 1896 celesti
827 1877 913 1902 regno
932 1869 1002 1895 fiant
1015 1869 1169 1903 participes
1182 1871 1211 1896 et
1224 1871 1372 1897 consortes.
1399 1870 1605 1898 Pater-nitatem
1622 1874 1699 1899 tuam
1713 1882 1822 1907 semper

327 1914 471 1939 conservet
490 1912 634 1938 altiximus
654 1912 723 1946 (sic),
743 1920 796 1944 que
815 1920 865 1945 pro
884 1920 928 1938 me
953 1911 1010 1938 filio
1029 1920 1160 1939 conservo
1185 1914 1234 1939 tuo
1257 1913 1342 1939 solita
1366 1913 1542 1948 benignitate
1565 1916 1725 1943 recordetur
1743 1925 1820 1944 orare

427 1954 552 1988 Explicit
571 1954 700 1988 epistola.
738 1954 842 1988 [ncipit
860 1954 953 1988 passio
971 1957 1129 1981 sanctorum
1147 1955 1294 1982 martirum
1314 1956 1512 1984 crucifixorum.

266 2006 307 2039 *ἢ
325 2005 522 2039 superscriptio
532 2006 562 2032 in
570 2006 610 2032 B:
623 2005 729 2040 Incipit
739 2006 870 2039 prologus
883 2005 911 2032 in
920 2005 1049 2040 passione
1063 2008 1221 2033 sanctorum
1230 2007 1307 2034 mille
1318 2007 1584 2042 quadringentorum
1594 2010 1738 2045 octoginta
1751 2020 1821 2039 mar-

324 2049 407 2075 tirum
416 2059 422 2080 ;
442 2049 471 2074 in
485 2048 513 2081 0,
529 2048 577 2081 01,
593 2048 650 2074 02.-
668 2048 773 2082 Incipit
791 2048 923 2082 prologus
940 2049 1077 2082 passionis
1090 2049 1134 2083 (in
1148 2050 1275 2084 passione
1291 2051 1347 2084 02)
1361 2051 1384 2076 Χ
1398 2051 1478 2078 milia
1490 2052 1635 2079 martirum
1654 2055 1820 2088 (martyrum

325 2091 395 2125 02);
412 2092 443 2117 in
463 2091 485 2117 0
492 2095 521 2117 3.·
541 2092 675 2125 Prologus
693 2091 722 2117 in
740 2091 870 2125 passione
889 2092 1004 2126 gloriosi
1022 2092 1152 2126 martyris
1170 2093 1283 2120 Achatii
1303 2093 1492 2128 sotiorumque
1511 2095 1570 2123 eius
1589 2096 1684 2124 decem
1703 2097 1819 2126 milium.

275 2178 314 2204 12.
344 2178 368 2210 a)
392 2187 405 2204 e
428 2179 530 2211 regione
555 2182 656 2204 sanctae
675 2179 823 2204 Sabinensis
841 2178 919 2211 (corr.
934 2188 964 2204 esc
982 2180 1113 2205 sabiensis
1135 2180 1161 2212 0,
1189 2181 1338 2207 Savinensis
1359 2183 1412 2215 01,
1439 2183 1598 2209 Saviniensis
1619 2184 1640 2208 0
1650 2184 1677 2217 3)
1698 2186 1820 2212 ecclesiae

170 2223 290 2256 episcopo
315 2223 470 2247 Athanasius
495 2223 646 2252 (Anatasius
667 2222 724 2252 03)
745 2222 799 2246 C—
812 2223 833 2248 0
842 2224 865 2248 3.
970 2221 994 2254 b)
1023 2231 1098 2248 mane
1121 2224 1183 2249 add.
1196 2224 1229 2255 B,
1247 2224 1302 2255 B1,
1322 2224 1371 2250 del.
1385 2226 1416 2250 B.
1523 2226 1545 2258 ⁰)
1572 2225 1624 2259 [ad]
1649 2227 1817 2261 petitisonem]

170 2264 254 2297 (uncis
272 2265 373 2290 inclusa
392 2265 418 2289 in
436 2264 545 2296 rasura)
568 2265 606 2296 B;
623 2266 736 2298 appetitu
755 2265 780 2290 B
792 2268 821 2294 1,·
840 2266 993 2298 peticionem
1011 2265 1054 2298 (ad
1071 2267 1131 2299 om.)
1150 2267 1183 2297 62-
1203 2268 1328 2300 peticione
1349 2269 1399 2299 01,
1412 2269 1465 2294 02.
1557 2268 1581 2300 d)
1601 2274 1661 2296 tuae
1679 2273 1821 2297 sanctitatis

173 2308 296 2333 0—03.
373 2308 395 2337 θ)
415 2308 569 2339 Alexandrie
585 2308 611 2339 O,
626 2308 678 2333 01.
758 2306 776 2340 f)
790 2317 842 2340 pro
861 2309 1113 2341 episcopi-Latino
1131 2310 1224 2335 hahent
1244 2310 1376 2336 0—03:
1400 2313 1561 2344 patriarchae
1580 2313 1676 2345 placuit
1693 2315 1739 2339 tibi
1758 2315 1821 2340 mihi

170 2352 315 2384 praecipere
342 2350 456 2383 (pcipere
474 2350 505 2382 (l)
525 2351 587 2375 mihi
607 2351 628 2376 0
645 2351 681 2382 3),
706 2355 735 2376 ut
759 2352 901 2383 passionem
929 2355 1075 2376 sanctorum
1102 2352 1256 2385 (martyrum
1283 2354 1346 2379 add.
1363 2354 1420 2386 03)
1445 2356 1592 2385 multorum,
1621 2364 1729 2388 quorum
1753 2359 1821 2390 apud

171 2392 266 2419 Grecos
285 2394 385 2425 insigne
404 2394 513 2418 habetur
531 2392 654 2424 (habetur
672 2395 772 2426 insigne
792 2393 814 2418 C
823 2393 850 2426 3)
869 2395 1033 2427 praeconium
1052 2393 1111 2427 (om.
1127 2395 1149 2420 0
1157 2396 1191 2428 3),
1210 2397 1302 2422 Latino
1321 2396 1380 2429 (om.
1396 2397 1458 2429 03).
1531 2396 1556 2427 Β)
1576 2406 1642 2424 corr.
1662 2407 1692 2423 ex
1711 2409 1761 2432 quo
1779 2400 1820 2429 B,-

170 2445 220 2469 quo
240 2436 264 2461 B
275 2440 296 2462 1.
368 2435 394 2467 h)
413 2445 480 2461 corr.
493 2445 523 2461 ea·
543 2437 721 2470 quadringenti
739 2438 885 2470 octoaginta
903 2437 935 2463 B.

273 2525 299 2557 1)
320 2524 403 2551 Cuius
422 2525 518 2551 »tentio
535 2525 565 2558 fit
584 2534 609 2552 α.
624 2528 679 2558 853,
692 2528 746 2558 861,
760 2528 819 2558 868,
839 2528 874 2558 cf.
888 2526 991 2560 Uyhelli
1003 2526 1089 2553 Italia
1107 2529 1205 2554 sacra²
1218 2528 1273 2561 IX,
1287 2532 1343 2555 108.
1371 2529 1510 2555 Successor
1528 2530 1586 2556 eius
1598 2529 1652 2556 Leo
1669 2530 1700 2556 in
1718 2531 1818 2565 synodo

168 2567 360 2601 sztiqonensi
377 2575 462 2594 meme
481 2568 554 2594 Iulio
573 2578 597 2594 α.
612 2572 660 2595 876
678 2571 901 2601 commemoratur,
921 2571 956 2603 cf.
970 2569 1092 2596 Annales
1111 2570 1269 2597 Bertiniani
1292 2580 1317 2599 a.
1330 2575 1386 2603 876,
1405 2572 1443 2598 ecl.
1462 2572 1550 2598 Waitz
1569 2581 1599 2606 p.
1613 2576 1667 2605 130,
1692 2573 1820 2606 Capitula

173 2610 276 2637 Odonis
300 2619 328 2638 n.
346 2615 368 2643 5,
394 2611 432 2639 ed.
452 2611 524 2638 ΜΘ.
547 2611 631 2645 Capit.
651 2612 691 2643 11,
709 2615 763 2638 351.
801 2611 921 2638 Frustra
946 2611 1133 2640 Bollandistae
1156 2614 1172 2640 l.
1186 2615 1201 2640 l.
1217 2617 1308 2648 p.153
1331 2614 1467 2641 ostendere
1490 2615 1654 2642 studuerunt
1679 2624 1818 2649 *nunquam

170 2652 253 2680 sedem
273 2653 450 2680 Gabinensem
468 2655 638 2688 episcopalem
655 2655 778 2681 extitisse.
872 2655 899 2687 2)
918 2655 971 2682 Ed.
985 2657 1017 2682 A.
1032 2656 1094 2682 Mai
1111 2656 1281 2692 Spicileyium
1296 2657 1449 2684 Romanam
1461 2657 1520 2691 ΙΙΙ,
1533 2662 1578 2685 671
1592 2671 1621 2682 -.
1638 2659 1730 2692 Miyne
1742 2658 1818 2685 Patr.

171 2696 217 2722 lat.
227 2695 366 2729 CXXIX,
373 2700 429 2723 689.
446 2697 529 2724 Finis
538 2698 620 2724 liuius
629 2697 771 2730 passionis,
779 2697 827 2731 qui
835 2698 866 2723 in
875 2697 989 2724 editione
995 2699 1067 2725 Maii
1076 2698 1251 2733 desideratur,
1260 2700 1345 2727 editus
1354 2703 1391 2726 est
1400 2700 1431 2726 in
1438 2700 1604 2728 Bibliotheca
1613 2700 1755 2728 casinensi
1762 2701 1818 2733 ΙΙΙ,

171 2739 347 2773 Florilegium
362 2740 503 2767 Gasincnse
517 2749 546 2774 p.
559 2745 613 2768 187,
644 2740 684 2775 Cf.
696 2741 819 2767 Bollcmd.
831 2741 902 2768 Bibl.
913 2741 975 2776 hay.
989 2742 1033 2768 lat.
1044 2751 1071 2769 n.
1082 2746 1151 2771 6692.
1222 2744 1248 2776 3)
1263 2744 1346 2770 Hane
1358 2743 1542 2770 Bollcmdistae
1555 2744 1570 2770 l.
1584 2744 1599 2770 l.
1610 2752 1638 2777 p.
1649 2748 1697 2770 151
1705 2751 1743 2777 sq.
1756 2752 1819 2778 apo-

171 2782 300 2817 crypham
318 2782 450 2811 iudicant.
537 2785 564 2817 4)
583 2784 637 2811 Ed.
652 2784 730 2811 Rossi
749 2786 771 2810 et
789 2784 927 2811 Ducliesnc
945 2785 1019 2818 apud
1038 2785 1242 2814 BollmuLActa
1261 2786 1420 2813 Sanctorum
1432 2788 1442 2802 ³
1455 2786 1522 2813 Nor.
1538 2786 1579 2819 ΙΙ,
1592 2791 1605 2813 1
1622 2795 1650 2820 p.
1664 2787 1735 2822 [81].
