2189 3042
621 162 799 190 IOHANNIS
818 162 892 189 VIII.
912 161 1031 188 PAPAE
1055 160 1252 187 EPISTOLAE
1275 160 1317 187 28.
1335 159 1376 186 29.
1783 160 1820 189 27

174 254 314 285 Domino
338 263 401 284 non
417 250 605 293 perdiderit,
629 250 655 280 si
670 249 842 280 mutaverit
865 248 1095 287 fortitudinem,
1119 248 1195 278 dum
1212 247 1334 278 scilicet
1356 246 1448 277 nobis
1471 246 1554 277 hunc
1573 244 1826 285 informantibus,
1842 246 1869 266 cf-
1886 247 1957 296 1454143,
1968 246 2003 267 31³

175 305 201 335 si
225 305 378 346 quopiam
401 305 512 334 contra
534 312 590 333 vos
613 312 688 332 usus
714 304 778 340 est,
810 311 867 341 pro
895 300 985 330 vobis
1013 301 1172 340 proponat
1194 300 1258 330 iam
1282 299 1357 329 totis
1380 298 1499 329 viribus
1523 307 1685 328 exercere.
1731 295 1826 327 Unde

175 367 239 387 non
271 355 454 387 dubitamus
484 353 574 384 illum
608 362 642 383 se
674 352 839 383 fortiorem
872 362 949 392 erga
980 351 1055 382 fidei
1085 354 1189 391 vestre
1220 350 1432 381 constantiam
1463 348 1696 388 exhibendum,
1730 358 1825 389 quam

176 408 286 448 fuerit,
316 406 443 448 quando
474 407 584 436 contra
612 404 783 444 imperium
818 406 960 434 vestrum
991 402 1223 443 perhibebatur
1256 402 1383 433 sentire.
1439 400 1541 442 Ergo,
1578 400 1826 431 clementissime

144 470 156 488 5
176 460 361 501 imperator,
386 458 479 499 quiaa
502 456 542 487 ab
566 455 700 486 infantia
724 455 843 486 crevitb
866 455 1029 485 vobiscum
1053 454 1227 493 miseratio,
1252 454 1386 494 recipite
1411 453 1500 484 illum
1518 456 1670 494 tanquam
1693 452 1734 483 ab
1757 452 1827 493 ipsa
1842 463 1869 484 cf.
1886 463 1923 483 101>
1938 465 2013 487 auia

177 511 266 541 beati
288 509 379 541 Petri
402 508 541 549 apostoli
564 507 691 548 patroni
713 507 810 537 vestri
832 506 1031 537 confessione
1056 509 1088 536 et
1111 516 1208 546 super
1232 516 1269 536 eo
1286 505 1471 536 mercedem
1488 505 1607 535 habere
1632 503 1826 543 contendite,

175 573 239 593 non
262 562 457 603 imputantes
481 560 520 599 ei,
546 558 631 600 quod
655 559 844 589 novissimus
867 558 1003 597 venerit,
1033 558 1106 598 quia
1135 560 1167 588 et
1195 557 1296 587 bonus
1324 556 1377 587 ille
1406 556 1638 597 paterfamilias
1662 557 1825 597 operarios
1840 548 1960 599 cgbfffffffj

175 614 345 644 undecime
369 612 446 652 hore
474 621 569 652 pares
592 610 707 641 fecisse
731 609 922 641 describitur
948 609 1011 647 his,
1042 609 1095 650 qui
1123 609 1236 639 tertiac
1258 608 1338 639 hora
1361 618 1489 639 venere.
1536 607 1600 638 Sed
1630 611 1662 638 et
1685 618 1740 638 vos
1764 618 1826 638 non

176 666 280 697 miuus
296 664 428 705 diligitis
447 662 592 700 militem,
617 662 672 702 qui
695 662 797 702 primo
823 660 972 702 quidem‘l
996 661 1027 691 iu
1050 660 1135 691 bello
1160 663 1251 700 terga
1275 659 1365 690 dedit
1381 663 1413 690 et
1430 662 1543 700 postea
1566 659 1693 690 rediens
1710 660 1827 700 premit

133 725 158 745 ιο
176 717 302 748 fortiter
317 715 454 753 hostem,
479 724 575 755 quam
599 724 682 752 eum,
707 713 761 754 qui
782 723 944 753 nunquam
960 715 1051 753 terga
1068 711 1158 743 dedit
1182 715 1214 742 et
1229 721 1403 752 numquam
1420 711 1559 752 aliquid⁰
1576 711 1701 742 fortiter
1717 712 1826 752 gessit.
1854 704 1857 708 ⁵

177 768 258 800 Sedf
273 767 350 809 quid
373 767 495 797 multa?
533 765 615 797 Cum
639 775 714 796 ecce
738 775 795 795 nos
819 765 849 795 ei
873 763 958 804 apud
982 764 1069 804 pium
1092 763 1262 803 imperium
1286 765 1437 800 vestrum,
1460 763 1504 793 fili
1528 763 1706 802 karissime,
1730 763 1825 793 fidem

177 820 321 859 dicimus,
347 828 421 849 ecce
446 828 504 848 nos
527 827 584 858 pro
608 817 663 847 illo
681 816 797 847 vadem
821 815 998 850 offerimus;
1023 817 1147 845 tantum
1171 815 1215 845 sic
1237 817 1314 855 agat
1337 825 1414 855 erga
1437 813 1556 856 [eum]g
1580 815 1828 845 clementissima

177 874 210 903 et
244 870 447 902 serenissima
481 869 587 910 pietas
615 872 734 907 vestra,
766 870 802 898 ut
830 867 883 898 alii
911 867 969 897 sub
999 870 1130 907 tegmen
1165 866 1379 897 miserationis
1409 869 1512 906 vestre
1548 866 1608 896 hoc
1638 866 1827 907 compertoh

179 923 316 954 alacrius
340 921 501 952 confluant
524 923 557 951 et
579 930 638 961 per
660 919 926 950 interventionem
950 920 1091 948 nostram
1116 917 1207 958 quasi
1236 927 1295 958 per
1318 916 1517 947 immobilem
1547 920 1678 957 pontem
1708 917 1749 947 ad
1773 928 1828 948 vos

134 982 158 1001 1⁵
180 974 327 1006 certatim
356 973 524 1003 transitum
553 972 681 1003 faciant.
728 970 907 1012 Siquidemi
930 970 982 1000 hic
1009 970 1041 999 in
1068 969 1193 1009 signum
1218 968 1288 999 estk
1314 967 1391 1010 [ad]¹
1416 968 1594 1009 apostoliea
1618 972 1704 999 tecta
1727 968 1828 1009 quod-

179 1026 282 1057 damm
305 1025 442 1066 positus:
467 1026 597 1055 cunctos
621 1023 663 1054 a'd
686 1033 742 1053 vos
763 1022 940 1063 terrigenas
963 1023 1019 1051 aut
1042 1020 1124 1051 bene
1141 1019 1312 1060 dispositus
1329 1019 1487 1059 invitabit,
1511 1023 1566 1050 aut
1589 1030 1608 1050 a
1631 1020 1721 1050 vobis
1744 1020 1828 1050 male

178 1079 335 1108 tractatus
358 1075 501 1106 terrebit.
548 1075 632 1106 Nam
656 1074 785 1105 difficile
810 1078 901 1104 essen
925 1072 1084 1103 credimus
1107 1071 1194 1112 apud
1216 1071 1373 1112 pietatem
1396 1074 1537 1101 vestram
1554 1082 1748 1112 quemquam
1772 1082 1830 1112 per

181 1129 261 1160 alios
285 1128 441 1169 optinere,
467 1127 552 1168 quod
576 1137 634 1167 per
649 1126 783 1157 Petrum
807 1127 840 1156 et
854 1124 992 1155 Paulum
1016 1124 1236 1164 apostolorum
1258 1123 1394 1154 eximios
1417 1133 1480 1153 non
1505 1123 1623 1163 poterit
1644 1123 1828 1163 impetrare.

285 1193 379 1217 DATA
398 1193 443 1217 UT
463 1192 579 1217 SUPRA.

981 1354 1032 1383 29.

138 1427 164 1447 20
292 1415 453 1447 Iohamzes
472 1414 564 1446 VIII.
583 1424 673 1453 papa
694 1413 850 1455 PVaiferz'o
867 1413 1012 1452 principi
1028 1411 1229 1443 Salernitcmo
1249 1412 1373 1452 quatias
1396 1411 1461 1451 ayit
1484 1411 1520 1442 de
1541 1412 1617 1450 fidei
1638 1414 1833 1451 constantim

182 1468 219 1499 de
234 1467 395 1507 Aclalyisa'
411 1466 580 1507 (principis
596 1465 810 1496 Beneventani
808 1466 825 1506 )
842 1465 970 1504 eiusque
990 1463 1173 1502 complicum
1188 1463 1306 1501 fraude
1321 1463 1482 1502 qmm'tmy
1504 1464 1681 1503 episcopam
1697 1464 1832 1495 Surren-

184 1520 297 1556 tinum,
321 1518 443 1558 zonyacs
465 1518 531 1549 iam
555 1519 760 1556 expectatam,
784 1516 920 1548 Romam
943 1517 1027 1547 mita·
1049 1516 1142 1547 iubet.
1517 1517 1581 1546 &76
1604 1515 1677 1547 Dec.
1695 1517 1745 1547 18.

297 1578 371 1604 Cod.:
398 1577 426 1604 R
443 1579 463 1612 f.
474 1582 505 1604 14
523 1586 550 1604 w.
564 1581 603 1603 29.

286 1629 371 1656 EM:
399 1629 494 1655 Editio
513 1629 640 1655 Romana
658 1629 742 1662 (1591)
763 1628 820 1661 III,
840 1632 885 1654 311
902 1636 931 1654 n.
944 1631 983 1653 23.
1020 1627 1115 1653 Mami
1135 1627 1211 1653 Cone.
1224 1627 1281 1653 coll.
1297 1627 1398 1658 XVII,
1419 1630 1451 1653 26
1468 1635 1494 1653 n.
1509 1630 1548 1653 28.
1586 1627 1682 1660 ΖΙῙίφίε
1701 1627 1775 1653 Patr.
1789 1628 1833 1654 lat.

140 1676 164 1695 25
187 1672 321 1706 CXXVI,
342 1676 389 1699 708
406 1680 433 1698 n.
447 1677 484 1699 55.
503 1688 536 1691 —
555 1672 631 1703 Jaffe
650 1671 715 1705 Rey.
728 1674 794 1697 3074
813 1671 908 1704 (2303).

575 1760 748 1785 IOHANNES
771 1759 981 1784 UVAHIFERIO
1004 1759 1152 1783 PRINCIPI
1177 1759 1439 1783 SALERNITAN01.

291 1815 436 1857 Gloriose
460 1815 619 1847 nobilitati
642 1818 758 1856 vestre,
783 1825 879 1856 quam
903 1814 1100 1855 spiritalibus
1115 1813 1198 1844 ulnis
1214 1813 1439 1855 amplectimur
1463 1816 1496 1844 et
1512 1813 1690 1845 dilectionis
1707 1824 1835 1854 semper

183 1868 302 1899 sinibus
325 1868 434 1899 fovere
459 1878 522 1898 non
545 1866 753 1898 mediocriter
782 1866 983 1906 anhelamus,
1015 1865 1189 1906 condignas
1213 1866 1334 1906 gratias
1359 1866 1499 1906 agimus,
1532 1866 1681 1905 quoniam
1705 1866 1736 1895 in
1759 1865 1835 1895 fidei

183 1923 276 1961 petra
299 1922 441 1951 statuens
465 1919 641 1958 constantie
669 1918 771 1959 pedes
794 1928 853 1948 nec
877 1917 1059 1948 fluminibus
1083 1927 1141 1948 nec
1165 1917 1268 1948 ventis
1293 1917 1492 1948 diversorum
1517 1920 1688 1947 eventuum
1712 1917 1835 1957 impetu

139 1984 164 2003 30
183 1972 287 2013 potuit
310 1982 329 2002 a
353 1971 527 2002 stabilitate
552 1982 609 2002 sua
631 1971 768 2011 dimergi
784 1969 837 2001 vel
859 1981 878 2001 a
894 1969 1006 2000 nobisab
1022 1969 1184 2010 prestitis‘*
1200 1969 1443 2010 sponsionibusa
1460 1969 1654 2010 aliquatinus
1679 1969 1834 2003 amoveri;

183 2023 316 2055 fundata
340 2024 423 2054 enim
448 2026 496 2054 est
519 2033 616 2064 supra
640 2025 775 2063 petram.
808 2022 877 2062 ρης
902 2024 1011 2053 autem
1028 2021 1067 2052 de
1086 2021 1266 2062 Adelgisii2
1285 2024 1317 2052 et
1342 2020 1546 2061 complicium
1571 2021 1660 2051 eius3
1677 2020 1835 2061 prioribus
1850 2028 2041 2053 canaam-ms.

185 2086 223 2106 ac
246 2075 409 2106 modernis
431 2074 643 2105 fraudulentis
672 2073 796 2105 actibus
823 2073 1003 2113 indicastis,
1036 2077 1068 2103 et
1097 2074 1159 2113 ipsi
1182 2073 1341 2103 veraciter
1365 2073 1535 2113 sensimus,
1566 2076 1598 2103 et
1626 2072 1837 2112 sagacitatem

184 2130 282 2166 tuam,
306 2130 342 2158 ut
365 2137 398 2157 se
422 2136 474 2157 res
490 2126 600 2165 habet,
624 2126 761 2157 sensisse
778 2125 947 2156 manifeste
966 2125 1182 2166 cognovimus.
1221 2124 1291 2155 Erit
1315 2127 1423 2155 autem
1442 2125 1487 2155 eis
1509 2128 1544 2154 ut
1561 2123 1637 2154 Saul
1655 2126 1687 2154 et
1703 2123 1836 2154 Achaab

186 2181 219 2209 et
241 2179 348 2209 anima
378 2188 489 2209 eorum
518 2188 576 2219 pro
605 2178 711 2208 anima
740 2177 940 2208 inimicorum
963 2176 1040 2217 Dei,
1071 2177 1221 2217 quoniam
1252 2177 1355 2206 virum
1385 2176 1517 2216 dignum
1548 2179 1650 2206 morte
1675 2175 1835 2206 dimittere

141 2238 164 2258 35
184 2231 314 2262 minime
330 2230 572 2270 formidarunt4,
590 2239 712 2270 nosque
725 2229 796 2260 Deo
814 2229 942 2260 favente
960 2228 1178 2259 cantabimusb
1196 2231 1228 2259 et
1243 2228 1433 2269 psallemus:
1451 2228 1499 2258 ‘In
1516 2227 1667 2268 operibus
1683 2237 1835 2257 manuum
1849 2233 1957 2257 Ps.9,17-

184 2293 313 2313 suarum
334 2281 570 2323 conprehensus
591 2284 640 2312 est
663 2280 838 2322 peccator³;
864 2284 914 2311 etc
934 2281 1081 2311 iterumc:
1103 2279 1237 2310 ‘Lacum
1261 2280 1387 2320 aperuit
1412 2282 1444 2310 et
1468 2279 1548 2309 fodit
1572 2289 1644 2309 eum
1669 2281 1702 2309 et
1724 2277 1836 2308 incidit
1850 2284 2001 2307 Ps-7‚16—17-

183 2334 216 2364 in
232 2333 369 2373 foveam,
388 2343 484 2375 quam
506 2332 592 2364 fecit.
632 2333 844 2364 Oonvertetur
868 2331 959 2363 dolor
983 2333 1051 2363 eius
1074 2333 1106 2362 in
1129 2335 1226 2373 caput
1242 2331 1332 2372 eius³,
1356 2334 1388 2362 et
1405 2333 1524 2362 cetera.
1562 2330 1696 2360 Interim
1715 2332 1833 2367 autem,

184 2388 339 2426 quantum
362 2395 419 2416 nos
443 2395 581 2426 superna
604 2385 702 2416 virtus
725 2383 899 2415 adiuvare‘l
922 2384 1054 2425 dignata
1078 2383 1182 2423 fuerit,
1207 2387 1239 2414 et
1261 2384 1294 2414 in
1318 2383 1456 2414 consiliis
1481 2385 1513 2413 et
1536 2383 1567 2412 in
1591 2382 1718 2412 auxiliis
1744 2381 1834 2411 vobis

288 2496 311 2528 a)
335 2505 402 2522 corr.
421 2505 451 2521 ex
475 2505 551 2528 quam
574 2496 605 2522 R.
711 2495 736 2527 b)
758 2505 775 2520 v
799 2505 864 2521 corr.
885 2505 915 2521 ea:
938 2497 954 2521 b
976 2496 1008 2521 R.
1114 2495 1135 2527 c)
1157 2496 1292 2521 undecima
1315 2495 1347 2520 R.
1457 2494 1481 2526 ¹1)
1505 2504 1561 2520 -em
1586 2504 1651 2520 corr.
1671 2504 1701 2519 esc
1726 2498 1779 2519 -est
1802 2494 1834 2518 R.

142 2547 168 2566 4ο
185 2539 209 2572 ⁰)
228 2540 244 2565 d
266 2548 332 2565 corr.
351 2548 381 2564 ex
403 2544 414 2564 t
435 2539 467 2565 R.
566 2538 586 2571 f)
605 2539 626 2564 si
646 2539 675 2564 R.
773 2538 798 2571 Ε)
818 2547 865 2564 om.
884 2539 915 2564 R,
1014 2538 1039 2570 h)
1059 2544 1160 2571 coperto
1183 2547 1249 2564 corr.
1269 2547 1300 2563 ea:
1324 2542 1455 2571 cuniperto
1475 2538 1506 2563 R.
1603 2537 1620 2569 i)
1640 2546 1694 2562 -em
1721 2546 1786 2562 corr.
1806 2545 1836 2561 esc

187 2587 238 2608 -est
255 2583 287 2608 R.
374 2581 400 2615 k)
420 2586 445 2608 et
463 2582 495 2608 R.
583 2581 602 2613 l)
622 2591 670 2607 om.
690 2582 722 2608 R.
809 2582 841 2614 m)
861 2583 971 2614 quadam
990 2582 1022 2606 R.
1110 2582 1135 2614 n)
1154 2591 1220 2607 corr.
1240 2590 1270 2607 ea·
1295 2586 1333 2607 est
1352 2582 1383 2606 R.

290 2642 332 2668 29.
359 2643 382 2674 ὃ)
401 2652 428 2667 -s
446 2643 557 2675 prestitis
575 2651 653 2675 spon-
674 2643 702 2667 in
720 2651 771 2667 ras.
793 2643 823 2667 R.
918 2641 942 2675 b)
962 2643 1123 2667 cantavimus
1142 2643 1174 2667 R.
1266 2641 1289 2673 0)
1309 2642 1336 2666 ἱη
1354 2650 1406 2666 ras.
1429 2641 1457 2666 R.
1552 2640 1575 2671 d)
1595 2649 1612 2664 v
1631 2649 1696 2665 corr.
1714 2648 1744 2664 esa:
1764 2640 1779 2663 b
1799 2639 1830 2664 R.

291 2711 317 2743 1)
341 2710 370 2736 V.
389 2718 473 2743 supra
490 2718 516 2736 n.
531 2714 554 2742 3,
570 2718 598 2743 p.
612 2713 628 2736 3
645 2713 736 2736 annot.
749 2715 770 2737 1.
856 2710 882 2743 2)
902 2710 1041 2743 Principis
1054 2709 1241 2741 Beneventani,
1259 2712 1381 2735 854-78.
1475 2708 1501 2737 3)
1521 2707 1655 2733 Lanam-a
1673 2706 1833 2732 mco-chiom‘s

189 2756 213 2779 et
233 2753 321 2786 Sergii
339 2753 414 2779 clzwz's
426 2753 610 2786 Neapolitani,
628 2753 784 2785 quibuscum
802 2753 912 2778 iunctus
931 2755 989 2778 crac
1007 2752 1111 2783 foedere
1131 2752 1287 2784 Sat'aceni85
1307 2752 1342 2783 cf.
1358 2751 1495 2777 Diimmler
1515 2750 1585 2781 1112,
1605 2754 1644 2776 251.
1726 2749 1753 2782 4)
1773 2748 1833 2774 Seil.

144 2803 170 2823 45
191 2795 325 2829 quendam
343 2795 376 2821 dc
393 2795 546 2827 fautoribus
567 2795 698 2828 Formosi,
716 2796 750 2827 cf.
770 2804 796 2822 η.
812 2799 854 2827 24,
868 2803 897 2828 p.
910 2799 942 2821 22
961 2795 976 2822 l.
992 2798 1030 2821 31.

1598 2843 1630 2869 4
