2189 3042
640 208 818 236 IOHANNIS
837 208 912 235 VIII.
932 208 1050 234 PAPAE
1072 207 1270 235 EPISTOLAE
1295 207 1353 234 193.
1374 207 1431 233 194.
1798 210 1856 238 155

209 308 335 328 morum
362 296 515 327 videlicet
540 297 785 337 imperatorum,
816 297 962 336 tempore
990 294 1141 325 habuisse
1165 294 1352 333 recolimus,
1381 294 1472 325 vobis
1498 293 1705 335 regnantibus
1727 298 1858 325 maneat

209 349 351 380 illibatus
386 351 418 379 et
451 348 590 389 integer,
625 351 660 377 ut
690 350 721 377 et
750 350 855 386 vestre
886 346 1003 387 regalis
1033 346 1134 387 glorie
1163 346 1262 376 decus
1291 346 1402 386 vigeat
1431 345 1654 376 indiminutum
1685 349 1717 376 et
1747 349 1856 386 eterne

210 400 368 431 mercedis
391 399 481 430 vobis
508 409 623 429 munus
652 408 789 439 superna
818 399 921 438 gratia
950 397 1117 428 tribuatur.
1163 397 1255 428 Nunc
1279 397 1376 438 igitur
1398 408 1455 438 pro
1481 400 1528 428 tot
1551 400 1583 427 et
1607 397 1702 428 tantis
1726 397 1857 428 calami-

210 452 330 482 tatibus
354 461 391 482 ac
414 450 668 489 necessitatibus,
694 460 771 490 quas
795 460 813 480 a
838 450 971 490 paganis
995 449 1122 480 assidue
1146 451 1243 489 atque
1261 459 1280 479 a
1295 448 1388 479 malis
1406 448 1546 489 patimur
1563 447 1760 488 Christianis,
1784 449 1860 479 licet

179 514 190 532 5
211 513 268 544 pro
298 502 499 533 multitudine
525 502 663 532 scribere
688 512 749 531 non
774 502 938 532 valeamus
962 504 994 532 et
1017 504 1155 532 vestram
1180 500 1406 531 excellentiam
1430 501 1578 541 ignorare
1602 511 1665 531 non
1689 501 1857 541 credimus,

211 553 364 595 pastorali
388 553 600 584 sollicitudine
624 554 713 591 moti,
737 555 892 593 ponentes
916 553 1038 583 animas
1061 554 1185 582 nostras
1206 552 1238 582 in
1254 552 1401 582 manibus
1418 553 1544 592 nostris,
1568 552 1714 593 ingentes
1729 552 1857 583 labores

211 616 273 636 non
297 605 400 636 solum
423 604 538 635 marini
561 604 618 635 sed
641 604 762 634 itineris
787 604 884 635 etiam
909 604 1027 634 terreni
1052 603 1241 634 omnimodis
1266 604 1488 644 sumpsimus¹.
1527 603 1696 634 Testamur
1719 614 1858 645 namque

210 656 331 695 Deum,
361 656 411 686 cui
437 655 563 686 occulta
587 655 728 686 omnium
752 656 923 686 manifesta
947 656 1102 694 existunt,
1127 654 1212 695 quod
1236 658 1341 685 vestro
1367 655 1573 685 desiderabili
1597 655 1718 685 honore
1741 656 1859 686 nullius

210 707 347 738 hominis
371 708 430 737 nisi
454 710 593 738 vestrum
618 710 791 748 prepotens
815 707 1007 738 adiutorium
1031 707 1125 737 avida
1149 709 1256 737 mente
1274 717 1409 748 querere
1431 706 1599 743 voluimus,
1623 706 1681 737 sed
1703 707 1860 739 malorum

169 770 192 788 ιο
210 758 390 798 hominum,
422 769 502 798 quos
535 759 595 799 ipsi
626 759 726 796 scitis,
758 758 917 799 prepediti
946 758 1067 788 insidiis
1102 758 1162 788 hoc
1190 768 1289 799 agere
1319 768 1380 788 nou
1410 757 1597 788 valuimus2.
1645 758 1860 800 Quapropter,

211 809 417 840 dilectissime
441 809 495 847 fili,
520 813 628 840 nostra
652 809 829 850 apostolica
853 810 1075 840 exhortatione
1100 819 1265 840 monemus
1289 809 1424 849 gloriam
1445 812 1594 849 vestram,
1619 813 1654 840 ut
1676 820 1733 850 pro
1751 821 1860 842 amore

212 864 319 900 sancte
343 861 489 902 Romane
523 861 658 901 ecclesie
689 862 799 892 matris
828 864 932 900 vestre
962 861 1156 891 defensionis
1186 860 1330 891 laborem
1360 860 1579 891 indubitanter
1605 872 1768 892 assumere
1796 873 1859 892 non

210 913 463 954 pretermittatis,
488 913 573 943 unde
596 913 686 943 vobis
710 913 811 943 honor
835 916 866 944 et
889 913 974 943 salus
997 912 1048 943 hic
1072 915 1104 942 et
1127 913 1158 942 in
1180 914 1323 952 eternum
1347 915 1517 942 accrescat.
1563 912 1605 942 Et
1620 912 1692 943 ideo
1710 914 1859 954 petimus,

210 966 245 994 ut
274 974 331 1004 pro
356 964 418 995 Dei
447 967 478 995 et
505 967 686 995 sanctorum
715 964 933 1005 apostolorum
956 963 1046 994 Petri
1074 973 1111 994 ac
1134 963 1228 994 Pauli
1253 973 1363 994 amore
1387 964 1502 993 nostris
1526 964 1709 1004 apostolicis
1732 966 1860 995 monitis

169 1026 192 1045 15
212 1018 279 1046 toto
303 1017 470 1047 conamine
495 1016 679 1056 attendatis,
705 1020 861 1057 quatenus
885 1019 940 1047 aut
962 1025 1021 1056 per
1044 1026 1100 1045 vos
1124 1018 1179 1045 aut
1201 1026 1259 1055 per
1275 1015 1519 1045 saluberrimum
1537 1015 1702 1045 consilium
1719 1019 1860 1047 vestrum

211 1067 303 1098 citius
327 1067 419 1098 nobis
443 1067 611 1099 subvenire
637 1067 819 1099 omnimodo
844 1067 1012 1108 satagatis,
1037 1067 1188 1108 quoniam
1212 1069 1301 1097 tanta
1330 1066 1421 1096 istius
1450 1070 1534 1106 terre
1563 1066 1743 1107 perditione
1767 1068 1859 1098 undi-

212 1129 274 1160 quc
304 1120 471 1160 aggravati
502 1119 642 1160 undique
671 1119 815 1150 concussi
848 1119 924 1150 talia
956 1119 1020 1149 iam
1056 1118 1189 1148 sufferre
1222 1118 1353 1149 minime
1384 1117 1537 1148 valemus
1590 1117 1674 1149 Nam
1704 1119 1744 1157 si,
1775 1118 1860 1159 quod

212 1170 309 1209 absit,
333 1181 391 1211 per
413 1182 469 1201 vos
494 1171 575 1201 forte
600 1171 804 1210 remanserit,
827 1173 863 1201 ut
887 1170 1024 1201 ecclesia
1047 1169 1110 1200 Dei
1133 1170 1163 1199 in
1188 1170 1329 1210 presenti
1353 1169 1573 1200 defensionem
1598 1180 1660 1199 non
1683 1169 1804 1200 habeat
1829 1173 1861 1201 et

212 1222 320 1253 taliter
335 1222 464 1253 turbata
488 1223 650 1261 consistat,
667 1222 785 1261 videte,
809 1232 849 1252 ne
873 1224 947 1252 ante
972 1221 1110 1252 tribunal
1126 1220 1245 1252 Christi
1269 1224 1301 1251 et
1322 1231 1429 1251 coram
1447 1221 1666 1261 apostolorum
1682 1221 1861 1262 principum

168 1286 192 1305 20
211 1274 375 1314 presentia
408 1277 512 1314 vestre
547 1274 652 1313 anime
688 1274 856 1315 patiamini
889 1273 1130 1313 detrimentum,
1170 1273 1244 1313 quia
1279 1283 1336 1303 nos
1374 1276 1509 1313 paterna
1541 1283 1596 1303 vos
1631 1273 1860 1303 ammonitione

211 1325 377 1356 hortantes
405 1325 579 1356 secundum
609 1326 775 1356 ministerii
802 1325 901 1356 nostri
928 1325 1068 1355 officium
1097 1334 1149 1363 ea,
1179 1334 1239 1365 que
1268 1323 1331 1355 Dei
1359 1327 1431 1354 sunt
1459 1327 1509 1354 eta
1532 1324 1627 1354 saluti
1654 1328 1758 1364 vestre
1787 1335 1861 1365 pro-

211 1377 308 1416 ficua,
333 1387 430 1418 agere
454 1377 673 1408 incunctanter
697 1377 911 1408 convenimus.
957 1376 1101 1407 Misimus
1125 1378 1232 1406 autem
1257 1376 1298 1406 ad
1322 1386 1378 1406 vos
1402 1379 1567 1416 presentes
1590 1376 1703 1406 missos
1726 1379 1861 1416 nostros,

212 1428 411 1459 Iohannem³
435 1432 468 1459 et
490 1428 703 1459 Paschalem4
719 1428 940 1459 venerabilesb
965 1428 1133 1468 episcopos
1157 1427 1293 1458 dilectos
1320 1427 1437 1458 fideles
1461 1430 1595 1466 nostros,
1621 1437 1699 1468 quos
1723 1428 1862 1468 petimus

211 1484 247 1511 ut
274 1490 331 1521 pro
355 1482 463 1511 nostro
494 1490 603 1511 amore
635 1479 773 1521 benigne
797 1480 960 1520 recipiatis
988 1482 1021 1510 et
1048 1479 1094 1510 eis
1124 1479 1231 1509 locum
1262 1479 1490 1510 familiaritatis
1515 1479 1659 1510 tribuatis
1687 1483 1784 1520 atque
1813 1490 1861 1519 ea,

169 1543 193 1562 25
214 1542 274 1572 que
298 1531 387 1562 vobis
412 1531 451 1562 de
475 1534 583 1562 nostra
606 1534 697 1572 parte
722 1531 869 1571 dixerint,
894 1531 1104 1562 libentissime
1128 1530 1313 1561 attendatis.

316 1593 410 1617 DATA
428 1593 484 1617 VII.
504 1593 563 1616 DIE
585 1593 706 1617 MENSIS
730 1593 827 1624 IUNII,
846 1593 1046 1617 INDICTIONE
1065 1593 1122 1617 XII.

1009 1731 1076 1760 194.

318 1788 478 1820 Iohannes
499 1789 592 1821 VIII.
607 1799 694 1829 papa
710 1789 949 1820 Karolomamzo
972 1789 1037 1828 γεμί
1055 1789 1242 1828 Gospertum
1262 1789 1432 1820 diaconum
1461 1789 1569 1826 mittit,
1591 1799 1713 1828 royans,
1737 1791 1773 1819 ut
1796 1799 1865 1819 eum

220 1839 403 1871 Vei-cellensi
424 1841 568 1872 eeclesiae
591 1841 626 1872 in
649 1841 826 1880 episcopum
846 1841 1024 1881 praeficiat.
1570 1841 1634 1871 879
1659 1840 1734 1871 Iun.
1749 1842 1778 1872 7.

327 1899 401 1927 Ood.:
430 1900 457 1927 R
475 1902 495 1934 f.
511 1904 539 1926 75
556 1908 583 1926 a.
598 1904 649 1926 195.

169 1955 194 1974 30
316 1947 398 1974 EM:
427 1947 525 1973 Editio
539 1947 666 1973 Romana
678 1946 763 1981 (1591)
783 1947 840 1980 ΙΙΙ,
854 1950 903 1973 423
921 1950 1019 1973 oz.187.
1055 1947 1150 1973 Μανιεί
1170 1947 1246 1973 Cone.
1261 1947 1318 1973 coll.
1335 1947 1434 1980 XVII,
1450 1950 1497 1973 125
1516 1946 1548 1979 [l.
1563 1947 1624 1981 127]
1642 1955 1669 1973 a.
1684 1951 1739 1974 187,
1776 1947 1867 1980 Mane

212 1990 288 2016 Patr.
303 1991 347 2017 lat.
370 1990 506 2023 CXXVI,
526 1994 579 2017 840
598 1998 624 2016 η.
638 1993 697 2017 228.
718 2005 751 2009 ——
769 1990 843 2022 Jaffe
862 1990 927 2024 Rey.
940 1994 1004 2017 3257
1021 1990 1117 2024 (2477).

480 2069 627 2094 DILECTO
646 2070 689 2094 AC
712 2069 882 2093 SPIRITALI
904 2070 996 2094 FILIO
1019 2069 1277 2094 CAROLOMANNO
1301 2069 1470 2094 GLORIOSO
1494 2069 1598 2093 REG15.

319 2119 465 2150 Misimus
493 2130 565 2151 cum
592 2120 641 2151 his
668 2120 872 2161 presentibus
898 2120 1025 2151 missis⁶
1048 2121 1162 2151 nostris
1189 2120 1273 2151 hunc
1297 2119 1519 2151 venerabilem
1544 2119 1714 2150 diaconum
1738 2119 1865 2150 nomine

215 2171 407 2212 Oospertum
434 2171 539 2212 vobis,
563 2174 598 2202 ut
621 2171 795 2211 credimus,
818 2175 929 2203 notum
952 2173 984 2203 in
1010 2172 1174 2203 servitium
1197 2171 1428 2213 magnitudinis
1451 2175 1572 2212 vestre,
1598 2181 1694 2212 quem
1716 2171 1865 2211 petimus,

1871 550 1898 570 cf.
1912 549 2029 575 1.Reg.19,
2040 552 2063 575 53

1930 577 1962 601 28,
1974 577 2006 596 21.

1874 660 2065 686 cf.1.Cor.1-1,25.

171 2234 195 2253 35
214 2226 250 2254 ut
273 2234 330 2264 pro
353 2226 461 2254 nostro
485 2233 595 2254 amore
618 2223 758 2264 benigne
782 2224 959 2264 recipiatis;
991 2226 1023 2254 et
1047 2224 1121 2264 quia
1144 2223 1236 2254 nobis
1259 2234 1297 2254 ac
1321 2223 1413 2254 vobis
1437 2223 1541 2254 fidelis
1565 2223 1688 2261 existit,
1716 2232 1866 2263 rogamus
1902 2219 1905 2221 ’

216 2274 442 2306 excellentiam
454 2278 604 2314 vestram,
620 2278 656 2305 ut
668 2276 889 2316 episcopatum
902 2275 1117 2306 Bel-cellensis
1131 2275 1265 2316 ecclesie
1278 2275 1406 2316 placido
1420 2275 1525 2305 animo
1539 2274 1695 2314 tribuatis,
1710 2276 1867 2314 quatenus

214 2326 286 2358 Deo
325 2326 499 2357 auxiliante
533 2336 592 2367 per
625 2329 766 2357 nostram
799 2337 836 2357 ac
871 2329 1011 2358 vestram
1045 2327 1295 2358 munificentiam
1329 2326 1506 2368 episcopali
1542 2326 1711 2357 dumtaxat
1745 2325 1866 2355 honore

215 2379 355 2420 potitusa
378 2377 470 2408 nobis
493 2378 525 2408 in
549 2378 696 2409 omnibus
720 2379 859 2409 existere
883 2378 1029 2409 devotior
1052 2381 1149 2419 atque
1173 2378 1299 2409 fidelior
1321 2378 1432 2419 possit.

320 2444 414 2468 DATA
433 2443 489 2468 VII.
508 2445 567 2468 DIE
589 2443 712 2468 MENSIS
736 2444 833 2475 1UNII,
853 2444 1053 2468 INDICTIONE
1070 2444 1127 2469 XII.

173 2603 198 2621 40
320 2596 343 2628 a)
363 2606 407 2630 pro
425 2597 475 2623 del.
488 2601 549 2629 post
567 2601 591 2622 et
610 2597 642 2622 R.
729 2597 754 2629 b)
773 2606 784 2622 s
803 2606 870 2623 corr.
886 2606 916 2622 em
934 2606 959 2622 m
977 2598 1008 2622 R.

321 2643 377 2669 194.
406 2642 429 2675 a)
447 2644 532 2676 potius
551 2643 582 2669 R.

320 2704 345 2737 1)
365 2703 427 2730 Seil.
445 2705 476 2730 in
496 2704 592 2731 itinere
610 2704 745 2730 Francico
768 2713 792 2731 α.
808 2707 865 2731 878.
971 2705 997 2737 2)
1020 2704 1190 2730 Lambertmn
1213 2704 1383 2737 Spoletinum
1408 2702 1587 2728 nmrchionem
1613 2701 1719 2732 eiusque
1745 2706 1866 2730 sequaces

215 2745 334 2772 indicare
351 2746 461 2774 videtur.
496 2746 548 2773 Sed
566 2749 699 2780 quantum
720 2747 784 2773 haec
806 2756 824 2773 a
846 2755 903 2773 vero
925 2747 1094 2780 abhorreant,
1116 2755 1190 2773 nemo
1214 2750 1265 2779 est,
1287 2747 1354 2779 quin
1372 2745 1465 2772 videat.
1563 2744 1589 2776 3)
1610 2742 1763 2776 Slyn'inwlh
1788 2740 1866 2766 hodie

214 2788 321 2822 ‘Scyni‘‚
341 2791 462 2815 861-79.
549 2790 576 2822 4)
596 2790 762 2822 Amerinum,
780 2790 859 2816 hodie
877 2790 1006 2823 ‘Amelz‘a2
1025 2793 1141 2816 868—0.
1155 2793 1212 2816 879.
1301 2790 1327 2821 5)
1350 2789 1390 2820 Cf.
1412 2795 1500 2821 supra
1518 2790 1613 2813 n.179.
1702 2784 1728 2815 6)
1748 2783 1867 2809 Iohanne

174 2838 199 2858 45
218 2834 241 2857 et
261 2831 386 2858 Paschali
402 2832 526 2865 episcopis
545 2832 592 2864 (cf.
611 2835 701 2859 annot.
715 2835 738 2865 3,
757 2834 793 2867 4),
814 2833 942 2859 latoribus
961 2841 1000 2867 ep.
1016 2841 1042 2859 n.
1057 2835 1113 2859 193.

1611 2870 1659 2896 20*
