2189 3042
221 387 250 407 cf.
266 386 301 407 PS.
313 388 345 411 57,
356 389 374 406 5.

184 1695 213 1716 cf.
224 1696 242 1716 2.
251 1694 296 1715 Cor.
305 1698 336 1720 11,
344 1697 375 1716 28.

227 2311 256 2331 cf.
266 2309 314 2331 Gal.
325 2313 345 2335 6,
355 2312 374 2332 2.

395 194 454 224 102
821 186 999 213 IOHANNIS
1020 187 1093 213 VIII.
1112 186 1231 213 PAPAE
1253 186 1452 214 EPISTOLAE
1476 187 1535 215 202.
1553 187 1612 215 203.

392 281 479 308 tuum
516 280 603 307 tuam
633 285 722 306 more
753 273 1016 315 predecessorum
1047 276 1174 304 tuorum
1205 273 1396 314 condignam
1428 273 1647 306 obedientiam
1678 275 1832 307 exhibere
1863 276 2038 317 debuisses,

390 330 608 359 inreverenter
627 330 712 357 stare
737 325 840 356 fecisti
862 325 1048 366 nullamque
1071 325 1134 355 illis
1157 325 1372 356 reverentiam
1387 325 1439 356 vel
1462 325 1606 357 auditum
1630 327 1874 358 accommodare
1891 327 2040 369 dignatus

392 385 455 415 ομ,
480 378 536 409 sed
555 379 635 408 sicut
651 378 736 418 aspis
754 376 849 407 surda
866 379 975 408 contra
992 376 1138 407 karitatis
1154 375 1306 407 affectum
1322 377 1446 407 viscera
1463 377 1568 408 cordis
1584 381 1616 409 et
1632 388 1726 409 aures
1741 378 1847 409 valide
1865 378 2039 410 obdurasti.

391 431 454 462 Pro
480 429 592 471 quibus
618 434 649 460 et
673 429 721 459 his
744 428 899 459 similibus
923 431 954 459 te
972 428 1095 458 tamdiu
1112 429 1335 459 communione
1351 429 1546 469 privavimus
1561 430 1794 471 missarumque
1811 430 2039 471 celebratione,

391 482 492 513 donce
516 481 606 511 nobis
634 480 837 511 occurreresb
861 483 894 510 et
924 484 978 510 aut
1008 490 1066 520 per
1089 482 1120 510 te
1149 483 1204 510 aut
1226 490 1285 520 per
1307 480 1460 510 vicarium
1484 482 1572 511 tuum
1597 485 1710 512 cuncta
1734 484 1839 512 errata
1862 482 2040 523 corrigeres

391 537 422 564 et
450 534 493 563 sic
523 536 553 563 tc
584 532 712 562 demum
737 531 945 572 paternaliter
968 531 999 562 iu
1023 534 1166 562 nostrum
1191 532 1384 562 consortium
1408 531 1660 563 admitteremus.
1707 532 1772 563 Sed
1795 533 1828 563 in
1851 532 2040 574 despectum

390 589 423 615 et
447 584 591 614 iniuriam
616 586 822 624 paternorum
847 583 1026 613 canonuml
1051 584 1347 614 excommunicatus
1375 594 1393 614 a
1417 583 1529 615 nobis2
1553 594 1678 614 sacrum
1707 585 1918 615 ministerium
1942 595 2039 626 agere

389 636 584 676 missamque
609 634 774 666 celebrare
800 635 1031 675 presumpsisti,
1057 634 1096 665 de
1121 645 1184 676 quo
1209 634 1354 675 sollicite,
1377 635 1539 666 volentes⁰
1556 645 1689 676 parcere
1706 639 1758 676 tue
1775 637 1941 677 senectuti,
1965 647 2040 677 per-

391 688 554 728 quirentes
582 686 663 718 adeo
692 696 801 717 verum
826 696 896 716 esse
926 686 1211 727 deprehendimus,
1239 691 1275 718 ut
1298 687 1495 727 presentium
1523 686 1614 727 lator,
1643 691 1750 718 vester
1773 687 1923 719 videlicet
1949 698 2039 728 pres-

389 739 512 780 byterd,
536 749 599 769 non
624 738 719 768 fuerit
743 749 837 768 ausus
861 748 968 768 eoram
993 737 1130 779 collegio
1154 739 1417 780 coepiscoporum
1441 749 1497 779 pro
1518 738 1609 769 vobis
1632 739 1693 769 hoe
1717 739 1914 770 satisfacere.
1953 739 2040 775 Qua-

390 794 535 831 propter,
567 790 641 831 quia
670 789 810 820 Domino
845 789 1021 820 auxiliante
1054 789 1227 820 secuudum
1262 793 1381 820 statuta
1410 790 1588 821 canonum³
1617 790 1701 821 eirca
1735 791 1879 821 autumni
1912 793 2040 832 tempus

390 842 545 883 synodum
569 852 677 872 sumus
701 840 906 877 celebraturi3
931 841 972 871 ad
997 851 1093 882 quam
1118 844 1168 872 tee
1190 841 1336 872 volumus
1360 842 1445 872 omni
1469 842 1636 872 occasione
1660 842 1839 883 postposita
1862 843 1930 873 sine
1950 852 2040 873 mora

390 893 498 924 venire
523 896 578 923 aut
601 893 726 934 legatos
750 892 889 933 dirigere
915 896 956 932 et,
981 892 1056 923 dum
1075 892 1202 924 Christo
1227 892 1403 934 opitulante
1427 896 1613 934 perpetrata
1636 894 1897 934 transgressionis
1919 904 2038 935 purga-

389 946 482 984 veris,
507 948 538 975 te
562 945 594 974 in
618 945 874 975 communionem
900 944 1091 975 omnimodis
1115 945 1318 985 recipiemus.

492 1011 586 1034 DATA
605 1010 651 1034 UT
670 1010 787 1034 SUPRA.

1180 1118 1252 1147 203.

499 1176 655 1207 Iohannes
678 1176 771 1207 VIII.
791 1186 879 1215 papa
896 1177 1090 1216 Anspertum
1113 1176 1378 1215 archiepiscopum
1402 1176 1670 1208 Illediolanensem
1692 1177 1818 1215 frustra
1841 1177 1906 1207 iam
1929 1179 1975 1207 ter
1997 1176 2041 1207 ad

388 1228 540 1268 synoclmn
563 1230 705 1258 vocatum
733 1230 760 1258 et
788 1227 823 1258 ob
850 1227 885 1258 id
911 1228 1215 1259 excommunicatum
1238 1230 1350 1267 quarto
1374 1228 1507 1259 Romam
1535 1228 1579 1259 ad
1605 1228 1759 1268 synodum
1786 1228 1815 1259 cl.
1833 1229 1884 1258 12.
1900 1226 2039 1259 Octobris

389 1279 605 1310 celebrandam
623 1279 709 1316 citat,
730 1278 884 1317 placitum
908 1289 977 1309 cum
1002 1279 1054 1310 illo
1078 1279 1114 1310 (le
1136 1279 1260 1319 regn'bus
1275 1279 1485 1317 Ranoorum,
1508 1281 1570 1320 qui.
1580 1279 1712 1311 Italiam
1734 1279 1912 1316 intraverit,
1935 1279 2039 1317 facere

388 1331 456 1362 sine
479 1340 627 1362 consensu
650 1341 706 1361 suo
729 1333 819 1361 vetat.
1712 1332 1775 1361 879
1799 1330 1882 1361 Mai.
1902 1331 1951 1361 19.

505 1398 578 1424 eod„-
608 1398 634 1424 R
653 1400 672 1431 f.
689 1402 718 1424 78
738 1406 762 1424 n.
779 1401 836 1424 204.

494 1450 576 1476 Ε(Ι(Ι..’
604 1450 699 1475 Editio
714 1450 838 1476 Romana
852 1450 934 1484 (1591)
949 1451 1007 1480 ΙΙΙ,
1021 1454 1072 1476 418
1091 1459 1116 1476 n.
1130 1454 1181 1478 181.
1211 1450 1307 1476 Mmzsz'
1324 1450 1399 1476 Cone.
1412 1450 1467 1476 coll.
1481 1450 1580 1483 XVII,
1596 1454 1643 1476 122
1662 1459 1688 1476 η.
1702 1453 1754 1477 181.
1788 1449 1884 1483 Miqne
1902 1449 1977 1475 Patr.
1992 1449 2038 1475 lat.

390 1493 529 1525 CXXVI,
549 1496 597 1519 836
615 1501 641 1518 η.
655 1496 712 1519 223.
731 1508 763 1511 -—
782 1493 855 1524 Jaffc
874 1493 940 1527 Κεφ
955 1497 1021 1520 3252
1039 1494 1136 1526 (2472).

514 1580 810 1604 REVEREN'I'ISSIMO
832 1581 876 1604 ET
901 1580 1122 1605 SANC'I'ISSIMO
1146 1580 1341 1605 ANSPERTOa
1359 1581 1627 1606 ARCHIEPISCOPO
1651 1580 1916 1605 MEDIOLANENSI.

497 1635 597 1666 Multe
626 1635 842 1675 inobedientie
871 1638 966 1676 atque
995 1635 1172 1676 perniciose
1202 1636 1394 1666 temeritatis
1420 1637 1531 1677 procul
1555 1636 1652 1667 dubio
1676 1636 1849 1676 repperiris
1873 1634 2040 1673 obnoxius,

392 1697 462 1718 cum
492 1687 583 1717 nobis
606 1697 663 1727 pro
689 1686 917 1717 ecclesiarumb
939 1686 1002 1717 Dei
1026 1688 1166 1717 omnium
1190 1688 1281 1718 iuxta
1303 1688 1484 1728 apostolum
1508 1688 1678 1719 commissa
1701 1686 1913 1718 sollicitudine
1936 1696 2039 1726 popu-

388 1738 474 1779 lique
513 1738 615 1768 salute
650 1739 680 1768 in
714 1738 773 1768 hoc
801 1738 980 1778 periculoso
1016 1742 1177 1779 tempore,
1210 1740 1402 1770 necessitate
1435 1740 1558 1770 scilicet
1592 1740 1689 1770 nimia
1723 1740 1874 1780 cogente,
1909 1741 2038 1768 strenue

389 1789 627 1821 decertantibus
650 1789 786 1827 nullum,
810 1792 845 1819 ut
869 1789 1052 1830 oportebat,
1077 1790 1211 1830 prebere
1236 1801 1399 1821 assensum
1423 1791 1608 1832 nullumque
1632 1791 1731 1821 veluti
1755 1790 1851 1831 capiti
1873 1792 1928 1820 tuo
1953 1798 2038 1819 com-

388 1840 540 1882 patiendo
565 1840 711 1870 studuisti
736 1839 880 1870 conferre
905 1840 1068 1871 solacium.
1107 1841 1212 1871 Missis
1237 1842 1352 1872 etiame
1376 1842 1576 1882 apostolatus
1598 1842 1698 1873 nostri
1721 1841 1862 1872 secundo
1887 1850 1924 1871 ac
1943 1840 2037 1870 tertio

388 1902 446 1932 per
474 1891 589 1922 fratres
620 1895 652 1921 et
686 1892 895 1932 coepiscopos
922 1895 1048 1922 nostros
1078 1893 1192 1923 litteris
1222 1894 1253 1923 in
1281 1894 1473 1924 consortium
1502 1894 1723 1925 sollicitudinis
1750 1896 1857 1932 nostre
1886 1895 1917 1922 te
1948 1901 2037 1922 more

388 1953 610 1984 precessor-um
638 1946 817 1973 nostrorum
849 1946 960 1984 utpote
990 1944 1141 1975 idoneum
1173 1946 1423 1976 comministrum
1452 1946 1589 1986 primum
1618 1944 1769 1987 quidemd
1795 1945 1827 1974 in
1855 1943 1982 1974 Gallia4
2006 1946 2039 1973 et

388 1994 594 2034 postmodum
629 1994 731 2035 Papia
767 1995 996 2025 consistentes⁵
1029 1996 1181 2026 canonice
1216 1997 1413 2036 vocavimus,
1448 1997 1505 2028 scd
1538 1998 1668 2028 minime
1701 2005 1868 2027 occurrere
1900 1994 2036 2025 voluisti.

388 2046 541 2087 Regulari
575 2046 691 2077 etiame
715 2050 747 2077 et
774 2050 882 2077 nostra
913 2047 1090 2087 apostolica
1115 2049 1285 2079 vocatione
1312 2049 1491 2085 iussimusss,
1520 2051 1556 2079 ut
1583 2048 1720 2079 Romam
1749 2057 1807 2088 pro
1836 2050 1901 2078 tam
1929 2045 2037 2076 multi-

388 2097 524 2138 plicibus
547 2098 791 2128 necessitatibus
813 2099 846 2128 in
869 2108 1037 2129 commune
1060 2099 1294 2140 pertractandis
1317 2111 1354 2131 ac
1378 2100 1529 2141 synodice
1553 2098 1749 2130 delibrandis
1772 2098 1910 2139 negotiis
1928 2098 2037 2128 venire

389 2149 510 2190 absque
535 2149 679 2187 quolibet
702 2149 834 2180 obtentu
854 2153 1028 2190 satageres,
1054 2150 1111 2181 sed
1135 2162 1238 2192 neque
1263 2152 1436 2183 seeundum
1461 2152 1647 2182 eanonicam
1671 2149 1885 2181 sanctionemr
1903 2159 2037 2180 excusa-

390 2201 509 2231 tionem
533 2204 619 2231 tuam
643 2201 675 2231 in
699 2201 870 2232 tractoria⁷
895 2202 1045 2242 scriptam
1074 2202 1165 2233 uobis
1196 2206 1228 2234 et
1255 2206 1362 2244 sancte
1391 2203 1513 2244 synode
1542 2202 1774 2244 peridoneum
1806 2212 1823 2232 e
1851 2201 1953 2232 latere
1982 2203 2036 2230 tuo

389 2252 568 2283 ministrum
593 2252 731 2293 dirigere
755 2262 859 2293 neque
888 2253 956 2293 ipse
980 2254 1085 2293 potius
1109 2255 1216 2285 venire
1241 2254 1407 2296 inprovida
1431 2255 1598 2286 dumtaxat
1621 2257 1728 2285 mente
1753 2253 1883 2292 curasti,
1912 2254 1948 2282 ut
1973 2261 2037 2282 una

390 2303 569 2343 nobiseum,
601 2304 655 2344 qui
683 2308 822 2334 vestrum
852 2305 991 2335 omnium
1016 2315 1113 2336 onera
1136 2310 1315 2346 portamus,
1345 2307 1435 2337 iuxta
1459 2309 1646 2347 preceptum
1671 2305 1821 2346 apostoli,
1847 2314 1885 2335 ea
1907 2306 2036 2344 portare

389 2356 473 2385 omni
510 2356 620 2385 annisu
652 2355 807 2385 studeres.
853 2355 917 2385 Pro
949 2356 1063 2396 quibus
1096 2357 1247 2388 videlieet
1278 2360 1325 2388 tot
1359 2358 1604 2389 evidentissimis
1639 2357 1739 2398 culpis
1771 2359 1804 2387 et
1835 2355 2037 2386 temerariisg

491 2458 514 2489 ³)
532 2463 570 2482 est
588 2458 619 2483 R.
718 2457 741 2490 b)
761 2467 827 2482 corr.
841 2467 871 2483 ex
889 2467 1006 2484 occurres
1022 2462 1057 2485 al.
1071 2469 1139 2486 man.
1158 2461 1190 2486 R.
1286 2461 1308 2491 e)
1327 2462 1448 2486 uolumus
1467 2461 1499 2486 R.
1593 2460 1617 2491 d)
1637 2461 1794 2494 presentium
1813 2463 1897 2485 vester
1915 2459 2034 2484 videlicet

388 2501 521 2533 presbyter
539 2501 604 2525 lator
624 2501 655 2526 B.
744 2502 766 2533 e)
785 2503 813 2526 z'n
830 2510 883 2525 ras·
903 2502 934 2526 R.

494 2552 550 2577 1:25.
578 2552 602 2584 8’)
622 2560 741 2577 ASPERTO
760 2553 792 2578 B.
866 2552 890 2585 b)
911 2562 997 2579 -arum
1016 2555 1044 2579 in
1061 2563 1114 2579 ras.
1134 2555 1165 2580 12¹.
1238 2556 1260 2586 0)
1279 2556 1324 2580 -ti-
1343 2556 1369 2580 in
1388 2564 1440 2581 ras.
1460 2555 1491 2580 R.
1564 2553 1587 2586 d)
1607 2563 1646 2579 -m
1665 2555 1690 2579 in
1710 2563 1762 2579 ras.
1781 2554 1814 2580 R.
1885 2552 1907 2584 e)
1927 2561 1992 2577 corr.
2006 2561 2036 2577 ex

392 2601 415 2620 et
436 2596 487 2620 iam
506 2595 539 2620 12².
626 2594 646 2626 f)
665 2597 805 2620 santionem
825 2596 857 2621 R.
945 2597 970 2628 Β)
990 2601 1028 2621 te·
1047 2606 1112 2622 corr.
1127 2606 1157 2622 ex
1175 2599 1208 2622 ti-
1227 2598 1258 2623 R.

493 2671 517 2701 1)
540 2670 579 2702 Cf.
598 2679 658 2697 can.
672 2676 687 2697 4
707 2671 830 2697 Antioch.
845 2680 869 2698 a.
884 2676 932 2698 341
951 2672 1058 2704 (Mami
1076 2673 1119 2705 II,
1138 2674 1212 2706 1310)
1231 2677 1255 2699 et
1274 2681 1333 2699 can.
1352 2674 1463 2707 apostol.
1482 2673 1594 2699 XXIX
1610 2673 1768 2707 (XXVII),
1791 2671 1829 2698 ed.
1846 2670 1938 2703 Hefele
1954 2670 2035 2697 ‘Con-

388 2713 560 2747 eilicnqeseh?
580 2715 607 2746 1,
628 2718 686 2741 808.
776 2716 802 2747 2)
825 2715 864 2746 C'f.
884 2723 911 2741 n.
925 2718 982 2741 188.
1071 2716 1096 2747 3)
1120 2716 1159 2747 Cf.
1178 2725 1205 2742 η.
1219 2720 1281 2749 203,
1301 2720 1389 2749 p.163
1411 2719 1501 2742 annot.
1516 2720 1538 2742 2.
1626 2717 1652 2749 4)
1674 2716 1716 2748 Cf,
1735 2723 1773 2748 ep.
1792 2723 1818 2741 n.
1832 2718 1863 2742 96
1886 2721 1919 2740 ex
1939 2713 2034 2739 itinere

2060 749 2085 768 10

2059 1012 2084 1031 15

2057 1404 2083 1424 20

2058 1697 2083 1716 25

2057 1956 2082 1976 30

2056 2214 2080 2233 35

2053 2511 2079 2529 40

391 2756 509 2789 Gallico,
535 2756 578 2782 secl
600 2757 775 2783 verisimiliter
797 2757 849 2782 iam
874 2758 978 2783 lamae
1004 2759 1139 2790 scriptam.
1245 2760 1270 2790 5)
1291 2759 1330 2791 Cf.
1349 2763 1451 2791 =›1.103;
1475 2762 1561 2785 πειτα
1581 2762 1718 2792 maeterea
1734 2759 1818 2784 altera
1836 2757 1926 2783 citatio
1944 2764 1971 2783 η.
1985 2759 2034 2782 108
2051 2763 2076 2781 45

387 2799 468 2831 paulo
486 2802 548 2825 ante
569 2799 686 2825 Taurini
704 2801 812 2833 scripta.
900 2801 925 2832 6)
949 2799 988 2832 Cf.
1007 2804 1099 2826 η,163Δ
1190 2801 1215 2832 7)
1239 2802 1278 2833 Cf.
1298 2810 1325 2827 «η.
1340 2805 1394 2834 188,
1410 2810 1438 2835 p.
1454 2806 1504 2829 150
1522 2804 1612 2828 annot.
1628 2806 1650 2828 5.
