2189 3042
134 320 164 343 of-
173 320 210 342 ΡΒ.
220 322 252 344 ³⁷,
263 321 294 340 21.

313 122 374 151 392
789 114 963 141 LUDOVICI
982 114 1016 141 11.
1038 113 1285 141 IMPERATORIS
1303 113 1489 141 EPISTOLA.

311 207 344 235 et
375 206 548 234 contumax
578 212 655 244 erga
686 204 828 232 nostrum
858 200 953 231 fuerit
984 200 1164 242 imperium,
1194 204 1230 232 ut
1253 200 1396 232 fidelium
1421 211 1548 243 quoque
1572 204 1752 233 nostrorum
1776 208 1966 235 numerosa¹2

309 254 479 285 multitudo
504 255 535 284 in
560 264 633 284 eum
657 252 829 284 severi01·i¹’
854 254 962 283 mente
986 255 1271 290 commovereturc,
1294 253 1354 283 nisi
1372 263 1391 284 a
1411 252 1502 284 nobis
1526 263 1622 284 causa
1638 254 1686 284 tui
1702 253 1831 285 honoris
1847 255 1966 296 pariter

311 309 343 337 et
371 306 488 336 amoris
512 308 688 346 praeventa
711 306 979 345 compesceretur,
1004 307 1112 335 tamen
1135 304 1256 335 malum
1280 314 1337 345 pro
1361 304 1446 335 malo
1471 304 1650 336 retribuere
1670 315 1732 336 non
1755 305 1884 337 tulimus
1907 317 1966 338 nec

310 356 480 393 debemus;
511 360 543 387 et
572 356 690 387 idcirco
716 355 929 396 deposcimus,
954 355 979 386 si
1005 355 1081 397 quid
1105 356 1263 387 minarum
1286 365 1382 397 super
1404 356 1509 397 ipsum
1533 357 1703 397 potestatis
1726 359 1800 388 tuae
1824 357 1966 389 fortassis

309 409 464 448 imminet,
489 408 607 440 celerid
631 408 837 449 benignitatis
861 410 935 439 tuae
960 413 1075 438 manu‘³
1099 418 1156 448 pro
1180 411 1287 438 nostro
1312 411 1517 439 removeatur
1539 418 1660 440 amore.

395 459 466 491 Non
491 462 600 491 autem
625 460 706 490 tales
730 459 953 500 apocrisiarios
977 459 1174 500 apostolicae
1198 459 1283 490 sedis
1307 469 1377 491 esse
1402 460 1453 491 vel
1477 459 1634 501 professio
1652 460 1746 491 docet
1762 461 1812 491 vel
1829 461 1965 492 eruditio

309 511 409 542 dictat
438 512 489 542 vel
520 512 720 543 conversatio
751 514 902 542 anteacta
932 510 1141 551 demonstrat,
1166 511 1278 552 quales
1301 511 1373 542 illos
1402 511 1519 553 scripta
1543 511 1740 553 praedicant,
1768 522 1851 553 quae
1875 512 1966 543 nobis

308 564 491 594 fraternitas
514 567 569 594 tua
593 563 719 594 direxit.
765 562 895 593 Electos
919 563 1004 594 enim
1028 566 1060 593 et
1081 562 1279 604 approbatos
1303 573 1358 594 eos
1382 566 1448 594 tam
1472 563 1622 604 spiritalis
1646 566 1739 604 pater
1759 566 1867 595 noster
1882 574 1966 595 sum-

308 626 379 646 mus
410 615 555 656 pontifex
588 625 684 656 quam
717 614 853 645 ecclesia
881 624 939 655 per
962 613 1084 645 diutina
1108 617 1255 655 tempora
1279 615 1416 646 scientes
1440 617 1473 646 et
1495 615 1733 646 ecclesiasticae
1762 616 1966 647 correctionis

307 667 455 708 negotias
476 670 604 698 strenue
629 669 843 708 peragentes&
870 665 911 697 ad
934 676 1048 707 preces
1063 665 1208 697 sublimis
1225 676 1244 697 a
1259 665 1330 697 Deo
1347 666 1495 698 servandi
1518 667 1645 708 imperii
1661 668 1707 697 tui
1723 667 1795 698 illos
1812 667 1967 699 direxisse

307 719 510 750 noscuntur&
542 717 635 749 Unde
659 721 692 749 et
711 717 864 749 decuerat
884 717 1112 749 excellentiam
1134 722 1222 749 tuam
1241 718 1286 749 ita
1311 718 1451 749 munitos
1470 728 1526 749 eos
1544 719 1719 760 remittere,
1739 722 1775 750 ut
1792 720 1897 751 nullos
1917 720 1969 751 vel

308 773 484 814 piratarum
502 770 553 802 vel
577 770 713 801 aliorum
731 780 902 811 pravorum
922 770 1065 800 incursus
1088 769 1306 806 inciderent²;
1330 779 1428 810 grave
1449 780 1589 811 namque
1613 774 1724 801 contra
1742 774 1773 802 te
1793 781 1890 812 super
1908 773 1968 803 hoc

308 827 373 855 tam
387 823 539 864 spiritalis
557 823 656 863 patris
676 822 776 853 nostri
798 821 967 863 apostolici
984 831 1090 862 papae
1104 831 1200 862 quam
1220 820 1316 852 totius
1329 821 1486 852 ecclesiae
1499 821 1666 853 Romanae
1681 823 1845 854 murmur³
1856 833 1969 854 accen-

309 875 393 906 ditur
420 885 458 906 eo
479 874 564 916 quod
585 874 657 905 illos
681 884 699 905 a
721 873 798 904 sede
823 873 1000 914 apostolica
1026 876 1092 904 tam
1118 872 1377 904 desiderabiliter
1402 874 1586 915 expetieris,
1619 877 1667 905 set
1692 877 1758 905 tam
1789 874 1969 915 improvida

309 926 548 968 dispensatione
578 925 750 958 remiseris.
806 925 847 956 Et
876 925 1012 956 Niceta4
1049 924 1179 966 quidem
1219 925 1381 966 patricius,
1411 925 1578 957 Hadriano
1608 925 1672 957 loci
1702 928 1866 958 servatore
1897 936 1968 957 cum

309 978 484 1010 classibush
507 978 677 1018 destinato,
702 980 837 1019 accepta
861 977 952 1019 quasi
975 988 1032 1019 pro
1057 977 1240 1009 huiusmodi
1263 988 1297 1008 re
1322 977 1500 1015 occasione,
1526 977 1643 1008 multas
1667 977 1805 1019 praedas
1828 977 1869 1009 ab
1892 978 1969 1019 ipsis

310 1030 475 1062 Sclavenis
498 1030 629 1062 abstulit
649 1033 680 1061 et
704 1029 897 1071 quibusdam
922 1030 1033 1060 castris
1057 1029 1218 1061 dirructisi
1242 1040 1355 1061 eorum
1373 1029 1520 1060 homines
1544 1030 1687 1070 captivos
1711 1029 1854 1061 adduxit.
1900 1029 1969 1061 Nec

307 1088 420 1118 tamen
442 1092 525 1123 quae
550 1081 686 1122 praefati
709 1080 910 1112 venerabiles
935 1081 1133 1122 apocrisiarii
1150 1080 1369 1122 perdiderunt,
1394 1080 1569 1112 hactenusk
1592 1081 1739 1112 restituta
1762 1084 1843 1112 sunt.
1883 1080 1967 1112 Sane

310 1134 487 1174 spiritalem
511 1136 601 1164 tuam
623 1133 770 1164 nolumus
791 1133 940 1174 ignorare
959 1132 1193 1164 fraternitatem
1217 1143 1314 1174 super
1337 1136 1441 1164 castra
1464 1135 1573 1164 nostra
1601 1131 1754 1163 dirructa¹
1778 1136 1811 1164 et
1840 1136 1888 1164 tot
1911 1144 1969 1174 po-

310 1185 393 1226 pulis
410 1184 598 1216 Sclaveniae
622 1188 749 1216 nostrae
774 1185 805 1215 in
829 1185 1015 1226 captivitate
1040 1185 1107 1216 sine
1125 1184 1268 1226 qualibet
1291 1185 1448 1225 parcitate
1472 1184 1643 1215 subtractis
1666 1194 1762 1225 supra
1786 1194 1883 1226 quam
1907 1184 1970 1216 dici

309 1237 410 1278 possit
435 1237 575 1267 animum
599 1239 743 1267 nostrum
764 1238 975 1272 commotum
999 1247 1061 1267 non
1078 1237 1164 1267 enim
1187 1246 1328 1277 congrue
1355 1239 1482 1277 gestum
1512 1239 1569 1276 est,
1601 1239 1636 1267 ut
1659 1236 1781 1267 eisdem
1806 1235 1969 1267 Sclavenis

309 1288 426 1319 nostris
449 1298 521 1319 cum
545 1287 680 1319 navibus
704 1288 768 1319 suis
785 1287 870 1329 apud
893 1287 1002 1318 Barim
1026 1288 1058 1318 in
1081 1288 1248 1329 procinctu
1276 1287 1453 1319 communis
1476 1287 1623 1319 utilitatis
1647 1287 1913 1319 consistentibus⁵
1938 1290 1970 1319 et

312 1340 407 1371 nichil
430 1340 557 1371 adversi
580 1340 639 1371 sibi
664 1340 793 1371 aliunde
810 1340 978 1370 imminere
995 1339 1190 1380 putantibus,
1214 1342 1280 1370 tam
1297 1339 1395 1380 impie
1411 1339 1499 1373 domi
1515 1349 1572 1370 sua
1588 1350 1736 1381 quaeque
1754 1339 1970 1380 diriperentur

308 1391 432 1433 sibique
457 1392 688 1433 contingerent,
713 1401 796 1431 quae
821 1392 847 1422 si
870 1394 1128 1432 praenoscerent,
1153 1401 1357 1433 nequaquam
1380 1401 1510 1432 prorsus
1533 1391 1742 1423 incurrerent.
1775 1391 1846 1427 Qua
1869 1391 1910 1422 de
1934 1401 1968 1422 re

312 1443 561 1474 desiderabilem
586 1443 791 1474 dilectionem
808 1446 895 1474 tuam
918 1445 1084 1474 hortamur
1107 1446 1139 1474 et
1160 1453 1392 1482 ammonemus,
1417 1442 1503 1484 quod
1525 1453 1601 1474 mox
1617 1442 1649 1474 id
1674 1444 1834 1484 corrigere
1858 1443 1969 1474 iubeat

314 1498 347 1526 et
375 1495 461 1536 ipsos
491 1496 634 1536 captivos
664 1495 705 1526 ad
729 1495 858 1536 propria
882 1505 953 1525 cum
977 1495 1042 1525 suis
1065 1494 1175 1525 reduci
1198 1495 1387 1535 praecipiat,
1411 1495 1437 1524 si
1461 1495 1602 1525 caritatis
1626 1494 1786 1525 vinculum
1806 1504 1969 1535 nunquam

313 1546 396 1577 inter
418 1557 476 1577 nos
500 1546 568 1577 fore
592 1547 701 1587 cupiat
724 1545 972 1577 dissolvendum.
1008 1545 1122 1576 Nullus
1139 1545 1224 1576 enim
1247 1546 1431 1576 mortalium
1455 1547 1608 1577 hactenus
1631 1546 1801 1587 imperium
1826 1549 1968 1577 nostrum

308 1598 386 1629 talia
409 1598 605 1629 commisisse
629 1598 758 1634 recolit;
782 1608 820 1628 ac
843 1608 901 1638 per
923 1597 983 1628 hoe
1007 1597 1066 1627 nisi
1090 1597 1244 1628 correctio
1268 1597 1407 1628 iussione
1431 1600 1486 1628 tua
1502 1597 1697 1638 praeveniat,
1721 1597 1824 1628 iustae
1849 1598 1967 1628 severi-

308 1650 383 1680 tatis
416 1652 543 1680 nostrae
579 1649 727 1690 proxima
757 1649 833 1680 ultio
865 1649 975 1690 procul
1010 1648 1107 1679 dubio
1139 1648 1365 1689 subsequetur;
1400 1658 1458 1679 nec
1491 1649 1611 1689 poterit
1640 1658 1809 1680 remanere
1840 1649 1967 1690 penitus

310 1701 512 1742 impunitum,
538 1700 623 1743 quod
646 1701 677 1732 in
702 1703 922 1742 contemptum
946 1703 1089 1731 nostrum
1113 1702 1202 1731 tanta
1222 1700 1405 1731 temeritate
1428 1703 1553 1731 constat
1576 1700 1700 1732 fuissem
1724 1703 1895 1742 patratum.

415 1752 646 1783 Nichilominus
671 1753 768 1784 etiam
790 1753 1018 1784 innotescimus
1042 1751 1232 1792 obstipuisse
1257 1762 1315 1782 nos
1338 1752 1415 1783 talia
1439 1751 1478 1783 de
1502 1752 1606 1782 missis
1630 1753 1765 1783 nostris6
1785 1752 1966 1793 audientes,

309 1804 416 1846 qualia
440 1808 513 1836 tuae
538 1803 629 1835 nobis
653 1803 850 1835 dulcedinisn
874 1804 1000 1835 litterae
1021 1804 1224 1839 intimarunt;
1254 1804 1337 1835 adeo
1358 1804 1476 1845 quippe
1496 1804 1567 1835 illos
1585 1804 1765 1835 inordinate
1785 1804 1966 1845 significans

412 1961 435 1992 a)
453 1968 619 1985 numerosaas
639 1969 658 1991 c,
678 1969 707 1985 as
720 1961 769 1985 dcl.
785 1968 805 1992 c,
824 1969 839 1985 a
852 1960 1013 1992 praecedens
1030 1960 1139 1990 evanuit,
1160 1960 1264 1984 dubium
1283 1969 1318 1984 an
1336 1968 1440 1984 rasura.
1517 1958 1543 1990 b)
1563 1960 1691 1985 severiore
1703 1959 1786 1984 Pertz.
1858 1959 1880 1991 ⁰)
1900 1968 1967 1984 corr.

308 2012 338 2029 ex
357 2012 515 2029 commovere
533 2012 553 2029 c.
648 2002 673 2035 d)
692 2004 789 2034 celeris,
810 2012 833 2028 -s
850 2004 878 2028 in
896 2012 948 2028 ras.
963 2003 1024 2028 add.
1037 2012 1069 2028 m.
1083 2005 1098 2027 2
1117 2007 1145 2027 ut
1163 2003 1214 2028 vid.
1313 2002 1335 2035 Θ)
1355 2011 1434 2028 manu
1453 2011 1474 2032 c,
1491 2007 1580 2035 postea
1598 2011 1666 2027 corr.
1681 2011 1779 2027 manus.
1878 2001 1897 2032 f)
1917 2000 1968 2035 11θὲ

309 2056 330 2079 c,
348 2047 375 2072 in
393 2055 489 2071 rasura
507 2048 604 2079 aliquot
623 2047 728 2076 litteras,
748 2047 806 2077 —oci,
823 2050 851 2070 ut
862 2045 921 2076 vid„
941 2045 1002 2070 add.
1015 2054 1048 2070 m.
1062 2047 1085 2070 2.
1138 2044 1164 2078 8)
1185 2049 1346 2078 peragentes,
1361 2050 1410 2071 -tes
1428 2046 1467 2070 vel
1484 2054 1522 2070 -es
1542 2046 1569 2070 in
1587 2054 1640 2071 ras.
1653 2045 1715 2070 add.
1729 2053 1760 2069 m.
1775 2047 1797 2069 2.
1851 2043 1877 2076 h)
1896 2045 1967 2070 clau-

309 2091 381 2115 sibus
399 2099 420 2115 c.
491 2089 509 2121 i)
528 2087 639 2114 diruens
657 2097 685 2118 c,·
703 2090 824 2122 dirruptis
843 2089 902 2121 leyit
920 2088 1002 2113 Pertz.
1074 2087 1099 2120 k)
1119 2089 1213 2113 hacten
1232 2089 1290 2121 legit
1309 2089 1392 2114 Perta.
1469 2087 1489 2120 l)
1508 2089 1624 2121 dirrupta
1644 2088 1726 2114 Pertz.
1797 2087 1829 2119 m)
1848 2088 1928 2113 fuisse
1947 2095 1967 2119 e,

308 2133 420 2165 sequitur
437 2137 448 2157 t
465 2133 500 2165 (ἓ)
518 2141 584 2157 ενα-ς.
680 2131 706 2164 Β)
726 2131 790 2165 tu[e]
825 2151 830 2156 .
849 2130 1022 2164 dulcediu[is],
1048 2132 1119 2156 uncis
1137 2132 1239 2156 inclusa
1263 2132 1291 2156 in
1314 2140 1367 2156 ras.
1385 2140 1441 2163 pos.
1460 2140 1493 2157 m.
1512 2134 1540 2161 2;
1566 2136 1610 2156 tua
1635 2132 1709 2157 nobis
1728 2131 1863 2156 dulcedine
1882 2130 1965 2156 Pertz.

413 2217 437 2249 l)
458 2217 588 2243 Donatus
608 2216 744 2247 Ostiensis,
770 2215 922 2248 Stephanus
941 2215 1091 2249 Nepesinu‘s
1109 2215 1234 2248 episcopi,
1254 2216 1385 2242 Marinus
1403 2215 1534 2242 diaconus
1554 2216 1588 2242 ab
1606 2215 1753 2242 Hadfriano
1770 2215 1814 2242 ΙΙ.
1833 2215 1871 2242 ad
1886 2215 1966 2242 VIII.

309 2260 452 2287 concilium
485 2260 606 2294 generale
641 2259 826 2286 celebrandam
859 2259 1118 2293 Constantinopolim
1155 2259 1228 2285 missi
1254 2261 1340 2285 erant.
1483 2261 1510 2293 2)
1538 2259 1580 2286 De
1616 2267 1707 2285 eoram
1742 2259 1895 2292 captivitate
1930 2258 1967 2291 cf.

310 2304 476 2330 Anastasius
494 2304 610 2331 biblioth.
629 2303 667 2330 ed.
680 2303 774 2337 Miyne
792 2303 867 2329 Patr.
880 2303 927 2330 lat.
941 2302 1073 2333 CXXIX,
1094 2306 1134 2335 18,
1148 2306 1192 2333 39;
1226 2302 1284 2330 Lib.
1300 2305 1387 2336 pont„
1412 2303 1476 2329 Vita
1496 2302 1640 2328 Hadriani
1658 2301 1701 2328 II.
1721 2310 1779 2335 cap,
1798 2306 1829 2329 59
1855 2301 1894 2328 ed.
1909 2301 1968 2328 Dn-

309 2348 401 2375 chesne
416 2348 524 2380 11,1s4.
603 2347 630 2380 3)
650 2347 690 2381 Cf.
704 2346 845 2373 Hadriani
863 2347 904 2372 11.
923 2346 996 2379 epist.
1010 2346 1074 2380 Req.
1087 2346 1158 2378 Jaffe
1177 2349 1249 2377 2943,
1273 2345 1311 2373 ed.
1331 2346 1397 2372 ΜΘ.
1412 2346 1503 2379 Epist.
1522 2345 1568 2377 VI,
1583 2349 1644 2372 760.-
1662 2345 1748 2378 fitque
1768 2344 1893 2371 continui
1912 2345 1967 2371 cla-

311 2391 394 2418 moris
418 2391 453 2418 ab
473 2390 592 2418 ecclesia
611 2399 733 2416 murmur
751 2409 758 2416 .
774 2410 779 2416 .
795 2409 820 2416 ..
840 2388 1003 2423 praesertim
1023 2397 1084 2415 eum
1103 2389 1153 2415 hos
1178 2397 1247 2422 quos
1272 2389 1308 2416 ab
1335 2388 1494 2423 apostolica
1512 2389 1576 2416 sede
1602 2389 1663 2415 toto
1682 2387 1818 2415 desiderio
1843 2387 1968 2422 postula-

311 2434 412 2461 veratis
432 2453 458 2461 ..
473 2452 480 2460 .
494 2454 501 2462 .
528 2434 619 2460 salvos
642 2442 735 2460 rursus
761 2432 905 2466 dispositis
928 2432 981 2458 rite
1013 2434 1129 2466 propter
1153 2440 1225 2465 quae
1251 2431 1328 2458 missi
1353 2432 1468 2458 fuerant
1493 2432 1529 2458 ad
1554 2431 1668 2466 propria
1692 2431 1834 2458 remittere
1861 2439 1967 2457 summa

310 2476 460 2511 diligentia
493 2484 641 2511 procurare
669 2475 830 2503 debueritis.
972 2476 1000 2507 4)
1028 2475 1071 2500 De
1098 2474 1205 2506 Niceta,
1234 2475 1387 2509 coynomine
1422 2474 1540 2509 Orypha,
1572 2475 1607 2507 cf.
1634 2474 1783 2507 Theophan.
1804 2474 1902 2500 contin.
1926 2473 1966 2500 ed.

312 2521 401 2547 Bonn.
412 2521 436 2551 I,
451 2523 504 2546 290
516 2520 532 2547 l.
547 2523 576 2551 9,·
595 2522 644 2546 293
656 2519 673 2546 l.
686 2522 714 2549 3,·
725 2519 879 2545 deeoeercitu
892 2519 949 2544 eius
965 2518 1051 2544 Consi.
1066 2518 1164 2551 Porph.
1178 2518 1219 2544 De
1232 2518 1335 2544 themat.
1350 2517 1391 2550 II,
1406 2522 1444 2550 11,
1453 2518 1491 2545 eol.
1507 2518 1597 2545 Bonn.
1606 2521 1692 2551 1262:
1710 2517 1817 2550 στρατὸς
1836 2516 1968 2550 καβαλλα-

310 2563 385 2596 ρικὸς
407 2563 452 2589 καὶ
470 2563 547 2588 πλοῖα
572 2562 673 2588 ἑκατόν.
779 2562 805 2594 5)
827 2561 936 2588 Sclavos
962 2561 1117 2587 Dalmatiae
1140 2564 1197 2587 tum
1219 2561 1524 2594 Constantinopolitano
1541 2561 1651 2594 imperio
1675 2560 1796 2587 subditos
1821 2563 1847 2586 et
1866 2559 1969 2586 Basilii

310 2607 385 2632 iussu
403 2607 460 2633 belli
476 2606 621 2641 participes
645 2606 729 2640 fnisse
748 2605 813 2632 dicit
828 2605 981 2638 Theophan.
995 2605 1011 2630 l.
1026 2605 1056 2631 l..·
1081 2604 1207 2632 κελεύσας
1225 2603 1271 2629 καὶ
1290 2604 1334 2632 τὰς
1354 2623 1440 2631 .....
1461 2604 1552 2637 χώρας
1577 2607 1630 2630 τῶν
1649 2604 1815 2638 Σκλαβηνῶν
1834 2602 1967 2629 συνεπιλα-

314 2649 409 2683 βέσθαι
428 2652 472 2675 τοῦ
492 2649 584 2683 iorem,-
601 2649 635 2681 cf.
650 2649 737 2675 Const.
750 2648 881 2682 Porphyr.
895 2648 935 2674 De
951 2647 1020 2674 adm.
1033 2648 1094 2680 imp.
1108 2655 1128 2673 c.
1143 2651 1173 2673 29
1182 2655 1210 2679 p.
1225 2650 1276 2673 129
1293 2650 1317 2673 et
1336 2647 1370 2674 F.
1388 2647 1511 2673 Dvornik
1528 2647 1591 2674 ‘Les
1604 2647 1693 2674 Slares
1707 2647 1830 2681 Byzance
1848 2648 1872 2672 et
1886 2646 1968 2672 Rome

312 2701 349 2718 au
367 2693 420 2719 IX.
435 2693 515 2718 siecle'
531 2694 616 2725 (1926)
637 2701 666 2725 p.
679 2696 736 2718 220.
841 2692 866 2723 6)
889 2691 951 2717 Scil.
962 2690 1110 2717 Anastasio
1129 2690 1327 2716 bibliothecario
1344 2692 1369 2716 et
1391 2690 1520 2724 Suppone
1538 2690 1748 2722 archiministro,
1768 2689 1802 2722 cf.
1817 2688 1878 2716 Lib.
1890 2689 1968 2722 pont.

318 2736 379 2762 Vita
394 2736 538 2762 Hadriani
558 2736 597 2763 ΙΙ.
616 2743 676 2769 cap.
690 2739 731 2768 42,
748 2734 789 2762 ed.
803 2734 946 2761 Dnchesne
964 2735 1005 2765 Π,
1020 2739 1071 2761 181.

1996 677 2021 696 10

1997 936 2021 954 15

1997 1193 2022 1211 20

1996 1450 2020 1470 25

1994 1708 2019 1727 ³⁰

1996 2051 2019 2069 3⁵

1994 2309 2021 2328 40

1995 2523 2019 2541 45

1995 2737 2021 2755 50

2181 1847 2189 1857 „-
2168 1677 2185 1831 ’μυρίσω-ιτ..
