<?xml version="1.0" encoding="UTF-8"?>
<!DOCTYPE html PUBLIC "-//W3C//DTD XHTML 1.0 Transitional//EN"
    "http://www.w3.org/TR/xhtml1/DTD/xhtml1-transitional.dtd">
<html xmlns="http://www.w3.org/1999/xhtml" xml:lang="en" lang="en">
 <head>
  <title>
</title>
<meta http-equiv="Content-Type" content="text/html;charset=utf-8" />
  <meta name='ocr-system' content='tesseract 3.04.00' />
  <meta name='ocr-capabilities' content='ocr_page ocr_carea ocr_par ocr_line ocrx_word'/>
</head>
<body>
  <div class='ocr_page' id='page_1' title='image "./monumentagerman07geseuoft_0209.png"; bbox 0 0 2189 3042; ppageno 0'>
   <div class='ocr_carea' id='block_1_1' title="bbox 182 729 207 748">
    <p class='ocr_par' dir='ltr' id='par_1_1' title="bbox 182 729 207 748">
     <span class='ocr_line' id='line_1_1' title="bbox 182 729 207 748; baseline 0 0"><span class='ocrx_word' id='word_1_1' title='bbox 182 729 207 748; x_wconf 90' lang='lat'>10</span> 
     </span>
    </p>
   </div>
   <div class='ocr_carea' id='block_1_2' title="bbox 47 929 212 1007">
    <p class='ocr_par' dir='ltr' id='par_1_2' title="bbox 47 929 212 1007">
     <span class='ocr_line' id='line_1_2' title="bbox 50 929 212 956; baseline 0 -6"><span class='ocrx_word' id='word_1_2' title='bbox 50 930 77 952; x_wconf 79' lang='lat' dir='ltr'>ef.</span> <span class='ocrx_word' id='word_1_3' title='bbox 93 929 151 956; x_wconf 85' lang='lat' dir='ltr'>Eph.</span> <span class='ocrx_word' id='word_1_4' title='bbox 160 933 181 955; x_wconf 84' lang='lat'>4,</span> <span class='ocrx_word' id='word_1_5' title='bbox 193 933 212 951; x_wconf 86' lang='lat'>5.</span> 
     </span>
     <span class='ocr_line' id='line_1_3' title="bbox 47 981 208 1007; baseline 0 -6"><span class='ocrx_word' id='word_1_6' title='bbox 47 981 76 1001; x_wconf 78' lang='lat' dir='ltr'>cf.</span> <span class='ocrx_word' id='word_1_7' title='bbox 87 981 134 1002; x_wconf 81' lang='lat' dir='ltr'>Gal.</span> <span class='ocrx_word' id='word_1_8' title='bbox 147 984 166 1007; x_wconf 80' lang='lat'>3,</span> <span class='ocrx_word' id='word_1_9' title='bbox 176 984 208 1003; x_wconf 84' lang='lat'>28.</span> 
     </span>
    </p>
   </div>
   <div class='ocr_carea' id='block_1_3' title="bbox 28 1135 208 1317">
    <p class='ocr_par' dir='ltr' id='par_1_3' title="bbox 28 1135 208 1261">
     <span class='ocr_line' id='line_1_4' title="bbox 28 1135 208 1162; baseline 0 -6"><span class='ocrx_word' id='word_1_10' title='bbox 28 1136 58 1156; x_wconf 81' lang='lat' dir='ltr'>cf.</span> <span class='ocrx_word' id='word_1_11' title='bbox 70 1135 141 1157; x_wconf 88' lang='lat' dir='ltr'>1.C0r.</span> <span class='ocrx_word' id='word_1_12' title='bbox 152 1138 208 1162; x_wconf 69' lang='grc'>1,·10.</span> 
     </span>
     <span class='ocr_line' id='line_1_5' title="bbox 55 1186 207 1212; baseline 0.013 -5"><span class='ocrx_word' id='word_1_13' title='bbox 55 1186 83 1208; x_wconf 83' lang='lat' dir='ltr'>cf.</span> <span class='ocrx_word' id='word_1_14' title='bbox 94 1187 124 1209; x_wconf 88' lang='lat'>10.</span> <span class='ocrx_word' id='word_1_15' title='bbox 135 1190 207 1212; x_wconf 82' lang='lat'>10,16.</span> 
     </span>
     <span class='ocr_line' id='line_1_6' title="bbox 182 1243 206 1261; baseline 0 0"><span class='ocrx_word' id='word_1_16' title='bbox 182 1243 206 1261; x_wconf 82' lang='lat'>20</span> 
     </span>
    </p>

    <p class='ocr_par' dir='ltr' id='par_1_4' title="bbox 61 1291 208 1317">
     <span class='ocr_line' id='line_1_7' title="bbox 61 1291 208 1317; baseline 0.007 -5"><span class='ocrx_word' id='word_1_17' title='bbox 61 1291 133 1312; x_wconf 65' lang='lat' dir='ltr'>reor.</span> <span class='ocrx_word' id='word_1_18' title='bbox 146 1295 165 1317; x_wconf 81' lang='lat'>1,</span> <span class='ocrx_word' id='word_1_19' title='bbox 178 1294 208 1313; x_wconf 80' lang='lat'>12.</span> 
     </span>
    </p>
   </div>
   <div class='ocr_carea' id='block_1_4' title="bbox 78 1393 208 1419">
    <p class='ocr_par' dir='ltr' id='par_1_5' title="bbox 78 1393 208 1419">
     <span class='ocr_line' id='line_1_8' title="bbox 78 1393 208 1419; baseline 0.008 -6"><span class='ocrx_word' id='word_1_20' title='bbox 78 1393 134 1419; x_wconf 41' lang='lat' dir='ltr'>Eph,</span> <span class='ocrx_word' id='word_1_21' title='bbox 146 1396 165 1419; x_wconf 84' lang='lat'>2,</span> <span class='ocrx_word' id='word_1_22' title='bbox 176 1397 208 1416; x_wconf 79' lang='grc'>14.</span> 
     </span>
    </p>
   </div>
   <div class='ocr_carea' id='block_1_5' title="bbox 91 1496 208 1522">
    <p class='ocr_par' dir='ltr' id='par_1_6' title="bbox 91 1496 208 1522">
     <span class='ocr_line' id='line_1_9' title="bbox 91 1496 208 1522; baseline 0.017 -6"><span class='ocrx_word' id='word_1_23' title='bbox 91 1496 122 1519; x_wconf 80' lang='lat'>[0.</span> <span class='ocrx_word' id='word_1_24' title='bbox 133 1499 166 1522; x_wconf 77' lang='lat'>11,</span> <span class='ocrx_word' id='word_1_25' title='bbox 176 1499 208 1518; x_wconf 80' lang='lat'>52.</span> 
     </span>
    </p>
   </div>
   <div class='ocr_carea' id='block_1_6' title="bbox 179 1757 203 1776">
    <p class='ocr_par' dir='ltr' id='par_1_7' title="bbox 179 1757 203 1776">
     <span class='ocr_line' id='line_1_10' title="bbox 179 1757 203 1776; baseline -0.042 0"><span class='ocrx_word' id='word_1_26' title='bbox 179 1757 203 1776; x_wconf 82' lang='lat'>30</span> 
     </span>
    </p>
   </div>
   <div class='ocr_carea' id='block_1_7' title="bbox 178 2018 202 2037">
    <p class='ocr_par' dir='ltr' id='par_1_8' title="bbox 178 2018 202 2037">
     <span class='ocr_line' id='line_1_11' title="bbox 178 2018 202 2037; baseline -0.042 0"><span class='ocrx_word' id='word_1_27' title='bbox 178 2018 202 2037; x_wconf 79' lang='lat'>35</span> 
     </span>
    </p>
   </div>
   <div class='ocr_carea' id='block_1_8' title="bbox 176 2277 203 2296">
    <p class='ocr_par' dir='ltr' id='par_1_9' title="bbox 176 2277 203 2296">
     <span class='ocr_line' id='line_1_12' title="bbox 176 2277 203 2296; baseline 0 0"><span class='ocrx_word' id='word_1_28' title='bbox 176 2277 203 2296; x_wconf 72' lang='lat'>40</span> 
     </span>
    </p>
   </div>
   <div class='ocr_carea' id='block_1_9' title="bbox 177 2533 202 2551">
    <p class='ocr_par' dir='ltr' id='par_1_10' title="bbox 177 2533 202 2551">
     <span class='ocr_line' id='line_1_13' title="bbox 177 2533 202 2551; baseline 0 0"><span class='ocrx_word' id='word_1_29' title='bbox 177 2533 202 2551; x_wconf 77' lang='lat'>45</span> 
     </span>
    </p>
   </div>
   <div class='ocr_carea' id='block_1_10' title="bbox 709 169 1392 198">
    <p class='ocr_par' dir='ltr' id='par_1_11' title="bbox 709 169 1392 198">
     <span class='ocr_line' id='line_1_14' title="bbox 709 169 1392 198; baseline 0.004 -3"><span class='ocrx_word' id='word_1_30' title='bbox 709 169 886 196; x_wconf 87' lang='lat' dir='ltr'>IOHANNIS</span> <span class='ocrx_word' id='word_1_31' title='bbox 905 169 980 196; x_wconf 89' lang='lat' dir='ltr'>VIII.</span> <span class='ocrx_word' id='word_1_32' title='bbox 999 169 1118 196; x_wconf 82' lang='lat' dir='ltr'>PAPAE</span> <span class='ocrx_word' id='word_1_33' title='bbox 1136 170 1311 197; x_wconf 84' lang='lat' dir='ltr'>EPISTOLA</span> <span class='ocrx_word' id='word_1_34' title='bbox 1334 171 1392 198; x_wconf 80' lang='lat'>207.</span> 
     </span>
    </p>
   </div>
   <div class='ocr_carea' id='block_1_11' title="bbox 220 255 1025 2558">
    <p class='ocr_par' dir='ltr' id='par_1_12' title="bbox 220 255 1025 2558">
     <span class='ocr_line' id='line_1_15' title="bbox 225 255 1025 297; baseline -0.004 -9"><span class='ocrx_word' id='word_1_35' title='bbox 225 256 432 288; x_wconf 86' lang='lat' dir='ltr'>constitutum</span> <span class='ocrx_word' id='word_1_36' title='bbox 469 256 513 287; x_wconf 87' lang='lat' dir='ltr'>sie</span> <span class='ocrx_word' id='word_1_37' title='bbox 548 255 642 286; x_wconf 85' lang='lat' dir='ltr'>facile</span> <span class='ocrx_word' id='word_1_38' title='bbox 679 255 904 293; x_wconf 77' lang='lat' dir='ltr'>exhonoretis,</span> <span class='ocrx_word' id='word_1_39' title='bbox 940 255 1025 297; x_wconf 88' lang='lat' dir='ltr'>quod</span> 
     </span>
     <span class='ocr_line' id='line_1_16' title="bbox 224 306 1024 347; baseline -0.001 -9"><span class='ocrx_word' id='word_1_40' title='bbox 224 308 373 338; x_wconf 81' lang='lat' dir='ltr'>nimirum</span> <span class='ocrx_word' id='word_1_41' title='bbox 403 309 509 338; x_wconf 85' lang='lat' dir='ltr'>vestro</span> <span class='ocrx_word' id='word_1_42' title='bbox 544 310 653 337; x_wconf 88' lang='lat' dir='ltr'>sancto</span> <span class='ocrx_word' id='word_1_43' title='bbox 683 307 820 347; x_wconf 89' lang='lat' dir='ltr'>imperio</span> <span class='ocrx_word' id='word_1_44' title='bbox 851 306 945 337; x_wconf 86' lang='lat' dir='ltr'>valde</span> <span class='ocrx_word' id='word_1_45' title='bbox 977 308 1024 337; x_wconf 93' lang='lat' dir='ltr'>in-</span> 
     </span>
     <span class='ocr_line' id='line_1_17' title="bbox 224 357 883 390; baseline -0.005 0"><span class='ocrx_word' id='word_1_46' title='bbox 224 359 395 390; x_wconf 89' lang='lat' dir='ltr'>honestum</span> <span class='ocrx_word' id='word_1_47' title='bbox 420 362 452 389; x_wconf 89' lang='lat' dir='ltr'>et</span> <span class='ocrx_word' id='word_1_48' title='bbox 474 357 627 388; x_wconf 79' lang='lat' dir='ltr'>indecens</span> <span class='ocrx_word' id='word_1_49' title='bbox 652 367 722 388; x_wconf 85' lang='lat' dir='ltr'>esse</span> <span class='ocrx_word' id='word_1_50' title='bbox 746 357 883 388; x_wconf 82' lang='lat' dir='ltr'>videtur.</span> 
     </span>
     <span class='ocr_line' id='line_1_18' title="bbox 290 409 1024 450; baseline -0.001 -9"><span class='ocrx_word' id='word_1_51' title='bbox 290 410 446 450; x_wconf 68' lang='lat' dir='ltr'>Preterea</span> <span class='ocrx_word' id='word_1_52' title='bbox 476 409 664 440; x_wconf 81' lang='lat' dir='ltr'>mandamus</span> <span class='ocrx_word' id='word_1_53' title='bbox 700 409 811 448; x_wconf 86' lang='lat' dir='ltr'>etiam,</span> <span class='ocrx_word' id='word_1_54' title='bbox 847 412 881 439; x_wconf 90' lang='lat' dir='ltr'>ut</span> <span class='ocrx_word' id='word_1_55' title='bbox 914 419 1024 440; x_wconf 90' lang='lat' dir='ltr'>omnes</span> 
     </span>
     <span class='ocr_line' id='line_1_19' title="bbox 226 459 1024 502; baseline -0.001 -10"><span class='ocrx_word' id='word_1_56' title='bbox 226 462 395 502; x_wconf 85' lang='lat' dir='ltr'>episcopos</span> <span class='ocrx_word' id='word_1_57' title='bbox 430 463 462 491; x_wconf 91' lang='lat' dir='ltr'>et</span> <span class='ocrx_word' id='word_1_58' title='bbox 491 459 675 491; x_wconf 77' lang='lat' dir='ltr'>sacerdotes</span> <span class='ocrx_word' id='word_1_59' title='bbox 706 470 762 490; x_wconf 90' lang='lat' dir='ltr'>seu</span> <span class='ocrx_word' id='word_1_60' title='bbox 797 460 1024 501; x_wconf 80' lang='lat' dir='ltr'>cuiuscumque</span> 
     </span>
     <span class='ocr_line' id='line_1_20' title="bbox 224 510 1025 552; baseline -0.001 -9"><span class='ocrx_word' id='word_1_61' title='bbox 224 512 344 543; x_wconf 82' lang='lat' dir='ltr'>ordinis</span> <span class='ocrx_word' id='word_1_62' title='bbox 361 512 504 552; x_wconf 76' lang='lat' dir='ltr'>clericos,</span> <span class='ocrx_word' id='word_1_63' title='bbox 522 512 576 552; x_wconf 90' lang='lat' dir='ltr'>qui</span> <span class='ocrx_word' id='word_1_64' title='bbox 592 510 632 541; x_wconf 91' lang='lat' dir='ltr'>de</span> <span class='ocrx_word' id='word_1_65' title='bbox 650 511 889 542; x_wconf 89' lang='lat' dir='ltr'>consecratione</span> <span class='ocrx_word' id='word_1_66' title='bbox 906 512 1025 552; x_wconf 86' lang='lat' dir='ltr'>Ignatii</span> 
     </span>
     <span class='ocr_line' id='line_1_21' title="bbox 223 562 1023 604; baseline -0.001 -10"><span class='ocrx_word' id='word_1_67' title='bbox 223 563 307 603; x_wconf 69' lang='lat' dir='ltr'>bone</span> <span class='ocrx_word' id='word_1_68' title='bbox 332 563 486 603; x_wconf 69' lang='lat' dir='ltr'>memorie</span> <span class='ocrx_word' id='word_1_69' title='bbox 510 562 692 604; x_wconf 79' lang='lat' dir='ltr'>patriarche</span> <span class='ocrx_word' id='word_1_70' title='bbox 720 563 928 602; x_wconf 74' lang='lat' dir='ltr'>consistuntl,</span> <span class='ocrx_word' id='word_1_71' title='bbox 958 563 1023 593; x_wconf 77' lang='lat' dir='ltr'>sive</span> 
     </span>
     <span class='ocr_line' id='line_1_22' title="bbox 223 613 1024 655; baseline -0.001 -10"><span class='ocrx_word' id='word_1_72' title='bbox 223 615 257 645; x_wconf 90' lang='lat' dir='ltr'>in</span> <span class='ocrx_word' id='word_1_73' title='bbox 284 615 353 655; x_wconf 87' lang='lat' dir='ltr'>ipsa</span> <span class='ocrx_word' id='word_1_74' title='bbox 386 615 476 655; x_wconf 85' lang='lat' dir='ltr'>regia</span> <span class='ocrx_word' id='word_1_75' title='bbox 503 613 582 645; x_wconf 88' lang='lat' dir='ltr'>urbe</span> <span class='ocrx_word' id='word_1_76' title='bbox 610 616 778 644; x_wconf 89' lang='lat' dir='ltr'>manentes</span> <span class='ocrx_word' id='word_1_77' title='bbox 809 614 874 644; x_wconf 83' lang='lat' dir='ltr'>sive</span> <span class='ocrx_word' id='word_1_78' title='bbox 907 614 1024 644; x_wconf 89' lang='lat' dir='ltr'>alicubi</span> 
     </span>
     <span class='ocr_line' id='line_1_23' title="bbox 226 665 1025 706; baseline -0.001 -9"><span class='ocrx_word' id='word_1_79' title='bbox 226 668 319 697; x_wconf 87' lang='lat' dir='ltr'>extra</span> <span class='ocrx_word' id='word_1_80' title='bbox 349 665 444 706; x_wconf 86' lang='lat' dir='ltr'>longe</span> <span class='ocrx_word' id='word_1_81' title='bbox 473 676 529 697; x_wconf 86' lang='lat' dir='ltr'>seu</span> <span class='ocrx_word' id='word_1_82' title='bbox 557 670 677 706; x_wconf 68' lang='lat' dir='ltr'>propea</span> <span class='ocrx_word' id='word_1_83' title='bbox 701 669 841 696; x_wconf 85' lang='lat' dir='ltr'>retrusos</span> <span class='ocrx_word' id='word_1_84' title='bbox 873 665 1025 696; x_wconf 85' lang='lat' dir='ltr'>clementi</span> 
     </span>
     <span class='ocr_line' id='line_1_24' title="bbox 226 717 1023 758; baseline 0 -11"><span class='ocrx_word' id='word_1_85' title='bbox 226 717 332 748; x_wconf 88' lang='lat' dir='ltr'>animo</span> <span class='ocrx_word' id='word_1_86' title='bbox 346 717 387 748; x_wconf 89' lang='lat' dir='ltr'>ad</span> <span class='ocrx_word' id='word_1_87' title='bbox 400 717 557 758; x_wconf 86' lang='lat' dir='ltr'>gremium</span> <span class='ocrx_word' id='word_1_88' title='bbox 575 719 608 748; x_wconf 88' lang='lat' dir='ltr'>et</span> <span class='ocrx_word' id='word_1_89' title='bbox 620 717 775 747; x_wconf 86' lang='lat' dir='ltr'>unitatem</span> <span class='ocrx_word' id='word_1_90' title='bbox 792 720 901 757; x_wconf 68' lang='lat' dir='ltr'>sancte</span> <span class='ocrx_word' id='word_1_91' title='bbox 919 717 1023 747; x_wconf 85' lang='lat' dir='ltr'>eccle—</span> 
     </span>
     <span class='ocr_line' id='line_1_25' title="bbox 226 768 1023 809; baseline 0.001 -11"><span class='ocrx_word' id='word_1_92' title='bbox 226 769 271 809; x_wconf 72' lang='lat' dir='ltr'>sie</span> <span class='ocrx_word' id='word_1_93' title='bbox 294 769 452 800; x_wconf 84' lang='lat' dir='ltr'>revocetis</span> <span class='ocrx_word' id='word_1_94' title='bbox 481 771 513 799; x_wconf 90' lang='lat' dir='ltr'>et</span> <span class='ocrx_word' id='word_1_95' title='bbox 539 768 621 798; x_wconf 85' lang='lat' dir='ltr'>ulnis</span> <span class='ocrx_word' id='word_1_96' title='bbox 651 769 793 799; x_wconf 81' lang='lat' dir='ltr'>extensis</span> <span class='ocrx_word' id='word_1_97' title='bbox 816 772 951 809; x_wconf 86' lang='lat' dir='ltr'>paterno</span> <span class='ocrx_word' id='word_1_98' title='bbox 976 768 1023 799; x_wconf 81' lang='lat' dir='ltr'>af-</span> 
     </span>
     <span class='ocr_line' id='line_1_26' title="bbox 224 820 1023 861; baseline 0 -11"><span class='ocrx_word' id='word_1_99' title='bbox 224 820 312 850; x_wconf 87' lang='lat' dir='ltr'>fectu</span> <span class='ocrx_word' id='word_1_100' title='bbox 327 820 491 861; x_wconf 88' lang='lat' dir='ltr'>recipiatis</span> <span class='ocrx_word' id='word_1_101' title='bbox 509 823 541 850; x_wconf 91' lang='lat' dir='ltr'>et</span> <span class='ocrx_word' id='word_1_102' title='bbox 557 820 800 860; x_wconf 83' lang='lat' dir='ltr'>amplectamini</span> <span class='ocrx_word' id='word_1_103' title='bbox 813 821 1023 860; x_wconf 86' lang='lat' dir='ltr'>propriasque</span> 
     </span>
     <span class='ocr_line' id='line_1_27' title="bbox 224 870 1022 912; baseline -0.001 -10"><span class='ocrx_word' id='word_1_104' title='bbox 224 871 395 912; x_wconf 84' lang='lat' dir='ltr'>unicuique</span> <span class='ocrx_word' id='word_1_105' title='bbox 423 871 550 902; x_wconf 86' lang='lat' dir='ltr'>illorum</span> <span class='ocrx_word' id='word_1_106' title='bbox 580 871 717 902; x_wconf 88' lang='lat' dir='ltr'>iubeatis</span> <span class='ocrx_word' id='word_1_107' title='bbox 748 870 885 902; x_wconf 83' lang='lat' dir='ltr'>reddere</span> <span class='ocrx_word' id='word_1_108' title='bbox 918 871 1022 911; x_wconf 88' lang='lat' dir='ltr'>sedes,</span> 
     </span>
     <span class='ocr_line' id='line_1_28' title="bbox 226 922 1023 966; baseline 0 -13"><span class='ocrx_word' id='word_1_109' title='bbox 226 926 261 953; x_wconf 92' lang='lat' dir='ltr'>ut</span> <span class='ocrx_word' id='word_1_110' title='bbox 284 923 365 954; x_wconf 89' lang='lat' dir='ltr'>sicut</span> <span class='ocrx_word' id='word_1_111' title='bbox 388 933 451 954; x_wconf 86' lang='lat' dir='ltr'>una</span> <span class='ocrx_word' id='word_1_112' title='bbox 475 926 523 954; x_wconf 87' lang='lat' dir='ltr'>est</span> <span class='ocrx_word' id='word_1_113' title='bbox 545 922 756 966; x_wconf 71' lang='lat' dir='ltr'>fides„unum</span> <span class='ocrx_word' id='word_1_114' title='bbox 780 923 812 953; x_wconf 91' lang='lat' dir='ltr'>in</span> <span class='ocrx_word' id='word_1_115' title='bbox 835 923 927 953; x_wconf 89' lang='lat' dir='ltr'>nobis</span> <span class='ocrx_word' id='word_1_116' title='bbox 943 922 1023 963; x_wconf 88' lang='lat' dir='ltr'>bap—</span> 
     </span>
     <span class='ocr_line' id='line_1_29' title="bbox 225 974 1023 1014; baseline -0.001 -9"><span class='ocrx_word' id='word_1_117' title='bbox 225 975 354 1005; x_wconf 89' lang='lat' dir='ltr'>tismum</span> <span class='ocrx_word' id='word_1_118' title='bbox 379 977 411 1005; x_wconf 88' lang='lat' dir='ltr'>et</span> <span class='ocrx_word' id='word_1_119' title='bbox 439 984 550 1005; x_wconf 90' lang='lat' dir='ltr'>omnes</span> <span class='ocrx_word' id='word_1_120' title='bbox 573 984 670 1004; x_wconf 89' lang='lat' dir='ltr'>unum</span> <span class='ocrx_word' id='word_1_121' title='bbox 694 984 802 1004; x_wconf 89' lang='lat' dir='ltr'>sumus</span> <span class='ocrx_word' id='word_1_122' title='bbox 830 975 862 1004; x_wconf 93' lang='lat' dir='ltr'>in</span> <span class='ocrx_word' id='word_1_123' title='bbox 886 974 1023 1014; x_wconf 86' lang='lat' dir='ltr'>Christo,</span> 
     </span>
     <span class='ocr_line' id='line_1_30' title="bbox 223 1025 1022 1067; baseline 0 -11"><span class='ocrx_word' id='word_1_124' title='bbox 223 1026 269 1056; x_wconf 84' lang='lat' dir='ltr'>ita</span> <span class='ocrx_word' id='word_1_125' title='bbox 294 1028 326 1056; x_wconf 91' lang='lat' dir='ltr'>et</span> <span class='ocrx_word' id='word_1_126' title='bbox 354 1026 421 1065; x_wconf 87' lang='lat' dir='ltr'>isti,</span> <span class='ocrx_word' id='word_1_127' title='bbox 453 1026 507 1067; x_wconf 91' lang='lat' dir='ltr'>qui</span> <span class='ocrx_word' id='word_1_128' title='bbox 535 1025 576 1056; x_wconf 87' lang='lat' dir='ltr'>ad</span> <span class='ocrx_word' id='word_1_129' title='bbox 599 1026 754 1057; x_wconf 88' lang='lat' dir='ltr'>unitatem</span> <span class='ocrx_word' id='word_1_130' title='bbox 779 1028 812 1056; x_wconf 88' lang='lat' dir='ltr'>et</span> <span class='ocrx_word' id='word_1_131' title='bbox 834 1027 1022 1056; x_wconf 87' lang='lat' dir='ltr'>societatem</span> 
     </span>
     <span class='ocr_line' id='line_1_31' title="bbox 224 1076 1024 1118; baseline -0.003 -10"><span class='ocrx_word' id='word_1_132' title='bbox 224 1077 360 1118; x_wconf 67' lang='lat' dir='ltr'>ecclesie</span> <span class='ocrx_word' id='word_1_133' title='bbox 391 1077 454 1108; x_wconf 89' lang='lat' dir='ltr'>Dei</span> <span class='ocrx_word' id='word_1_134' title='bbox 486 1081 518 1108; x_wconf 86' lang='lat' dir='ltr'>et</span> <span class='ocrx_word' id='word_1_135' title='bbox 548 1078 691 1117; x_wconf 86' lang='lat' dir='ltr'>corporis</span> <span class='ocrx_word' id='word_1_136' title='bbox 721 1076 839 1108; x_wconf 85' lang='lat' dir='ltr'>Christi</span> <span class='ocrx_word' id='word_1_137' title='bbox 869 1077 1024 1108; x_wconf 85' lang='lat' dir='ltr'>redierint</span> 
     </span>
     <span class='ocr_line' id='line_1_32' title="bbox 225 1128 1023 1169; baseline -0.001 -11"><span class='ocrx_word' id='word_1_138' title='bbox 225 1131 257 1159; x_wconf 89' lang='lat' dir='ltr'>et</span> <span class='ocrx_word' id='word_1_139' title='bbox 279 1128 312 1159; x_wconf 87' lang='lat' dir='ltr'>id</span> <span class='ocrx_word' id='word_1_140' title='bbox 335 1129 440 1169; x_wconf 90' lang='lat' dir='ltr'>ipsum</span> <span class='ocrx_word' id='word_1_141' title='bbox 457 1128 600 1160; x_wconf 89' lang='lat' dir='ltr'>dicentes</span> <span class='ocrx_word' id='word_1_142' title='bbox 622 1128 822 1169; x_wconf 80' lang='lat' dir='ltr'>perfectique</span> <span class='ocrx_word' id='word_1_143' title='bbox 847 1129 1023 1159; x_wconf 80' lang='lat' dir='ltr'>existentes</span> 
     </span>
     <span class='ocr_line' id='line_1_33' title="bbox 223 1179 1023 1211; baseline -0.003 0"><span class='ocrx_word' id='word_1_144' title='bbox 223 1180 255 1210; x_wconf 92' lang='lat' dir='ltr'>in</span> <span class='ocrx_word' id='word_1_145' title='bbox 278 1180 393 1211; x_wconf 88' lang='lat' dir='ltr'>eodem</span> <span class='ocrx_word' id='word_1_146' title='bbox 418 1190 512 1211; x_wconf 89' lang='lat' dir='ltr'>sensu</span> <span class='ocrx_word' id='word_1_147' title='bbox 537 1183 568 1210; x_wconf 90' lang='lat' dir='ltr'>et</span> <span class='ocrx_word' id='word_1_148' title='bbox 592 1180 623 1210; x_wconf 94' lang='lat' dir='ltr'>in</span> <span class='ocrx_word' id='word_1_149' title='bbox 647 1179 763 1210; x_wconf 87' lang='lat' dir='ltr'>eadem</span> <span class='ocrx_word' id='word_1_150' title='bbox 787 1180 920 1210; x_wconf 86' lang='lat' dir='ltr'>scientia</span> <span class='ocrx_word' id='word_1_151' title='bbox 942 1189 1023 1209; x_wconf 87' lang='lat' dir='ltr'>unus</span> 
     </span>
     <span class='ocr_line' id='line_1_34' title="bbox 225 1229 1024 1272; baseline -0.004 -9"><span class='ocrx_word' id='word_1_152' title='bbox 225 1242 306 1272; x_wconf 86' lang='lat' dir='ltr'>grex</span> <span class='ocrx_word' id='word_1_153' title='bbox 322 1232 501 1263; x_wconf 83' lang='lat' dir='ltr'>efficiantur</span> <span class='ocrx_word' id='word_1_154' title='bbox 518 1234 550 1262; x_wconf 88' lang='lat' dir='ltr'>et</span> <span class='ocrx_word' id='word_1_155' title='bbox 569 1242 649 1262; x_wconf 89' lang='lat' dir='ltr'>unus</span> <span class='ocrx_word' id='word_1_156' title='bbox 671 1234 782 1272; x_wconf 87' lang='lat' dir='ltr'>pastor</span> <span class='ocrx_word' id='word_1_157' title='bbox 803 1240 862 1261; x_wconf 88' lang='lat' dir='ltr'>nec</span> <span class='ocrx_word' id='word_1_158' title='bbox 884 1229 1024 1261; x_wconf 85' lang='lat' dir='ltr'>audeant</span> 
     </span>
     <span class='ocr_line' id='line_1_35' title="bbox 225 1281 1022 1324; baseline -0.001 -11"><span class='ocrx_word' id='word_1_159' title='bbox 225 1283 363 1324; x_wconf 88' lang='lat' dir='ltr'>amplius</span> <span class='ocrx_word' id='word_1_160' title='bbox 391 1283 511 1314; x_wconf 81' lang='lat' dir='ltr'>dicere:</span> <span class='ocrx_word' id='word_1_161' title='bbox 536 1282 621 1324; x_wconf 85' lang='lat' dir='ltr'>‘Ego</span> <span class='ocrx_word' id='word_1_162' title='bbox 647 1282 776 1323; x_wconf 91' lang='lat' dir='ltr'>quidem</span> <span class='ocrx_word' id='word_1_163' title='bbox 806 1292 876 1312; x_wconf 91' lang='lat' dir='ltr'>sum</span> <span class='ocrx_word' id='word_1_164' title='bbox 900 1281 1022 1322; x_wconf 65' lang='lat' dir='ltr'>Cephe,</span> 
     </span>
     <span class='ocr_line' id='line_1_36' title="bbox 225 1332 1023 1375; baseline -0.003 -10"><span class='ocrx_word' id='word_1_165' title='bbox 225 1344 285 1375; x_wconf 86' lang='lat' dir='ltr'>ego</span> <span class='ocrx_word' id='word_1_166' title='bbox 309 1334 419 1375; x_wconf 86' lang='lat' dir='ltr'>Pauli,</span> <span class='ocrx_word' id='word_1_167' title='bbox 450 1345 511 1375; x_wconf 86' lang='lat' dir='ltr'>ego</span> <span class='ocrx_word' id='word_1_168' title='bbox 541 1337 648 1365; x_wconf 88' lang='lat' dir='ltr'>autem</span> <span class='ocrx_word' id='word_1_169' title='bbox 672 1332 812 1374; x_wconf 79' lang='lat' dir='ltr'>Apollo³,</span> <span class='ocrx_word' id='word_1_170' title='bbox 843 1332 900 1363; x_wconf 89' lang='lat' dir='ltr'>sed</span> <span class='ocrx_word' id='word_1_171' title='bbox 931 1333 1023 1363; x_wconf 90' lang='lat' dir='ltr'>unius</span> 
     </span>
     <span class='ocr_line' id='line_1_37' title="bbox 226 1384 1023 1426; baseline -0.003 -10"><span class='ocrx_word' id='word_1_172' title='bbox 226 1385 344 1417; x_wconf 82' lang='lat' dir='ltr'>Christi</span> <span class='ocrx_word' id='word_1_173' title='bbox 363 1387 430 1418; x_wconf 85' lang='lat' dir='ltr'>veri</span> <span class='ocrx_word' id='word_1_174' title='bbox 446 1386 509 1416; x_wconf 91' lang='lat' dir='ltr'>Dei</span> <span class='ocrx_word' id='word_1_175' title='bbox 533 1385 641 1424; x_wconf 81' lang='lat' dir='ltr'>nostri,</span> <span class='ocrx_word' id='word_1_176' title='bbox 665 1384 731 1426; x_wconf 84' lang='lat' dir='ltr'>‘qui</span> <span class='ocrx_word' id='word_1_177' title='bbox 755 1387 803 1416; x_wconf 90' lang='lat' dir='ltr'>est</span> <span class='ocrx_word' id='word_1_178' title='bbox 826 1394 890 1425; x_wconf 86' lang='lat' dir='ltr'>pax</span> <span class='ocrx_word' id='word_1_179' title='bbox 914 1387 1023 1414; x_wconf 87' lang='lat' dir='ltr'>nostra</span> 
     </span>
     <span class='ocr_line' id='line_1_38' title="bbox 224 1436 1022 1478; baseline -0.003 -10"><span class='ocrx_word' id='word_1_180' title='bbox 224 1441 257 1469; x_wconf 89' lang='lat' dir='ltr'>et</span> <span class='ocrx_word' id='word_1_181' title='bbox 280 1438 357 1468; x_wconf 87' lang='lat' dir='ltr'>fecit</span> <span class='ocrx_word' id='word_1_182' title='bbox 379 1440 514 1478; x_wconf 85' lang='lat' dir='ltr'>utraque</span> <span class='ocrx_word' id='word_1_183' title='bbox 538 1437 647 1467; x_wconf 84' lang='lat' dir='ltr'>unum&#39;</span> <span class='ocrx_word' id='word_1_184' title='bbox 670 1436 866 1477; x_wconf 89' lang='lat' dir='ltr'>veniensque</span> <span class='ocrx_word' id='word_1_185' title='bbox 891 1436 1022 1476; x_wconf 65' lang='lat' dir='ltr'>celestia</span> 
     </span>
     <span class='ocr_line' id='line_1_39' title="bbox 223 1487 1022 1529; baseline -0.004 -9"><span class='ocrx_word' id='word_1_186' title='bbox 223 1499 295 1519; x_wconf 86' lang='lat' dir='ltr'>cum</span> <span class='ocrx_word' id='word_1_187' title='bbox 324 1490 460 1520; x_wconf 87' lang='lat' dir='ltr'>terrenis</span> <span class='ocrx_word' id='word_1_188' title='bbox 487 1488 657 1529; x_wconf 83' lang='lat' dir='ltr'>pacificare</span> <span class='ocrx_word' id='word_1_189' title='bbox 687 1487 836 1528; x_wconf 83' lang='lat' dir='ltr'>dignatus</span> <span class='ocrx_word' id='word_1_190' title='bbox 865 1491 927 1527; x_wconf 88' lang='lat' dir='ltr'>est,</span> <span class='ocrx_word' id='word_1_191' title='bbox 957 1487 1022 1528; x_wconf 88' lang='lat' dir='ltr'>‘qui</span> 
     </span>
     <span class='ocr_line' id='line_1_40' title="bbox 221 1539 1021 1580; baseline -0.003 -9"><span class='ocrx_word' id='word_1_192' title='bbox 221 1540 340 1571; x_wconf 86' lang='lat' dir='ltr'>idcirco</span> <span class='ocrx_word' id='word_1_193' title='bbox 365 1540 467 1571; x_wconf 88' lang='lat' dir='ltr'>semel</span> <span class='ocrx_word' id='word_1_194' title='bbox 490 1550 547 1580; x_wconf 92' lang='lat' dir='ltr'>pro</span> <span class='ocrx_word' id='word_1_195' title='bbox 572 1539 716 1580; x_wconf 84' lang='lat' dir='ltr'>peccatis</span> <span class='ocrx_word' id='word_1_196' title='bbox 740 1540 855 1570; x_wconf 88' lang='lat' dir='ltr'>nostris</span> <span class='ocrx_word' id='word_1_197' title='bbox 878 1542 1021 1570; x_wconf 83' lang='lat' dir='ltr'>mortuus</span> 
     </span>
     <span class='ocr_line' id='line_1_41' title="bbox 221 1590 1020 1632; baseline -0.003 -9"><span class='ocrx_word' id='word_1_198' title='bbox 221 1594 280 1631; x_wconf 90' lang='lat' dir='ltr'>est,</span> <span class='ocrx_word' id='word_1_199' title='bbox 303 1595 338 1622; x_wconf 89' lang='lat' dir='ltr'>ut</span> <span class='ocrx_word' id='word_1_200' title='bbox 361 1591 461 1622; x_wconf 83' lang='lat' dir='ltr'>filiosb</span> <span class='ocrx_word' id='word_1_201' title='bbox 485 1591 557 1630; x_wconf 88' lang='lat' dir='ltr'>Dei,</span> <span class='ocrx_word' id='word_1_202' title='bbox 583 1591 637 1632; x_wconf 89' lang='lat' dir='ltr'>qui</span> <span class='ocrx_word' id='word_1_203' title='bbox 660 1594 751 1621; x_wconf 85' lang='lat' dir='ltr'>erant</span> <span class='ocrx_word' id='word_1_204' title='bbox 775 1590 921 1631; x_wconf 87' lang='lat' dir='ltr'>dispersi,</span> <span class='ocrx_word' id='word_1_205' title='bbox 946 1601 1020 1621; x_wconf 86' lang='lat' dir='ltr'>con-</span> 
     </span>
     <span class='ocr_line' id='line_1_42' title="bbox 221 1642 1021 1685; baseline -0.001 -11"><span class='ocrx_word' id='word_1_206' title='bbox 221 1646 372 1685; x_wconf 85' lang='lat' dir='ltr'>gregaret</span> <span class='ocrx_word' id='word_1_207' title='bbox 394 1643 427 1674; x_wconf 86' lang='lat' dir='ltr'>iu</span> <span class='ocrx_word' id='word_1_208' title='bbox 449 1642 571 1674; x_wconf 62' lang='lat' dir='ltr'>unum.³</span> <span class='ocrx_word' id='word_1_209' title='bbox 604 1642 673 1673; x_wconf 91' lang='lat' dir='ltr'>Nec</span> <span class='ocrx_word' id='word_1_210' title='bbox 697 1643 781 1673; x_wconf 91' lang='lat' dir='ltr'>enim</span> <span class='ocrx_word' id='word_1_211' title='bbox 808 1643 927 1683; x_wconf 85' lang='lat' dir='ltr'>poterit</span> <span class='ocrx_word' id='word_1_212' title='bbox 950 1642 1021 1673; x_wconf 89' lang='lat' dir='ltr'>uni-</span> 
     </span>
     <span class='ocr_line' id='line_1_43' title="bbox 220 1694 1021 1735; baseline -0.001 -10"><span class='ocrx_word' id='word_1_213' title='bbox 220 1695 295 1725; x_wconf 88' lang='lat' dir='ltr'>tatis</span> <span class='ocrx_word' id='word_1_214' title='bbox 320 1705 429 1726; x_wconf 88' lang='lat' dir='ltr'>eorum</span> <span class='ocrx_word' id='word_1_215' title='bbox 453 1695 545 1726; x_wconf 87' lang='lat' dir='ltr'>firma</span> <span class='ocrx_word' id='word_1_216' title='bbox 572 1704 642 1726; x_wconf 87' lang='lat' dir='ltr'>esse</span> <span class='ocrx_word' id='word_1_217' title='bbox 673 1704 846 1735; x_wconf 85' lang='lat' dir='ltr'>compago,</span> <span class='ocrx_word' id='word_1_218' title='bbox 876 1694 936 1724; x_wconf 85' lang='lat' dir='ltr'>nisi</span> <span class='ocrx_word' id='word_1_219' title='bbox 966 1704 1021 1724; x_wconf 91' lang='lat' dir='ltr'>eos</span> 
     </span>
     <span class='ocr_line' id='line_1_44' title="bbox 223 1745 1021 1787; baseline 0 -11"><span class='ocrx_word' id='word_1_220' title='bbox 223 1745 264 1776; x_wconf 90' lang='lat' dir='ltr'>ad</span> <span class='ocrx_word' id='word_1_221' title='bbox 287 1745 537 1787; x_wconf 85' lang='lat' dir='ltr'>inseparabilem</span> <span class='ocrx_word' id='word_1_222' title='bbox 562 1745 758 1777; x_wconf 84' lang='lat' dir='ltr'>soliditatem</span> <span class='ocrx_word' id='word_1_223' title='bbox 779 1745 938 1776; x_wconf 87' lang='lat' dir='ltr'>vinculum</span> <span class='ocrx_word' id='word_1_224' title='bbox 962 1745 1021 1776; x_wconf 86' lang='lat' dir='ltr'>ka-</span> 
     </span>
     <span class='ocr_line' id='line_1_45' title="bbox 220 1797 1021 1839; baseline -0.001 -11"><span class='ocrx_word' id='word_1_225' title='bbox 220 1798 324 1828; x_wconf 86' lang='lat' dir='ltr'>ritatis</span> <span class='ocrx_word' id='word_1_226' title='bbox 353 1798 572 1837; x_wconf 78' lang='lat' dir='ltr'>adstrinxerit,</span> <span class='ocrx_word' id='word_1_227' title='bbox 603 1800 761 1839; x_wconf 84' lang='lat' dir='ltr'>quatenus</span> <span class='ocrx_word' id='word_1_228' title='bbox 790 1797 861 1828; x_wconf 91' lang='lat' dir='ltr'>Deo</span> <span class='ocrx_word' id='word_1_229' title='bbox 893 1797 1021 1828; x_wconf 84' lang='lat' dir='ltr'>favente</span> 
     </span>
     <span class='ocr_line' id='line_1_46' title="bbox 221 1848 1021 1890; baseline -0.001 -11"><span class='ocrx_word' id='word_1_230' title='bbox 221 1849 343 1890; x_wconf 84' lang='lat' dir='ltr'>absque</span> <span class='ocrx_word' id='word_1_231' title='bbox 369 1849 454 1879; x_wconf 86' lang='lat' dir='ltr'>omni</span> <span class='ocrx_word' id='word_1_232' title='bbox 477 1849 720 1890; x_wconf 82' lang='lat' dir='ltr'>perturbatione</span> <span class='ocrx_word' id='word_1_233' title='bbox 744 1848 834 1879; x_wconf 83' lang='lat' dir='ltr'>vobis</span> <span class='ocrx_word' id='word_1_234' title='bbox 857 1849 1021 1889; x_wconf 85' lang='lat' dir='ltr'>regnanti-</span> 
     </span>
     <span class='ocr_line' id='line_1_47' title="bbox 221 1900 1020 1941; baseline -0.001 -10"><span class='ocrx_word' id='word_1_235' title='bbox 221 1900 280 1931; x_wconf 88' lang='lat' dir='ltr'>bus</span> <span class='ocrx_word' id='word_1_236' title='bbox 308 1900 388 1931; x_wconf 83' lang='lat' dir='ltr'>salvi</span> <span class='ocrx_word' id='word_1_237' title='bbox 416 1904 447 1931; x_wconf 89' lang='lat' dir='ltr'>et</span> <span class='ocrx_word' id='word_1_238' title='bbox 475 1901 579 1932; x_wconf 86' lang='lat' dir='ltr'>securi</span> <span class='ocrx_word' id='word_1_239' title='bbox 602 1901 811 1941; x_wconf 85' lang='lat' dir='ltr'>persistentes</span> <span class='ocrx_word' id='word_1_240' title='bbox 835 1910 892 1941; x_wconf 91' lang='lat' dir='ltr'>pro</span> <span class='ocrx_word' id='word_1_241' title='bbox 918 1900 1020 1931; x_wconf 85' lang='lat' dir='ltr'>salute</span> 
     </span>
     <span class='ocr_line' id='line_1_48' title="bbox 220 1951 1019 1993; baseline 0 -11"><span class='ocrx_word' id='word_1_242' title='bbox 220 1954 327 1982; x_wconf 85' lang='lat' dir='ltr'>vestra</span> <span class='ocrx_word' id='word_1_243' title='bbox 345 1955 377 1982; x_wconf 88' lang='lat' dir='ltr'>et</span> <span class='ocrx_word' id='word_1_244' title='bbox 393 1963 450 1993; x_wconf 91' lang='lat' dir='ltr'>pro</span> <span class='ocrx_word' id='word_1_245' title='bbox 467 1955 551 1983; x_wconf 85' lang='lat' dir='ltr'>statu</span> <span class='ocrx_word' id='word_1_246' title='bbox 568 1953 615 1983; x_wconf 81' lang='lat' dir='ltr'>rei</span> <span class='ocrx_word' id='word_1_247' title='bbox 632 1952 759 1993; x_wconf 72' lang='lat' dir='ltr'>publice</span> <span class='ocrx_word' id='word_1_248' title='bbox 784 1951 910 1993; x_wconf 87' lang='lat' dir='ltr'>iugibus</span> <span class='ocrx_word' id='word_1_249' title='bbox 934 1961 1019 1982; x_wconf 89' lang='lat' dir='ltr'>sem-</span> 
     </span>
     <span class='ocr_line' id='line_1_49' title="bbox 222 2003 935 2044; baseline 0.001 -11"><span class='ocrx_word' id='word_1_250' title='bbox 222 2013 280 2044; x_wconf 87' lang='lat' dir='ltr'>per</span> <span class='ocrx_word' id='word_1_251' title='bbox 303 2003 384 2034; x_wconf 81' lang='lat' dir='ltr'>votis</span> <span class='ocrx_word' id='word_1_252' title='bbox 407 2003 582 2034; x_wconf 89' lang='lat' dir='ltr'>Dominum</span> <span class='ocrx_word' id='word_1_253' title='bbox 605 2004 735 2034; x_wconf 86' lang='lat' dir='ltr'>valeant</span> <span class='ocrx_word' id='word_1_254' title='bbox 758 2003 935 2044; x_wconf 82' lang='lat' dir='ltr'>deprecari.</span> 
     </span>
     <span class='ocr_line' id='line_1_50' title="bbox 285 2054 1019 2096; baseline 0 -11"><span class='ocrx_word' id='word_1_255' title='bbox 285 2054 407 2090; x_wconf 84' lang='lat' dir='ltr'>Quodsi</span> <span class='ocrx_word' id='word_1_256' title='bbox 450 2055 532 2085; x_wconf 86' lang='lat' dir='ltr'>forte</span> <span class='ocrx_word' id='word_1_257' title='bbox 572 2054 702 2096; x_wconf 83' lang='lat' dir='ltr'>quidam</span> <span class='ocrx_word' id='word_1_258' title='bbox 744 2055 910 2085; x_wconf 84' lang='lat' dir='ltr'>extiterint</span> <span class='ocrx_word' id='word_1_259' title='bbox 948 2065 1019 2085; x_wconf 85' lang='lat' dir='ltr'>eum</span> 
     </span>
     <span class='ocr_line' id='line_1_51' title="bbox 221 2106 1019 2146; baseline 0 -10"><span class='ocrx_word' id='word_1_260' title='bbox 221 2106 335 2137; x_wconf 89' lang='lat' dir='ltr'>eodem</span> <span class='ocrx_word' id='word_1_261' title='bbox 368 2106 568 2146; x_wconf 80' lang='lat' dir='ltr'>patriarchac</span> <span class='ocrx_word' id='word_1_262' title='bbox 597 2106 833 2137; x_wconf 88' lang='lat' dir='ltr'>communicare</span> <span class='ocrx_word' id='word_1_263' title='bbox 863 2106 1019 2145; x_wconf 88' lang='lat' dir='ltr'>nolentes,</span> 
     </span>
     <span class='ocr_line' id='line_1_52' title="bbox 220 2157 1019 2196; baseline -0.001 -8"><span class='ocrx_word' id='word_1_264' title='bbox 220 2160 464 2188; x_wconf 83' lang='lat' dir='ltr'>ammoneantur</span> <span class='ocrx_word' id='word_1_265' title='bbox 487 2157 627 2189; x_wconf 85' lang='lat' dir='ltr'>secundo</span> <span class='ocrx_word' id='word_1_266' title='bbox 651 2167 688 2188; x_wconf 87' lang='lat' dir='ltr'>ac</span> <span class='ocrx_word' id='word_1_267' title='bbox 711 2158 822 2195; x_wconf 87' lang='lat' dir='ltr'>tertio,</span> <span class='ocrx_word' id='word_1_268' title='bbox 853 2160 888 2187; x_wconf 92' lang='lat' dir='ltr'>ut</span> <span class='ocrx_word' id='word_1_269' title='bbox 911 2160 1019 2196; x_wconf 70' lang='lat' dir='ltr'>sancte</span> 
     </span>
     <span class='ocr_line' id='line_1_53' title="bbox 221 2207 1020 2250; baseline -0.003 -10"><span class='ocrx_word' id='word_1_270' title='bbox 221 2209 356 2249; x_wconf 71' lang='lat' dir='ltr'>ecclesie</span> <span class='ocrx_word' id='word_1_271' title='bbox 385 2219 418 2240; x_wconf 92' lang='lat' dir='ltr'>se</span> <span class='ocrx_word' id='word_1_272' title='bbox 449 2209 539 2239; x_wconf 85' lang='lat' dir='ltr'>unire</span> <span class='ocrx_word' id='word_1_273' title='bbox 570 2212 751 2250; x_wconf 85' lang='lat' dir='ltr'>procurent.</span> <span class='ocrx_word' id='word_1_274' title='bbox 805 2207 926 2244; x_wconf 85' lang='lat' dir='ltr'>Quodsi</span> <span class='ocrx_word' id='word_1_275' title='bbox 962 2208 1020 2238; x_wconf 89' lang='lat' dir='ltr'>ad-</span> 
     </span>
     <span class='ocr_line' id='line_1_54' title="bbox 222 2260 1020 2302; baseline -0.001 -11"><span class='ocrx_word' id='word_1_276' title='bbox 222 2261 386 2302; x_wconf 86' lang='lat' dir='ltr'>quiescere</span> <span class='ocrx_word' id='word_1_277' title='bbox 403 2261 563 2291; x_wconf 88' lang='lat' dir='ltr'>noluerint</span> <span class='ocrx_word' id='word_1_278' title='bbox 578 2261 608 2290; x_wconf 89' lang='lat' dir='ltr'>in</span> <span class='ocrx_word' id='word_1_279' title='bbox 626 2271 683 2290; x_wconf 89' lang='lat' dir='ltr'>sua</span> <span class='ocrx_word' id='word_1_280' title='bbox 694 2260 872 2301; x_wconf 87' lang='lat' dir='ltr'>pertinacia</span> <span class='ocrx_word' id='word_1_281' title='bbox 889 2269 1020 2290; x_wconf 84' lang='lat' dir='ltr'>manere</span> 
     </span>
     <span class='ocr_line' id='line_1_55' title="bbox 220 2311 1020 2352; baseline -0.001 -10"><span class='ocrx_word' id='word_1_282' title='bbox 220 2312 380 2352; x_wconf 84' lang='lat' dir='ltr'>volentes,</span> <span class='ocrx_word' id='word_1_283' title='bbox 410 2322 500 2342; x_wconf 86' lang='lat' dir='ltr'>sacra</span> <span class='ocrx_word' id='word_1_284' title='bbox 524 2311 600 2342; x_wconf 73' lang='lat' dir='ltr'>eos&lt;l</span> <span class='ocrx_word' id='word_1_285' title='bbox 624 2312 847 2342; x_wconf 89' lang='lat' dir='ltr'>communione</span> <span class='ocrx_word' id='word_1_286' title='bbox 871 2311 920 2341; x_wconf 89' lang='lat' dir='ltr'>his</span> <span class='ocrx_word' id='word_1_287' title='bbox 948 2320 1020 2351; x_wconf 72' lang='lat' dir='ltr'>pre-</span> 
     </span>
     <span class='ocr_line' id='line_1_56' title="bbox 221 2362 1019 2403; baseline -0.003 -9"><span class='ocrx_word' id='word_1_288' title='bbox 221 2363 363 2394; x_wconf 85' lang='lat' dir='ltr'>sentibus</span> <span class='ocrx_word' id='word_1_289' title='bbox 397 2364 501 2394; x_wconf 88' lang='lat' dir='ltr'>missis</span> <span class='ocrx_word' id='word_1_290' title='bbox 536 2363 652 2394; x_wconf 88' lang='lat' dir='ltr'>nostris</span> <span class='ocrx_word' id='word_1_291' title='bbox 686 2374 750 2394; x_wconf 90' lang='lat' dir='ltr'>una</span> <span class='ocrx_word' id='word_1_292' title='bbox 788 2373 859 2394; x_wconf 92' lang='lat' dir='ltr'>cum</span> <span class='ocrx_word' id='word_1_293' title='bbox 897 2362 1019 2403; x_wconf 85' lang='lat' dir='ltr'>synodo</span> 
     </span>
     <span class='ocr_line' id='line_1_57' title="bbox 220 2414 1020 2456; baseline 0.001 -11"><span class='ocrx_word' id='word_1_294' title='bbox 220 2415 368 2445; x_wconf 88' lang='lat' dir='ltr'>iussimus</span> <span class='ocrx_word' id='word_1_295' title='bbox 393 2414 539 2455; x_wconf 62' lang='lat' dir='ltr'>privarie,</span> <span class='ocrx_word' id='word_1_296' title='bbox 561 2425 727 2456; x_wconf 88' lang='lat' dir='ltr'>quousque</span> <span class='ocrx_word' id='word_1_297' title='bbox 752 2414 793 2445; x_wconf 89' lang='lat' dir='ltr'>ad</span> <span class='ocrx_word' id='word_1_298' title='bbox 811 2425 902 2445; x_wconf 89' lang='lat' dir='ltr'>suum</span> <span class='ocrx_word' id='word_1_299' title='bbox 925 2415 1020 2446; x_wconf 89' lang='lat' dir='ltr'>rede-</span> 
     </span>
     <span class='ocr_line' id='line_1_58' title="bbox 222 2466 1021 2507; baseline -0.001 -10"><span class='ocrx_word' id='word_1_300' title='bbox 222 2470 277 2497; x_wconf 88' lang='lat' dir='ltr'>ant</span> <span class='ocrx_word' id='word_1_301' title='bbox 300 2466 514 2507; x_wconf 88' lang='lat' dir='ltr'>patriarcham</span> <span class='ocrx_word' id='word_1_302' title='bbox 539 2468 572 2497; x_wconf 91' lang='lat' dir='ltr'>et</span> <span class='ocrx_word' id='word_1_303' title='bbox 596 2466 637 2496; x_wconf 87' lang='lat' dir='ltr'>ad</span> <span class='ocrx_word' id='word_1_304' title='bbox 658 2469 765 2506; x_wconf 74' lang='lat' dir='ltr'>sancte</span> <span class='ocrx_word' id='word_1_305' title='bbox 791 2467 927 2507; x_wconf 66' lang='lat' dir='ltr'>ecclesie</span> <span class='ocrx_word' id='word_1_306' title='bbox 951 2467 1021 2497; x_wconf 86' lang='lat' dir='ltr'>uni-</span> 
     </span>
     <span class='ocr_line' id='line_1_59' title="bbox 222 2518 1021 2558; baseline -0.003 -9"><span class='ocrx_word' id='word_1_307' title='bbox 222 2521 333 2558; x_wconf 85' lang='lat' dir='ltr'>tatem,</span> <span class='ocrx_word' id='word_1_308' title='bbox 357 2528 427 2548; x_wconf 89' lang='lat' dir='ltr'>cum</span> <span class='ocrx_word' id='word_1_309' title='bbox 452 2518 605 2558; x_wconf 66' lang='lat' dir='ltr'>precipue</span> <span class='ocrx_word' id='word_1_310' title='bbox 629 2518 690 2558; x_wconf 88' lang='lat' dir='ltr'>ipsi</span> <span class='ocrx_word' id='word_1_311' title='bbox 714 2518 857 2558; x_wconf 86' lang='lat' dir='ltr'>episcopi</span> <span class='ocrx_word' id='word_1_312' title='bbox 881 2518 915 2548; x_wconf 72' lang='lat' dir='ltr'>af</span> <span class='ocrx_word' id='word_1_313' title='bbox 930 2518 1021 2549; x_wconf 86' lang='lat' dir='ltr'>nobis</span> 
     </span>
    </p>
   </div>
   <div class='ocr_carea' id='block_1_12' title="bbox 1816 176 1875 205">
    <p class='ocr_par' dir='ltr' id='par_1_13' title="bbox 1816 176 1875 205">
     <span class='ocr_line' id='line_1_60' title="bbox 1816 176 1875 205; baseline 0.017 -1"><span class='ocrx_word' id='word_1_314' title='bbox 1816 176 1875 205; x_wconf 90' lang='lat'>175</span> 
     </span>
    </p>
   </div>
   <div class='ocr_carea' id='block_1_13' title="bbox 1075 411 1876 1169">
    <p class='ocr_par' dir='ltr' id='par_1_14' title="bbox 1075 411 1876 1169">
     <span class='ocr_line' id='line_1_61' title="bbox 1137 411 1875 454; baseline 0.005 -13"><span class='ocrx_word' id='word_1_315' title='bbox 1137 411 1200 442; x_wconf 82' lang='grc' dir='ltr'><em>’Έτι</em></span> <span class='ocrx_word' id='word_1_316' title='bbox 1236 411 1270 442; x_wconf 86' lang='grc' dir='ltr'>δὲ</span> <span class='ocrx_word' id='word_1_317' title='bbox 1302 412 1552 452; x_wconf 76' lang='grc' dir='ltr'><em>παρακαλοῦμεν</em></span> <span class='ocrx_word' id='word_1_318' title='bbox 1585 413 1640 453; x_wconf 83' lang='grc' dir='ltr'><em>τὴν</em></span> <span class='ocrx_word' id='word_1_319' title='bbox 1674 413 1875 454; x_wconf 77' lang='grc' dir='ltr'><em>φιλόχριστον</em></span> 
     </span>
     <span class='ocr_line' id='line_1_62' title="bbox 1078 462 1876 505; baseline 0.005 -13"><span class='ocrx_word' id='word_1_320' title='bbox 1078 462 1171 501; x_wconf 70' lang='grc' dir='ltr'><em>ὑμῶν</em></span> <span class='ocrx_word' id='word_1_321' title='bbox 1182 463 1349 502; x_wconf 78' lang='grc' dir='ltr'><em>βασιλείαν,</em></span> <span class='ocrx_word' id='word_1_322' title='bbox 1362 464 1410 493; x_wconf 82' lang='grc' dir='ltr'>ἵνα</span> <span class='ocrx_word' id='word_1_323' title='bbox 1424 465 1575 505; x_wconf 77' lang='grc' dir='ltr'><em>συνάξητε</em></span> <span class='ocrx_word' id='word_1_324' title='bbox 1594 464 1667 499; x_wconf 77' lang='grc' dir='ltr'><em>τοὺς</em></span> <span class='ocrx_word' id='word_1_325' title='bbox 1682 465 1876 499; x_wconf 78' lang='grc' dir='ltr'><strong><em>ἐπισκόπους</em></strong></span> 
     </span>
     <span class='ocr_line' id='line_1_63' title="bbox 1078 513 1873 556; baseline 0.004 -13"><span class='ocrx_word' id='word_1_326' title='bbox 1078 513 1131 543; x_wconf 85' lang='grc' dir='ltr'>καὶ</span> <span class='ocrx_word' id='word_1_327' title='bbox 1146 515 1381 554; x_wconf 75' lang='grc' dir='ltr'><em>πρεσβυτέρους</em></span> <span class='ocrx_word' id='word_1_328' title='bbox 1396 514 1449 545; x_wconf 85' lang='grc' dir='ltr'>καὶ</span> <span class='ocrx_word' id='word_1_329' title='bbox 1465 515 1537 549; x_wconf 72' lang='grc' dir='ltr'><em>τοὺς</em></span> <span class='ocrx_word' id='word_1_330' title='bbox 1550 516 1738 555; x_wconf 77' lang='grc' dir='ltr'><em>οῖουδήποτε</em></span> <span class='ocrx_word' id='word_1_331' title='bbox 1754 517 1873 556; x_wconf 80' lang='grc' dir='ltr'><em>τάγμα-</em></span> 
     </span>
     <span class='ocr_line' id='line_1_64' title="bbox 1078 565 1875 606; baseline 0.005 -12"><span class='ocrx_word' id='word_1_332' title='bbox 1078 576 1129 598; x_wconf 89' lang='grc' dir='ltr'>τος</span> <span class='ocrx_word' id='word_1_333' title='bbox 1152 565 1209 595; x_wconf 85' lang='grc' dir='ltr'><em>εἷ’τε</em></span> <span class='ocrx_word' id='word_1_334' title='bbox 1232 565 1490 606; x_wconf 76' lang='grc' dir='ltr'><em>ἕκκλησιαστικοῦ</em></span> <span class='ocrx_word' id='word_1_335' title='bbox 1515 567 1571 597; x_wconf 80' lang='grc' dir='ltr'><em>εἴτε</em></span> <span class='ocrx_word' id='word_1_336' title='bbox 1594 567 1754 598; x_wconf 76' lang='grc' dir='ltr'><em>πολιτικοῦ</em></span> <span class='ocrx_word' id='word_1_337' title='bbox 1783 567 1875 601; x_wconf 79' lang='grc' dir='ltr'><em>τοὺς</em></span> 
     </span>
     <span class='ocr_line' id='line_1_65' title="bbox 1079 615 1874 657; baseline 0.005 -12"><span class='ocrx_word' id='word_1_338' title='bbox 1079 615 1293 650; x_wconf 77' lang='grc' dir='ltr'><em>δοκοῦντας</em></span> <span class='ocrx_word' id='word_1_339' title='bbox 1328 617 1390 657; x_wconf 75' lang='grc' dir='ltr'>ἀφ’</span> <span class='ocrx_word' id='word_1_340' title='bbox 1418 618 1528 656; x_wconf 74' lang='grc' dir='ltr'><em>ὑμῶν</em></span> <span class='ocrx_word' id='word_1_341' title='bbox 1562 618 1874 653; x_wconf 77' lang='grc' dir='ltr'><em>ἀποδιίστασθαι,</em></span> 
     </span>
     <span class='ocr_line' id='line_1_66' title="bbox 1078 666 1874 710; baseline 0.006 -14"><span class='ocrx_word' id='word_1_342' title='bbox 1078 666 1161 697; x_wconf 82' lang='grc' dir='ltr'><em>ὅπου</em></span> <span class='ocrx_word' id='word_1_343' title='bbox 1186 667 1212 697; x_wconf 78' lang='grc' dir='ltr'>δ’</span> <span class='ocrx_word' id='word_1_344' title='bbox 1231 668 1269 697; x_wconf 78' lang='grc' dir='ltr'><em>ἂν</em></span> <span class='ocrx_word' id='word_1_345' title='bbox 1293 667 1370 698; x_wconf 81' lang='grc' dir='ltr'><em>ὦσιν</em></span> <span class='ocrx_word' id='word_1_346' title='bbox 1393 668 1479 702; x_wconf 76' lang='grc' dir='ltr'><em>ἐντὸς</em></span> <span class='ocrx_word' id='word_1_347' title='bbox 1502 671 1565 699; x_wconf 78' lang='grc' dir='ltr'><em>τῶν</em></span> <span class='ocrx_word' id='word_1_348' title='bbox 1587 669 1749 709; x_wconf 59' lang='grc' dir='ltr'><em>’ὑμετέρων</em></span> <span class='ocrx_word' id='word_1_349' title='bbox 1766 670 1874 710; x_wconf 55' lang='grc' dir='ltr'><em>ὁρίων)</em></span> 
     </span>
     <span class='ocr_line' id='line_1_67' title="bbox 1077 718 1873 760; baseline 0.004 -12"><span class='ocrx_word' id='word_1_350' title='bbox 1077 718 1130 748; x_wconf 75' lang='grc' dir='ltr'>καὶ</span> <span class='ocrx_word' id='word_1_351' title='bbox 1153 719 1289 758; x_wconf 77' lang='grc' dir='ltr'><em>ἀγάγητε</em></span> <span class='ocrx_word' id='word_1_352' title='bbox 1312 719 1427 753; x_wconf 73' lang='grc' dir='ltr'><em>αὐτοὺς</em></span> <span class='ocrx_word' id='word_1_353' title='bbox 1449 720 1530 759; x_wconf 85' lang='grc' dir='ltr'><em>πρὸς</em></span> <span class='ocrx_word' id='word_1_354' title='bbox 1553 720 1636 760; x_wconf 74' lang='grc' dir='ltr'><em>ὑμᾶς</em></span> <span class='ocrx_word' id='word_1_355' title='bbox 1656 721 1709 751; x_wconf 84' lang='grc' dir='ltr'>καὶ</span> <span class='ocrx_word' id='word_1_356' title='bbox 1725 721 1873 760; x_wconf 86' lang='grc' dir='ltr'><em>παραινέ-</em></span> 
     </span>
     <span class='ocr_line' id='line_1_68' title="bbox 1077 770 1873 811; baseline 0.005 -12"><span class='ocrx_word' id='word_1_357' title='bbox 1077 781 1149 809; x_wconf 84' lang='grc' dir='ltr'><em>σητε</em></span> <span class='ocrx_word' id='word_1_358' title='bbox 1172 770 1332 809; x_wconf 71' lang='grc' dir='ltr'><em>ἑνωθῆναι</em></span> <span class='ocrx_word' id='word_1_359' title='bbox 1356 770 1470 804; x_wconf 73' lang='grc' dir='ltr'><em>αὐτοὺς</em></span> <span class='ocrx_word' id='word_1_360' title='bbox 1492 774 1529 811; x_wconf 78' lang='grc' dir='ltr'>τῇ</span> <span class='ocrx_word' id='word_1_361' title='bbox 1552 771 1701 811; x_wconf 75' lang='grc' dir='ltr'><em>ἐκκλησίᾳ</em></span> <span class='ocrx_word' id='word_1_362' title='bbox 1722 775 1777 803; x_wconf 88' lang='grc' dir='ltr'>τοῦ</span> <span class='ocrx_word' id='word_1_363' title='bbox 1793 772 1873 803; x_wconf 77' lang='grc' dir='ltr'>Ιθεοῦ</span> 
     </span>
     <span class='ocr_line' id='line_1_69' title="bbox 1077 821 1874 863; baseline 0.004 -13"><span class='ocrx_word' id='word_1_364' title='bbox 1077 821 1130 851; x_wconf 86' lang='grc' dir='ltr'>καὶ</span> <span class='ocrx_word' id='word_1_365' title='bbox 1165 821 1297 860; x_wconf 82' lang='grc' dir='ltr'><em>Φωτίῳ</em></span> <span class='ocrx_word' id='word_1_366' title='bbox 1330 824 1382 860; x_wconf 83' lang='grc' dir='ltr'>τῷ</span> <span class='ocrx_word' id='word_1_367' title='bbox 1417 822 1613 862; x_wconf 74' lang='grc' dir='ltr'><em>ἁγιωτάτῳ</em></span> <span class='ocrx_word' id='word_1_368' title='bbox 1647 823 1874 863; x_wconf 78' lang='grc' dir='ltr'><em>πατριάρχῃ,</em></span> 
     </span>
     <span class='ocr_line' id='line_1_70' title="bbox 1077 872 1875 913; baseline 0.004 -12"><span class='ocrx_word' id='word_1_369' title='bbox 1077 872 1232 911; x_wconf 77' lang='grc' dir='ltr'><em>ἀδελφῷ</em></span> <span class='ocrx_word' id='word_1_370' title='bbox 1263 872 1325 902; x_wconf 83' lang='grc' dir='ltr'>καὶ</span> <span class='ocrx_word' id='word_1_371' title='bbox 1359 872 1637 913; x_wconf 77' lang='grc' dir='ltr'><em>συλλειτουργῷ</em></span> <span class='ocrx_word' id='word_1_372' title='bbox 1667 874 1787 913; x_wconf 82' lang='grc' dir='ltr'><em>ἡμῶν,</em></span> <span class='ocrx_word' id='word_1_373' title='bbox 1822 874 1875 905; x_wconf 82' lang='grc' dir='ltr'>καὶ</span> 
     </span>
     <span class='ocr_line' id='line_1_71' title="bbox 1077 923 1874 965; baseline 0.004 -12"><span class='ocrx_word' id='word_1_374' title='bbox 1077 923 1259 962; x_wconf 82' lang='grc' dir='ltr'><em>ἑνουμένων</em></span> <span class='ocrx_word' id='word_1_375' title='bbox 1288 923 1393 953; x_wconf 77' lang='grc' dir='ltr'><em>αὐτῶν</em></span> <span class='ocrx_word' id='word_1_376' title='bbox 1424 923 1478 957; x_wconf 87' lang='grc' dir='ltr'><em>τὰς</em></span> <span class='ocrx_word' id='word_1_377' title='bbox 1508 925 1624 958; x_wconf 78' lang='grc' dir='ltr'><em>οἰκείας</em></span> <span class='ocrx_word' id='word_1_378' title='bbox 1654 925 1874 965; x_wconf 79' lang='grc' dir='ltr'><em>ἀρχιερατικὰς</em></span> 
     </span>
     <span class='ocr_line' id='line_1_72' title="bbox 1076 974 1873 1015; baseline 0.003 -10"><span class='ocrx_word' id='word_1_379' title='bbox 1076 974 1129 1005; x_wconf 82' lang='grc' dir='ltr'>καὶ</span> <span class='ocrx_word' id='word_1_380' title='bbox 1153 974 1308 1014; x_wconf 79' lang='grc' dir='ltr'><em>ἱερατικὰς</em></span> <span class='ocrx_word' id='word_1_381' title='bbox 1331 974 1421 1014; x_wconf 84' lang='grc' dir='ltr'><em>τιμὰς</em></span> <span class='ocrx_word' id='word_1_382' title='bbox 1444 975 1497 1005; x_wconf 86' lang='grc' dir='ltr'>καὶ</span> <span class='ocrx_word' id='word_1_383' title='bbox 1524 975 1596 1008; x_wconf 78' lang='grc' dir='ltr'><em>τοὺς</em></span> <span class='ocrx_word' id='word_1_384' title='bbox 1619 976 1770 1015; x_wconf 72' lang='grc' dir='ltr'><em>βαθμοὺς</em></span> <span class='ocrx_word' id='word_1_385' title='bbox 1793 977 1873 1007; x_wconf 84' lang='grc' dir='ltr'><em>ἄπο-</em></span> 
     </span>
     <span class='ocr_line' id='line_1_73' title="bbox 1077 1025 1874 1065; baseline 0.001 -9"><span class='ocrx_word' id='word_1_386' title='bbox 1077 1026 1193 1056; x_wconf 82' lang='grc' dir='ltr'><em>δώσετε</em></span> <span class='ocrx_word' id='word_1_387' title='bbox 1217 1025 1360 1065; x_wconf 79' lang='grc' dir='ltr'><em>σπλάγχα</em></span> <span class='ocrx_word' id='word_1_388' title='bbox 1391 1026 1563 1065; x_wconf 80' lang='grc' dir='ltr'><em>οἰκτιρμῶν</em></span> <span class='ocrx_word' id='word_1_389' title='bbox 1586 1027 1628 1060; x_wconf 80' lang='grc' dir='ltr'>εἷς</span> <span class='ocrx_word' id='word_1_390' title='bbox 1652 1027 1766 1061; x_wconf 73' lang='grc' dir='ltr'><em>αὐτοὺς</em></span> <span class='ocrx_word' id='word_1_391' title='bbox 1789 1027 1874 1057; x_wconf 80' lang='grc' dir='ltr'><em>ἀνοί-</em></span> 
     </span>
     <span class='ocr_line' id='line_1_74' title="bbox 1077 1088 1190 1116; baseline -0.009 -9"><span class='ocrx_word' id='word_1_392' title='bbox 1077 1088 1190 1116; x_wconf 81' lang='grc' dir='ltr'><em>γοντες.</em></span> 
     </span>
     <span class='ocr_line' id='line_1_75' title="bbox 1075 1128 1874 1169; baseline 0.001 -11"><span class='ocrx_word' id='word_1_393' title='bbox 1075 1128 1235 1168; x_wconf 80' lang='grc' dir='ltr'>βάπτισμα</span> <span class='ocrx_word' id='word_1_394' title='bbox 1259 1128 1312 1158; x_wconf 83' lang='grc' dir='ltr'>καὶ</span> <span class='ocrx_word' id='word_1_395' title='bbox 1335 1129 1391 1167; x_wconf 88' lang='grc' dir='ltr'>μιά</span> <span class='ocrx_word' id='word_1_396' title='bbox 1415 1128 1512 1162; x_wconf 77' lang='grc' dir='ltr'><em>πίστις</em></span> <span class='ocrx_word' id='word_1_397' title='bbox 1535 1128 1588 1158; x_wconf 85' lang='grc' dir='ltr'>καὶ</span> <span class='ocrx_word' id='word_1_398' title='bbox 1612 1128 1700 1159; x_wconf 76' lang='grc' dir='ltr'><em>αὐτοὶ</em></span> <span class='ocrx_word' id='word_1_399' title='bbox 1723 1129 1812 1169; x_wconf 81' lang='grc' dir='ltr'><em>ἡμεῖς</em></span> <span class='ocrx_word' id='word_1_400' title='bbox 1840 1130 1874 1159; x_wconf 79' lang='grc' dir='ltr'><em>ἓν</em></span> 
     </span>
    </p>
   </div>
   <div class='ocr_carea' id='block_1_14' title="bbox 1237 1076 1875 1117">
    <p class='ocr_par' dir='ltr' id='par_1_15' title="bbox 1237 1076 1875 1117">
     <span class='ocr_line' id='line_1_76' title="bbox 1237 1076 1875 1117; baseline 0.003 -11"><span class='ocrx_word' id='word_1_401' title='bbox 1237 1076 1316 1106; x_wconf 81' lang='grc' dir='ltr'><em>Ἀλλ’</em></span> <span class='ocrx_word' id='word_1_402' title='bbox 1339 1077 1448 1117; x_wconf 82' lang='grc' dir='ltr'><em>ὥσπερ</em></span> <span class='ocrx_word' id='word_1_403' title='bbox 1479 1077 1559 1107; x_wconf 80' lang='grc' dir='ltr'><em>ἐστιν</em></span> <span class='ocrx_word' id='word_1_404' title='bbox 1585 1077 1628 1111; x_wconf 79' lang='grc' dir='ltr'>εἷς</span> <span class='ocrx_word' id='word_1_405' title='bbox 1657 1078 1734 1112; x_wconf 76' lang='grc' dir='ltr'><em>θεὸς</em></span> <span class='ocrx_word' id='word_1_406' title='bbox 1761 1078 1814 1108; x_wconf 81' lang='grc' dir='ltr'>καὶ</span> <span class='ocrx_word' id='word_1_407' title='bbox 1841 1079 1875 1109; x_wconf 82' lang='grc' dir='ltr'><em>ἓν</em></span> 
     </span>
    </p>
   </div>
   <div class='ocr_carea' id='block_1_15' title="bbox 1073 1178 1875 2557">
    <p class='ocr_par' dir='ltr' id='par_1_16' title="bbox 1074 1178 1875 2043">
     <span class='ocr_line' id='line_1_77' title="bbox 1076 1178 1875 1220; baseline 0.001 -11"><span class='ocrx_word' id='word_1_408' title='bbox 1076 1179 1170 1219; x_wconf 74' lang='grc' dir='ltr'><em>ε’σμὲν</em></span> <span class='ocrx_word' id='word_1_409' title='bbox 1194 1180 1226 1209; x_wconf 78' lang='grc' dir='ltr'><em>ἒν</em></span> <span class='ocrx_word' id='word_1_410' title='bbox 1249 1178 1393 1218; x_wconf 77' lang='grc' dir='ltr'>Χριστῷ,</span> <span class='ocrx_word' id='word_1_411' title='bbox 1426 1179 1510 1209; x_wconf 72' lang='grc' dir='ltr'><em>οὕτω</em></span> <span class='ocrx_word' id='word_1_412' title='bbox 1540 1179 1593 1209; x_wconf 83' lang='grc' dir='ltr'>καὶ</span> <span class='ocrx_word' id='word_1_413' title='bbox 1622 1179 1710 1210; x_wconf 74' lang='grc' dir='ltr'><em>αὐτοὶ</em></span> <span class='ocrx_word' id='word_1_414' title='bbox 1742 1180 1791 1210; x_wconf 77' lang='grc' dir='ltr'><em>διὰ</em></span> <span class='ocrx_word' id='word_1_415' title='bbox 1823 1183 1875 1220; x_wconf 80' lang='grc' dir='ltr'><em>τῆς</em></span> 
     </span>
     <span class='ocr_line' id='line_1_78' title="bbox 1076 1230 1875 1270; baseline 0.001 -10"><span class='ocrx_word' id='word_1_416' title='bbox 1076 1231 1229 1270; x_wconf 80' lang='grc' dir='ltr'><em>ὑμετέρας</em></span> <span class='ocrx_word' id='word_1_417' title='bbox 1246 1231 1334 1264; x_wconf 74' lang='grc' dir='ltr'><em>θείας</em></span> <span class='ocrx_word' id='word_1_418' title='bbox 1357 1230 1561 1264; x_wconf 78' lang='grc' dir='ltr'><em>διδασκαλίας</em></span> <span class='ocrx_word' id='word_1_419' title='bbox 1583 1231 1636 1261; x_wconf 86' lang='grc' dir='ltr'>καὶ</span> <span class='ocrx_word' id='word_1_420' title='bbox 1659 1231 1875 1270; x_wconf 79' lang='grc' dir='ltr'><em>παραινέσεως</em></span> 
     </span>
     <span class='ocr_line' id='line_1_79' title="bbox 1076 1281 1874 1322; baseline 0 -10"><span class='ocrx_word' id='word_1_421' title='bbox 1076 1283 1110 1312; x_wconf 78' lang='grc' dir='ltr'><em>ἓν</em></span> <span class='ocrx_word' id='word_1_422' title='bbox 1134 1282 1191 1312; x_wconf 76' lang='grc' dir='ltr'>σὺν</span> <span class='ocrx_word' id='word_1_423' title='bbox 1218 1282 1293 1322; x_wconf 80' lang='grc' dir='ltr'><em>ἡμῖν</em></span> <span class='ocrx_word' id='word_1_424' title='bbox 1316 1282 1438 1312; x_wconf 79' lang='grc' dir='ltr'><em>ἔσονται</em></span> <span class='ocrx_word' id='word_1_425' title='bbox 1469 1281 1523 1312; x_wconf 86' lang='grc' dir='ltr'>καὶ</span> <span class='ocrx_word' id='word_1_426' title='bbox 1552 1282 1585 1312; x_wconf 78' lang='grc' dir='ltr'><em>ἓν</em></span> <span class='ocrx_word' id='word_1_427' title='bbox 1615 1285 1659 1321; x_wconf 82' lang='grc' dir='ltr'>τῷ</span> <span class='ocrx_word' id='word_1_428' title='bbox 1688 1282 1874 1322; x_wconf 79' lang='grc' dir='ltr'><em>πληρώματι</em></span> 
     </span>
     <span class='ocr_line' id='line_1_80' title="bbox 1076 1332 1874 1373; baseline 0.003 -11"><span class='ocrx_word' id='word_1_429' title='bbox 1076 1336 1129 1373; x_wconf 82' lang='grc' dir='ltr'><em>τῆς</em></span> <span class='ocrx_word' id='word_1_430' title='bbox 1152 1333 1320 1373; x_wconf 74' lang='grc' dir='ltr'><em>ἐκκλησίας</em></span> <span class='ocrx_word' id='word_1_431' title='bbox 1343 1336 1397 1363; x_wconf 86' lang='grc' dir='ltr'>τοῦ</span> <span class='ocrx_word' id='word_1_432' title='bbox 1414 1332 1555 1372; x_wconf 78' lang='grc' dir='ltr'><em>Χριστοῦ</em></span> <span class='ocrx_word' id='word_1_433' title='bbox 1572 1334 1874 1373; x_wconf 75' lang='grc' dir='ltr'><em>συναρμολογούμε-</em></span> 
     </span>
     <span class='ocr_line' id='line_1_81' title="bbox 1076 1384 1874 1425; baseline 0.001 -11"><span class='ocrx_word' id='word_1_434' title='bbox 1076 1396 1124 1415; x_wconf 87' lang='grc' dir='ltr'>νοι</span> <span class='ocrx_word' id='word_1_435' title='bbox 1147 1385 1200 1414; x_wconf 86' lang='grc' dir='ltr'>καὶ</span> <span class='ocrx_word' id='word_1_436' title='bbox 1224 1384 1495 1425; x_wconf 78' lang='grc' dir='ltr'><em>συμβιβαζόμενοι</em></span> <span class='ocrx_word' id='word_1_437' title='bbox 1518 1384 1575 1415; x_wconf 76' lang='grc' dir='ltr'>σὺν</span> <span class='ocrx_word' id='word_1_438' title='bbox 1599 1385 1673 1424; x_wconf 80' lang='grc' dir='ltr'><em>ἡμῖν</em></span> <span class='ocrx_word' id='word_1_439' title='bbox 1697 1385 1739 1419; x_wconf 83' lang='grc' dir='ltr'>εἷς</span> <span class='ocrx_word' id='word_1_440' title='bbox 1762 1385 1795 1415; x_wconf 89' lang='grc' dir='ltr'>τὸ</span> <span class='ocrx_word' id='word_1_441' title='bbox 1818 1387 1874 1415; x_wconf 84' lang='grc' dir='ltr'>τοῦ</span> 
     </span>
     <span class='ocr_line' id='line_1_82' title="bbox 1075 1436 1874 1476; baseline 0 -10"><span class='ocrx_word' id='word_1_442' title='bbox 1075 1436 1215 1476; x_wconf 86' lang='grc' dir='ltr'><em>Χριστοῦ</em></span> <span class='ocrx_word' id='word_1_443' title='bbox 1245 1436 1400 1476; x_wconf 77' lang='grc' dir='ltr'><em>πανάγιον</em></span> <span class='ocrx_word' id='word_1_444' title='bbox 1429 1438 1538 1476; x_wconf 82' lang='grc' dir='ltr'><em>σῶμα,</em></span> <span class='ocrx_word' id='word_1_445' title='bbox 1573 1437 1622 1466; x_wconf 78' lang='grc' dir='ltr'>ἵνα</span> <span class='ocrx_word' id='word_1_446' title='bbox 1653 1436 1686 1466; x_wconf 77' lang='grc' dir='ltr'><em>ἓν</em></span> <span class='ocrx_word' id='word_1_447' title='bbox 1713 1439 1757 1476; x_wconf 85' lang='grc' dir='ltr'>τῷ</span> <span class='ocrx_word' id='word_1_448' title='bbox 1788 1436 1874 1476; x_wconf 72' lang='grc' dir='ltr'><em>αὐτῷ</em></span> 
     </span>
     <span class='ocr_line' id='line_1_83' title="bbox 1076 1487 1875 1528; baseline 0.001 -11"><span class='ocrx_word' id='word_1_449' title='bbox 1076 1487 1129 1517; x_wconf 78' lang='grc' dir='ltr'>νοῒ</span> <span class='ocrx_word' id='word_1_450' title='bbox 1156 1487 1209 1517; x_wconf 83' lang='grc' dir='ltr'>καὶ</span> <span class='ocrx_word' id='word_1_451' title='bbox 1237 1488 1269 1518; x_wconf 78' lang='grc' dir='ltr'><em>ἐν</em></span> <span class='ocrx_word' id='word_1_452' title='bbox 1297 1490 1341 1527; x_wconf 80' lang='grc' dir='ltr'>τῷ</span> <span class='ocrx_word' id='word_1_453' title='bbox 1368 1487 1455 1527; x_wconf 80' lang='grc' dir='ltr'><em>αὐτῷ</em></span> <span class='ocrx_word' id='word_1_454' title='bbox 1483 1487 1636 1528; x_wconf 64' lang='grc' dir='ltr'><em>’θελήματι</em></span> <span class='ocrx_word' id='word_1_455' title='bbox 1665 1487 1875 1521; x_wconf 78' lang='grc' dir='ltr'><em>διατελοῦντες</em></span> 
     </span>
     <span class='ocr_line' id='line_1_84' title="bbox 1077 1538 1875 1579; baseline 0 -10"><span class='ocrx_word' id='word_1_456' title='bbox 1077 1539 1265 1578; x_wconf 79' lang='grc' dir='ltr'><em>δοξάζωμεν</em></span> <span class='ocrx_word' id='word_1_457' title='bbox 1286 1538 1341 1569; x_wconf 85' lang='grc' dir='ltr'><em>τὸν</em></span> <span class='ocrx_word' id='word_1_458' title='bbox 1364 1538 1413 1569; x_wconf 78' lang='grc' dir='ltr'><em>ἐπὶ</em></span> <span class='ocrx_word' id='word_1_459' title='bbox 1436 1539 1564 1569; x_wconf 84' lang='grc' dir='ltr'><em>πάντων</em></span> <span class='ocrx_word' id='word_1_460' title='bbox 1588 1539 1665 1569; x_wconf 71' lang='grc' dir='ltr'><em>θεὸν</em></span> <span class='ocrx_word' id='word_1_461' title='bbox 1688 1539 1741 1569; x_wconf 86' lang='grc' dir='ltr'>καὶ</span> <span class='ocrx_word' id='word_1_462' title='bbox 1763 1539 1875 1579; x_wconf 84' lang='grc' dir='ltr'><em>μηδεὶς</em></span> 
     </span>
     <span class='ocr_line' id='line_1_85' title="bbox 1076 1590 1874 1630; baseline 0 -10"><span class='ocrx_word' id='word_1_463' title='bbox 1076 1593 1130 1621; x_wconf 81' lang='grc' dir='ltr'>τοῦ</span> <span class='ocrx_word' id='word_1_464' title='bbox 1153 1590 1265 1621; x_wconf 77' lang='grc' dir='ltr'><em>λοιποῦ</em></span> <span class='ocrx_word' id='word_1_465' title='bbox 1284 1590 1375 1630; x_wconf 76' lang='grc' dir='ltr'><em>λέγῃ.·</em></span> <span class='ocrx_word' id='word_1_466' title='bbox 1398 1590 1499 1630; x_wconf 78' lang='grc' dir='ltr'><em>,,Ἐγὼ</em></span> <span class='ocrx_word' id='word_1_467' title='bbox 1521 1591 1581 1630; x_wconf 85' lang='grc' dir='ltr'>μέν</span> <span class='ocrx_word' id='word_1_468' title='bbox 1598 1591 1659 1630; x_wconf 80' lang='grc' dir='ltr'><em>εἶμι</em></span> <span class='ocrx_word' id='word_1_469' title='bbox 1675 1590 1785 1630; x_wconf 75' lang='grc' dir='ltr'><strong><em>Κηφᾶ,</em></strong></span> <span class='ocrx_word' id='word_1_470' title='bbox 1810 1590 1874 1630; x_wconf 80' lang='grc' dir='ltr'>ἐγὼ</span> 
     </span>
     <span class='ocr_line' id='line_1_86' title="bbox 1077 1640 1874 1681; baseline 0.001 -9"><span class='ocrx_word' id='word_1_471' title='bbox 1077 1642 1111 1672; x_wconf 74' lang='grc' dir='ltr'>δὲ</span> <span class='ocrx_word' id='word_1_472' title='bbox 1124 1641 1268 1676; x_wconf 73' lang='grc' dir='ltr'><em>Παύλου,</em></span> <span class='ocrx_word' id='word_1_473' title='bbox 1285 1641 1349 1681; x_wconf 73' lang='grc' dir='ltr'>ἐγὼ</span> <span class='ocrx_word' id='word_1_474' title='bbox 1368 1641 1403 1672; x_wconf 83' lang='grc' dir='ltr'>δὲ</span> <span class='ocrx_word' id='word_1_475' title='bbox 1415 1642 1590 1677; x_wconf 76' lang='grc' dir='ltr'><em>Ἄπολλώ“,</em></span> <span class='ocrx_word' id='word_1_476' title='bbox 1611 1640 1676 1672; x_wconf 77' lang='grc' dir='ltr'><em>ἀλλ’</em></span> <span class='ocrx_word' id='word_1_477' title='bbox 1690 1642 1738 1672; x_wconf 82' lang='grc' dir='ltr'>ἵνα</span> <span class='ocrx_word' id='word_1_478' title='bbox 1762 1641 1874 1676; x_wconf 83' lang='grc' dir='ltr'><em>πάντες</em></span> 
     </span>
     <span class='ocr_line' id='line_1_87' title="bbox 1075 1692 1874 1733; baseline -0.001 -9"><span class='ocrx_word' id='word_1_479' title='bbox 1075 1696 1166 1724; x_wconf 87' lang='grc' dir='ltr'><em>τοῦτο</em></span> <span class='ocrx_word' id='word_1_480' title='bbox 1183 1693 1335 1732; x_wconf 80' lang='grc' dir='ltr'><em>λέγωμεν,</em></span> <span class='ocrx_word' id='word_1_481' title='bbox 1360 1693 1404 1723; x_wconf 88' lang='grc' dir='ltr'><em>ὅτι</em></span> <span class='ocrx_word' id='word_1_482' title='bbox 1420 1692 1561 1732; x_wconf 82' lang='grc' dir='ltr'><em>Χριστοῦ</em></span> <span class='ocrx_word' id='word_1_483' title='bbox 1582 1693 1675 1733; x_wconf 77' lang='grc' dir='ltr'><em>ε’σμὲν</em></span> <span class='ocrx_word' id='word_1_484' title='bbox 1691 1693 1804 1727; x_wconf 85' lang='grc' dir='ltr'><em>πάντες</em></span> <span class='ocrx_word' id='word_1_485' title='bbox 1820 1696 1874 1723; x_wconf 85' lang='grc' dir='ltr'>τοῦ</span> 
     </span>
     <span class='ocr_line' id='line_1_88' title="bbox 1075 1744 1874 1785; baseline 0 -10"><span class='ocrx_word' id='word_1_486' title='bbox 1075 1745 1318 1784; x_wconf 75' lang='grc' dir='ltr'><em>σταυρωθέντος</em></span> <span class='ocrx_word' id='word_1_487' title='bbox 1341 1744 1395 1774; x_wconf 81' lang='grc' dir='ltr'>καὶ</span> <span class='ocrx_word' id='word_1_488' title='bbox 1418 1744 1640 1779; x_wconf 74' lang='grc' dir='ltr'><em>ἀποθανόντος</em></span> <span class='ocrx_word' id='word_1_489' title='bbox 1663 1745 1742 1784; x_wconf 76' lang='grc' dir='ltr'><em>ὑπὲρ</em></span> <span class='ocrx_word' id='word_1_490' title='bbox 1771 1746 1874 1785; x_wconf 72' lang='grc' dir='ltr'><em>ἡμῶν,</em></span> 
     </span>
     <span class='ocr_line' id='line_1_89' title="bbox 1075 1795 1875 1837; baseline 0 -10"><span class='ocrx_word' id='word_1_491' title='bbox 1075 1799 1129 1827; x_wconf 85' lang='grc' dir='ltr'>τοῦ</span> <span class='ocrx_word' id='word_1_492' title='bbox 1155 1795 1205 1826; x_wconf 80' lang='grc' dir='ltr'><em>διὰ</em></span> <span class='ocrx_word' id='word_1_493' title='bbox 1229 1798 1283 1825; x_wconf 90' lang='grc' dir='ltr'>τοῦ</span> <span class='ocrx_word' id='word_1_494' title='bbox 1307 1795 1436 1830; x_wconf 74' lang='grc' dir='ltr'><em>πάθους</em></span> <span class='ocrx_word' id='word_1_495' title='bbox 1459 1796 1556 1826; x_wconf 69' lang='grc' dir='ltr'><em>αὐτοῦ</em></span> <span class='ocrx_word' id='word_1_496' title='bbox 1577 1797 1875 1837; x_wconf 76' lang='grc' dir='ltr'><em>εἴρηνοποιήσαντος</em></span> 
     </span>
     <span class='ocr_line' id='line_1_90' title="bbox 1074 1847 1874 1897; baseline 0 -19"><span class='ocrx_word' id='word_1_497' title='bbox 1074 1848 1127 1878; x_wconf 81' lang='grc' dir='ltr'>καὶ</span> <span class='ocrx_word' id='word_1_498' title='bbox 1150 1847 1401 1882; x_wconf 81' lang='grc' dir='ltr'><em>καταλλάξαντος</em></span> <span class='ocrx_word' id='word_1_499' title='bbox 1424 1848 1459 1877; x_wconf 85' lang='grc' dir='ltr'>τά</span> <span class='ocrx_word' id='word_1_500' title='bbox 1480 1859 1512 1897; x_wconf 47' lang='grc' dir='ltr'><em>ξε</em></span> <span class='ocrx_word' id='word_1_501' title='bbox 1535 1848 1584 1878; x_wconf 70' lang='grc' dir='ltr'><em>ἐπὶ</em></span> <span class='ocrx_word' id='word_1_502' title='bbox 1607 1851 1660 1887; x_wconf 77' lang='grc' dir='ltr'><em>τῆς</em></span> <span class='ocrx_word' id='word_1_503' title='bbox 1684 1851 1740 1888; x_wconf 77' lang='grc' dir='ltr'><em>γῆς</em></span> <span class='ocrx_word' id='word_1_504' title='bbox 1763 1847 1815 1878; x_wconf 82' lang='grc' dir='ltr'>καὶ</span> <span class='ocrx_word' id='word_1_505' title='bbox 1838 1848 1874 1878; x_wconf 81' lang='grc' dir='ltr'>τὰ</span> 
     </span>
     <span class='ocr_line' id='line_1_91' title="bbox 1075 1898 1875 1939; baseline -0.001 -9"><span class='ocrx_word' id='word_1_506' title='bbox 1075 1900 1108 1930; x_wconf 79' lang='grc' dir='ltr'><em>ἒν</em></span> <span class='ocrx_word' id='word_1_507' title='bbox 1136 1903 1199 1933; x_wconf 85' lang='grc' dir='ltr'><em>τοῖς</em></span> <span class='ocrx_word' id='word_1_508' title='bbox 1227 1899 1375 1938; x_wconf 69' lang='grc' dir='ltr'><em>οῖ’ρανοῒς</em></span> <span class='ocrx_word' id='word_1_509' title='bbox 1401 1899 1454 1929; x_wconf 83' lang='grc' dir='ltr'>καὶ</span> <span class='ocrx_word' id='word_1_510' title='bbox 1483 1898 1684 1938; x_wconf 74' lang='grc' dir='ltr'><em>συνάψαντος</em></span> <span class='ocrx_word' id='word_1_511' title='bbox 1710 1900 1795 1939; x_wconf 79' lang='grc' dir='ltr'><em>ἡμᾶς</em></span> <span class='ocrx_word' id='word_1_512' title='bbox 1821 1899 1875 1929; x_wconf 74' lang='grc' dir='ltr'><em>καὶ,</em></span> 
     </span>
     <span class='ocr_line' id='line_1_92' title="bbox 1075 1950 1873 1991; baseline -0.001 -10"><span class='ocrx_word' id='word_1_513' title='bbox 1075 1951 1290 1991; x_wconf 83' lang='grc' dir='ltr'><em>συνδήσαντος</em></span> <span class='ocrx_word' id='word_1_514' title='bbox 1321 1950 1359 1981; x_wconf 74' lang='grc' dir='ltr'><em>δι’</em></span> <span class='ocrx_word' id='word_1_515' title='bbox 1390 1951 1503 1981; x_wconf 81' lang='grc' dir='ltr'><em>ἑαυτοῦ</em></span> <span class='ocrx_word' id='word_1_516' title='bbox 1531 1953 1575 1989; x_wconf 85' lang='grc' dir='ltr'>τῷ</span> <span class='ocrx_word' id='word_1_517' title='bbox 1603 1952 1672 1990; x_wconf 73' lang='grc' dir='ltr'><em>θεῷ</em></span> <span class='ocrx_word' id='word_1_518' title='bbox 1701 1951 1754 1980; x_wconf 85' lang='grc' dir='ltr'>καὶ</span> <span class='ocrx_word' id='word_1_519' title='bbox 1780 1950 1873 1990; x_wconf 83' lang='grc' dir='ltr'><em>πατρὶ</em></span> 
     </span>
     <span class='ocr_line' id='line_1_93' title="bbox 1074 2002 1873 2043; baseline -0.001 -10"><span class='ocrx_word' id='word_1_520' title='bbox 1074 2003 1127 2033; x_wconf 87' lang='grc' dir='ltr'>καὶ</span> <span class='ocrx_word' id='word_1_521' title='bbox 1156 2006 1191 2043; x_wconf 77' lang='grc' dir='ltr'>τῇ</span> <span class='ocrx_word' id='word_1_522' title='bbox 1218 2002 1300 2041; x_wconf 85' lang='grc' dir='ltr'><em>πρὸς</em></span> <span class='ocrx_word' id='word_1_523' title='bbox 1323 2002 1477 2041; x_wconf 74' lang='grc' dir='ltr'><em>ἀλλήλους</em></span> <span class='ocrx_word' id='word_1_524' title='bbox 1500 2002 1606 2042; x_wconf 75' lang='grc' dir='ltr'><em>ἀγάπῃ</em></span> <span class='ocrx_word' id='word_1_525' title='bbox 1631 2002 1683 2032; x_wconf 85' lang='grc' dir='ltr'>καὶ</span> <span class='ocrx_word' id='word_1_526' title='bbox 1713 2002 1873 2041; x_wconf 75' lang='grc' dir='ltr'><em>κοινωνίᾳ.</em></span> 
     </span>
    </p>

    <p class='ocr_par' dir='ltr' id='par_1_17' title="bbox 1073 2052 1874 2557">
     <span class='ocr_line' id='line_1_94' title="bbox 1134 2052 1874 2093; baseline -0.001 -9"><span class='ocrx_word' id='word_1_527' title='bbox 1134 2054 1211 2084; x_wconf 85' lang='grc' dir='ltr'><em>Ἐὰν</em></span> <span class='ocrx_word' id='word_1_528' title='bbox 1245 2054 1279 2084; x_wconf 81' lang='grc' dir='ltr'>δὲ</span> <span class='ocrx_word' id='word_1_529' title='bbox 1312 2054 1406 2093; x_wconf 44' lang='grc' dir='ltr'><em>’ὗΙιιῶν</em></span> <span class='ocrx_word' id='word_1_530' title='bbox 1440 2053 1643 2092; x_wconf 73' lang='grc' dir='ltr'><em>συναγόντων</em></span> <span class='ocrx_word' id='word_1_531' title='bbox 1673 2052 1787 2086; x_wconf 69' lang='grc' dir='ltr'><em>αὐτοὺς</em></span> <span class='ocrx_word' id='word_1_532' title='bbox 1820 2053 1874 2083; x_wconf 82' lang='grc' dir='ltr'>καὶ</span> 
     </span>
     <span class='ocr_line' id='line_1_95' title="bbox 1074 2104 1874 2145; baseline -0.004 -8"><span class='ocrx_word' id='word_1_533' title='bbox 1074 2106 1370 2145; x_wconf 75' lang='grc' dir='ltr'><em>προσκαλουμένων</em></span> <span class='ocrx_word' id='word_1_534' title='bbox 1421 2105 1691 2145; x_wconf 76' lang='grc' dir='ltr'><em>προτρεπομένων</em></span> <span class='ocrx_word' id='word_1_535' title='bbox 1740 2116 1770 2135; x_wconf 89' lang='grc' dir='ltr'>τε</span> <span class='ocrx_word' id='word_1_536' title='bbox 1821 2104 1874 2134; x_wconf 88' lang='grc' dir='ltr'>καὶ</span> 
     </span>
     <span class='ocr_line' id='line_1_96' title="bbox 1073 2155 1872 2196; baseline -0.003 -9"><span class='ocrx_word' id='word_1_537' title='bbox 1073 2157 1348 2196; x_wconf 71' lang='grc' dir='ltr'><em>παρακαλούντων</em></span> <span class='ocrx_word' id='word_1_538' title='bbox 1383 2157 1425 2190; x_wconf 83' lang='grc' dir='ltr'>εἷς</span> <span class='ocrx_word' id='word_1_539' title='bbox 1455 2156 1510 2196; x_wconf 75' lang='grc' dir='ltr'><em>τὴν</em></span> <span class='ocrx_word' id='word_1_540' title='bbox 1539 2157 1651 2186; x_wconf 79' lang='grc' dir='ltr'><em>ἕνωσιν</em></span> <span class='ocrx_word' id='word_1_541' title='bbox 1680 2159 1733 2195; x_wconf 86' lang='grc' dir='ltr'><em>τῆς</em></span> <span class='ocrx_word' id='word_1_542' title='bbox 1760 2155 1872 2195; x_wconf 73' lang='grc' dir='ltr'><em>ἔκκλη-</em></span> 
     </span>
     <span class='ocr_line' id='line_1_97' title="bbox 1074 2206 1873 2249; baseline -0.004 -10"><span class='ocrx_word' id='word_1_543' title='bbox 1074 2209 1142 2243; x_wconf 86' lang='grc' dir='ltr'><em>σίας</em></span> <span class='ocrx_word' id='word_1_544' title='bbox 1165 2208 1424 2249; x_wconf 74' lang='grc' dir='ltr'><em>συμβιβασῧῆναι</em></span> <span class='ocrx_word' id='word_1_545' title='bbox 1448 2208 1521 2247; x_wconf 72' lang='grc' dir='ltr'><em>ὑμῖν</em></span> <span class='ocrx_word' id='word_1_546' title='bbox 1546 2207 1604 2247; x_wconf 81' lang='grc' dir='ltr'>οὐχ</span> <span class='ocrx_word' id='word_1_547' title='bbox 1629 2207 1714 2242; x_wconf 79' lang='grc' dir='ltr'><em>ἅπαξ</em></span> <span class='ocrx_word' id='word_1_548' title='bbox 1737 2206 1789 2237; x_wconf 87' lang='grc' dir='ltr'>καὶ</span> <span class='ocrx_word' id='word_1_549' title='bbox 1818 2207 1873 2241; x_wconf 73' lang='grc' dir='ltr'><em>δὶς,</em></span> 
     </span>
     <span class='ocr_line' id='line_1_98' title="bbox 1075 2259 1872 2299; baseline -0.001 -9"><span class='ocrx_word' id='word_1_550' title='bbox 1075 2260 1151 2290; x_wconf 81' lang='grc' dir='ltr'><em>ἀλλὰ</em></span> <span class='ocrx_word' id='word_1_551' title='bbox 1176 2260 1229 2290; x_wconf 83' lang='grc' dir='ltr'>καὶ</span> <span class='ocrx_word' id='word_1_552' title='bbox 1251 2259 1402 2293; x_wconf 83' lang='grc' dir='ltr'><em>πολλάκις</em></span> <span class='ocrx_word' id='word_1_553' title='bbox 1424 2259 1468 2299; x_wconf 79' lang='grc' dir='ltr'><em>μὴ</em></span> <span class='ocrx_word' id='word_1_554' title='bbox 1493 2259 1700 2299; x_wconf 77' lang='grc' dir='ltr'><em>βουληθῶσιν</em></span> <span class='ocrx_word' id='word_1_555' title='bbox 1717 2259 1790 2299; x_wconf 77' lang='grc' dir='ltr'><em>ὑμῖν</em></span> <span class='ocrx_word' id='word_1_556' title='bbox 1813 2259 1872 2289; x_wconf 71' lang='lat' dir='ltr'>ivn—</span> 
     </span>
     <span class='ocr_line' id='line_1_99' title="bbox 1075 2310 1872 2351; baseline -0.004 -9"><span class='ocrx_word' id='word_1_557' title='bbox 1075 2314 1210 2342; x_wconf 83' lang='grc' dir='ltr'><em>ακοῦσαι</em></span> <span class='ocrx_word' id='word_1_558' title='bbox 1232 2312 1310 2351; x_wconf 84' lang='grc' dir='ltr'><em>μήτε</em></span> <span class='ocrx_word' id='word_1_559' title='bbox 1326 2314 1390 2345; x_wconf 83' lang='grc' dir='ltr'><em>τοῖς</em></span> <span class='ocrx_word' id='word_1_560' title='bbox 1412 2311 1576 2351; x_wconf 82' lang='grc' dir='ltr'><em>ἡμετέροις</em></span> <span class='ocrx_word' id='word_1_561' title='bbox 1599 2310 1762 2350; x_wconf 74' lang='grc' dir='ltr'><em>γράμμασι,</em></span> <span class='ocrx_word' id='word_1_562' title='bbox 1782 2310 1872 2340; x_wconf 72' lang='grc' dir='ltr'><em>πειθ-</em></span> 
     </span>
     <span class='ocr_line' id='line_1_100' title="bbox 1075 2362 1871 2403; baseline -0.003 -10"><span class='ocrx_word' id='word_1_563' title='bbox 1075 2366 1211 2403; x_wconf 82' lang='grc' dir='ltr'><em>αρχῆσαι</em></span> <span class='ocrx_word' id='word_1_564' title='bbox 1239 2362 1292 2393; x_wconf 81' lang='grc' dir='ltr'>καὶ</span> <span class='ocrx_word' id='word_1_565' title='bbox 1319 2362 1374 2402; x_wconf 77' lang='grc' dir='ltr'><em>τὴν</em></span> <span class='ocrx_word' id='word_1_566' title='bbox 1398 2362 1515 2393; x_wconf 78' lang='grc' dir='ltr'><em>οἰκείαν</em></span> <span class='ocrx_word' id='word_1_567' title='bbox 1542 2362 1779 2401; x_wconf 71' lang='grc' dir='ltr'><em>καρπώσασθαι</em></span> <span class='ocrx_word' id='word_1_568' title='bbox 1807 2373 1871 2392; x_wconf 94' lang='grc' dir='ltr'><em>σω-</em></span> 
     </span>
     <span class='ocr_line' id='line_1_101' title="bbox 1076 2413 1872 2454; baseline -0.003 -10"><span class='ocrx_word' id='word_1_569' title='bbox 1076 2415 1194 2454; x_wconf 81' lang='grc' dir='ltr'><em>τηρίαν,</em></span> <span class='ocrx_word' id='word_1_570' title='bbox 1222 2414 1286 2444; x_wconf 80' lang='grc' dir='ltr'><em>ἀλλ’</em></span> <span class='ocrx_word' id='word_1_571' title='bbox 1304 2414 1337 2444; x_wconf 79' lang='grc' dir='ltr'><em>ἓν</em></span> <span class='ocrx_word' id='word_1_572' title='bbox 1360 2417 1396 2454; x_wconf 79' lang='grc' dir='ltr'>τῇ</span> <span class='ocrx_word' id='word_1_573' title='bbox 1419 2413 1557 2453; x_wconf 82' lang='grc' dir='ltr'><em>προτέρᾳ</em></span> <span class='ocrx_word' id='word_1_574' title='bbox 1587 2413 1692 2443; x_wconf 72' lang='grc' dir='ltr'><em>αὐτῶν</em></span> <span class='ocrx_word' id='word_1_575' title='bbox 1716 2413 1872 2452; x_wconf 71' lang='grc' dir='ltr'><em>αὐθαδείᾳ</em></span> 
     </span>
     <span class='ocr_line' id='line_1_102' title="bbox 1075 2464 1873 2505; baseline -0.003 -9"><span class='ocrx_word' id='word_1_576' title='bbox 1075 2466 1128 2496; x_wconf 83' lang='grc' dir='ltr'>καὶ</span> <span class='ocrx_word' id='word_1_577' title='bbox 1144 2466 1310 2505; x_wconf 77' lang='grc' dir='ltr'><em>ἀλαζονείᾳ</em></span> <span class='ocrx_word' id='word_1_578' title='bbox 1328 2465 1538 2505; x_wconf 80' lang='grc' dir='ltr'><em>διαμείνωσιν,</em></span> <span class='ocrx_word' id='word_1_579' title='bbox 1555 2464 1685 2498; x_wconf 82' lang='grc' dir='ltr'><em>τούτους</em></span> <span class='ocrx_word' id='word_1_580' title='bbox 1703 2464 1873 2503; x_wconf 78' lang='grc' dir='ltr'><em>κελεύομεν</em></span> 
     </span>
     <span class='ocr_line' id='line_1_103' title="bbox 1074 2515 1873 2557; baseline -0.003 -10"><span class='ocrx_word' id='word_1_581' title='bbox 1074 2520 1129 2557; x_wconf 84' lang='grc' dir='ltr'><em>τῆς</em></span> <span class='ocrx_word' id='word_1_582' title='bbox 1152 2517 1310 2557; x_wconf 83' lang='grc' dir='ltr'><em>ἀχράντου</em></span> <span class='ocrx_word' id='word_1_583' title='bbox 1334 2516 1544 2556; x_wconf 74' lang='grc' dir='ltr'><em>μεταλήψεως</em></span> <span class='ocrx_word' id='word_1_584' title='bbox 1566 2518 1621 2546; x_wconf 81' lang='grc' dir='ltr'>τοῦ</span> <span class='ocrx_word' id='word_1_585' title='bbox 1645 2516 1793 2555; x_wconf 81' lang='grc' dir='ltr'><em>σώματος</em></span> <span class='ocrx_word' id='word_1_586' title='bbox 1820 2515 1873 2545; x_wconf 86' lang='grc' dir='ltr'>καὶ</span> 
     </span>
    </p>
   </div>
   <div class='ocr_carea' id='block_1_16' title="bbox 780 2579 1763 2588">
    <p class='ocr_par' dir='ltr' id='par_1_18' title="bbox 780 2579 1763 2588">
     <span class='ocr_line' id='line_1_104' title="bbox 780 2579 1763 2588; baseline 0 0"><span class='ocrx_word' id='word_1_587' title='bbox 780 2579 1763 2588; x_wconf 95' lang='lat' dir='ltr'> </span> 
     </span>
    </p>
   </div>
   <div class='ocr_carea' id='block_1_17' title="bbox 328 2624 592 2657">
    <p class='ocr_par' dir='ltr' id='par_1_19' title="bbox 328 2624 592 2657">
     <span class='ocr_line' id='line_1_105' title="bbox 328 2624 592 2657; baseline -0.004 -7"><span class='ocrx_word' id='word_1_588' title='bbox 328 2625 351 2657; x_wconf 69' lang='lat'>²)</span> <span class='ocrx_word' id='word_1_589' title='bbox 370 2634 423 2650; x_wconf 75' lang='lat' dir='ltr'>rae.</span> <span class='ocrx_word' id='word_1_590' title='bbox 442 2626 470 2650; x_wconf 81' lang='lat' dir='ltr'>in</span> <span class='ocrx_word' id='word_1_591' title='bbox 487 2626 542 2657; x_wconf 75' lang='lat' dir='ltr'>fine</span> <span class='ocrx_word' id='word_1_592' title='bbox 561 2624 592 2649; x_wconf 82' lang='lat' dir='ltr'>R.</span> 
     </span>
    </p>
   </div>
   <div class='ocr_carea' id='block_1_18' title="bbox 220 2666 1022 2700">
    <p class='ocr_par' dir='ltr' id='par_1_20' title="bbox 220 2666 1022 2700">
     <span class='ocr_line' id='line_1_106' title="bbox 220 2666 1022 2700; baseline 0 -8"><span class='ocrx_word' id='word_1_593' title='bbox 220 2667 243 2699; x_wconf 77' lang='grc' dir='ltr'>θ)</span> <span class='ocrx_word' id='word_1_594' title='bbox 263 2677 329 2693; x_wconf 80' lang='lat' dir='ltr'>corr.</span> <span class='ocrx_word' id='word_1_595' title='bbox 343 2677 373 2693; x_wconf 79' lang='lat' dir='ltr'>ex</span> <span class='ocrx_word' id='word_1_596' title='bbox 392 2669 492 2700; x_wconf 84' lang='lat' dir='ltr'>privare</span> <span class='ocrx_word' id='word_1_597' title='bbox 512 2668 548 2692; x_wconf 81' lang='lat' dir='ltr'>al.</span> <span class='ocrx_word' id='word_1_598' title='bbox 562 2676 632 2692; x_wconf 77' lang='lat' dir='ltr'>man.</span> <span class='ocrx_word' id='word_1_599' title='bbox 651 2667 682 2691; x_wconf 79' lang='lat' dir='ltr'>R,</span> <span class='ocrx_word' id='word_1_600' title='bbox 770 2666 790 2698; x_wconf 79' lang='lat' dir='ltr'>f)</span> <span class='ocrx_word' id='word_1_601' title='bbox 810 2676 877 2692; x_wconf 80' lang='lat' dir='ltr'>corr.</span> <span class='ocrx_word' id='word_1_602' title='bbox 890 2676 920 2692; x_wconf 79' lang='lat' dir='ltr'>ex</span> <span class='ocrx_word' id='word_1_603' title='bbox 939 2668 971 2692; x_wconf 86' lang='lat' dir='ltr'>ad</span> <span class='ocrx_word' id='word_1_604' title='bbox 990 2667 1022 2692; x_wconf 79' lang='lat' dir='ltr'>R.</span> 
     </span>
    </p>
   </div>
   <div class='ocr_carea' id='block_1_19' title="bbox 692 2623 1078 2655">
    <p class='ocr_par' dir='ltr' id='par_1_21' title="bbox 692 2623 1078 2655">
     <span class='ocr_line' id='line_1_107' title="bbox 692 2623 1078 2655; baseline 0 -6"><span class='ocrx_word' id='word_1_605' title='bbox 692 2623 716 2655; x_wconf 77' lang='lat' dir='ltr'>b)</span> <span class='ocrx_word' id='word_1_606' title='bbox 740 2625 786 2649; x_wconf 82' lang='lat' dir='ltr'>filii</span> <span class='ocrx_word' id='word_1_607' title='bbox 808 2633 875 2649; x_wconf 84' lang='lat' dir='ltr'>corr.</span> <span class='ocrx_word' id='word_1_608' title='bbox 894 2633 924 2649; x_wconf 65' lang='grc' dir='ltr'>επ</span> <span class='ocrx_word' id='word_1_609' title='bbox 946 2625 1027 2649; x_wconf 89' lang='lat' dir='ltr'>filium</span> <span class='ocrx_word' id='word_1_610' title='bbox 1046 2624 1078 2649; x_wconf 80' lang='lat' dir='ltr'>R.</span> 
     </span>
    </p>
   </div>
   <div class='ocr_carea' id='block_1_20' title="bbox 1179 2620 1871 2656">
    <p class='ocr_par' dir='ltr' id='par_1_22' title="bbox 1179 2620 1871 2656">
     <span class='ocr_line' id='line_1_108' title="bbox 1179 2620 1871 2656; baseline -0.003 -8"><span class='ocrx_word' id='word_1_611' title='bbox 1179 2623 1201 2655; x_wconf 87' lang='lat' dir='ltr'>c)</span> <span class='ocrx_word' id='word_1_612' title='bbox 1224 2624 1393 2656; x_wconf 80' lang='lat' dir='ltr'>patriarcham</span> <span class='ocrx_word' id='word_1_613' title='bbox 1413 2623 1444 2646; x_wconf 78' lang='lat' dir='ltr'>R.</span> <span class='ocrx_word' id='word_1_614' title='bbox 1546 2621 1570 2653; x_wconf 85' lang='lat' dir='ltr'>d)</span> <span class='ocrx_word' id='word_1_615' title='bbox 1590 2630 1656 2647; x_wconf 75' lang='lat' dir='ltr'>corr.</span> <span class='ocrx_word' id='word_1_616' title='bbox 1675 2630 1705 2646; x_wconf 64' lang='grc' dir='ltr'><em>εει*</em></span> <span class='ocrx_word' id='word_1_617' title='bbox 1727 2629 1821 2652; x_wconf 87' lang='lat' dir='ltr'>eosque</span> <span class='ocrx_word' id='word_1_618' title='bbox 1840 2620 1871 2646; x_wconf 77' lang='lat' dir='ltr'>R.</span> 
     </span>
    </p>
   </div>
   <div class='ocr_carea' id='block_1_21' title="bbox 326 2738 1870 2776">
    <p class='ocr_par' dir='ltr' id='par_1_23' title="bbox 326 2738 1870 2776">
     <span class='ocr_line' id='line_1_109' title="bbox 326 2738 1870 2776; baseline -0.004 -8"><span class='ocrx_word' id='word_1_619' title='bbox 326 2744 350 2775; x_wconf 92' lang='lat' dir='ltr'>l)</span> <span class='ocrx_word' id='word_1_620' title='bbox 372 2743 442 2776; x_wconf 75' lang='lat' dir='ltr'>Quos</span> <span class='ocrx_word' id='word_1_621' title='bbox 462 2743 573 2768; x_wconf 72' lang='lat' dir='ltr'>Photius</span> <span class='ocrx_word' id='word_1_622' title='bbox 593 2745 654 2775; x_wconf 80' lang='lat' dir='ltr'>post</span> <span class='ocrx_word' id='word_1_623' title='bbox 677 2742 874 2768; x_wconf 75' lang='lat' dir='ltr'>restitutionem</span> <span class='ocrx_word' id='word_1_624' title='bbox 892 2749 969 2767; x_wconf 79' lang='lat' dir='ltr'>suam</span> <span class='ocrx_word' id='word_1_625' title='bbox 992 2750 1017 2768; x_wconf 85' lang='grc' dir='ltr'>α.</span> <span class='ocrx_word' id='word_1_626' title='bbox 1033 2744 1082 2768; x_wconf 80' lang='grc'>877</span> <span class='ocrx_word' id='word_1_627' title='bbox 1099 2742 1181 2767; x_wconf 74' lang='lat' dir='ltr'>variis</span> <span class='ocrx_word' id='word_1_628' title='bbox 1199 2742 1325 2773; x_wconf 74' lang='lat' dir='ltr'>affecerat</span> <span class='ocrx_word' id='word_1_629' title='bbox 1344 2740 1583 2774; x_wconf 72' lang='lat' dir='ltr'>persecutionibus,</span> <span class='ocrx_word' id='word_1_630' title='bbox 1610 2740 1644 2772; x_wconf 81' lang='lat' dir='ltr'>cf.</span> <span class='ocrx_word' id='word_1_631' title='bbox 1665 2739 1772 2765; x_wconf 74' lang='lat' dir='ltr'>Nicetae</span> <span class='ocrx_word' id='word_1_632' title='bbox 1789 2738 1870 2764; x_wconf 75' lang='lat' dir='ltr'>vitam</span> 
     </span>
    </p>
   </div>
   <div class='ocr_carea' id='block_1_22' title="bbox 221 2785 638 2818">
    <p class='ocr_par' dir='ltr' id='par_1_24' title="bbox 221 2785 638 2818">
     <span class='ocr_line' id='line_1_110' title="bbox 221 2785 638 2818; baseline 0.005 -8"><span class='ocrx_word' id='word_1_633' title='bbox 221 2785 325 2818; x_wconf 69' lang='lat' dir='ltr'>Ignatii</span> <span class='ocrx_word' id='word_1_634' title='bbox 344 2785 451 2818; x_wconf 76' lang='lat' dir='ltr'>(Mansi</span> <span class='ocrx_word' id='word_1_635' title='bbox 469 2785 549 2818; x_wconf 89' lang='lat' dir='ltr'>XVI,</span> <span class='ocrx_word' id='word_1_636' title='bbox 570 2785 638 2818; x_wconf 75' lang='lat'><em>23⁶).</em></span> 
     </span>
    </p>
   </div>
  </div>
 </body>
</html>
