<?xml version="1.0" encoding="UTF-8"?>
<!DOCTYPE html PUBLIC "-//W3C//DTD XHTML 1.0 Transitional//EN"
    "http://www.w3.org/TR/xhtml1/DTD/xhtml1-transitional.dtd">
<html xmlns="http://www.w3.org/1999/xhtml" xml:lang="en" lang="en">
 <head>
  <title>
</title>
<meta http-equiv="Content-Type" content="text/html;charset=utf-8" />
  <meta name='ocr-system' content='tesseract 3.04.00' />
  <meta name='ocr-capabilities' content='ocr_page ocr_carea ocr_par ocr_line ocrx_word'/>
</head>
<body>
  <div class='ocr_page' id='page_1' title='image "./monumentagerman07geseuoft_0461.png"; bbox 0 0 2189 3042; ppageno 0'>
   <div class='ocr_carea' id='block_1_1' title="bbox 113 759 137 777">
    <p class='ocr_par' dir='ltr' id='par_1_1' title="bbox 113 759 137 777">
     <span class='ocr_line' id='line_1_1' title="bbox 113 759 137 777; baseline -0.042 0"><span class='ocrx_word' id='word_1_1' title='bbox 113 759 137 777; x_wconf 86' lang='lat'>10</span> 
     </span>
    </p>
   </div>
   <div class='ocr_carea' id='block_1_2' title="bbox 110 1016 135 1034">
    <p class='ocr_par' dir='ltr' id='par_1_2' title="bbox 110 1016 135 1034">
     <span class='ocr_line' id='line_1_2' title="bbox 110 1016 135 1034; baseline -0.04 0"><span class='ocrx_word' id='word_1_2' title='bbox 110 1016 135 1034; x_wconf 83' lang='lat'>15</span> 
     </span>
    </p>
   </div>
   <div class='ocr_carea' id='block_1_3' title="bbox 111 1272 136 1291">
    <p class='ocr_par' dir='ltr' id='par_1_3' title="bbox 111 1272 136 1291">
     <span class='ocr_line' id='line_1_3' title="bbox 111 1272 136 1291; baseline -0.04 0"><span class='ocrx_word' id='word_1_3' title='bbox 111 1272 136 1291; x_wconf 79' lang='lat'>20</span> 
     </span>
    </p>
   </div>
   <div class='ocr_carea' id='block_1_4' title="bbox 111 1530 135 1549">
    <p class='ocr_par' dir='ltr' id='par_1_4' title="bbox 111 1530 135 1549">
     <span class='ocr_line' id='line_1_4' title="bbox 111 1530 135 1549; baseline 0 0"><span class='ocrx_word' id='word_1_4' title='bbox 111 1530 135 1549; x_wconf 74' lang='lat'>2⁵</span> 
     </span>
    </p>
   </div>
   <div class='ocr_carea' id='block_1_5' title="bbox 109 1787 134 1806">
    <p class='ocr_par' dir='ltr' id='par_1_5' title="bbox 109 1787 134 1806">
     <span class='ocr_line' id='line_1_5' title="bbox 109 1787 134 1806; baseline -0.04 0"><span class='ocrx_word' id='word_1_5' title='bbox 109 1787 134 1806; x_wconf 76' lang='lat'>30</span> 
     </span>
    </p>
   </div>
   <div class='ocr_carea' id='block_1_6' title="bbox 109 2044 133 2063">
    <p class='ocr_par' dir='ltr' id='par_1_6' title="bbox 109 2044 133 2063">
     <span class='ocr_line' id='line_1_6' title="bbox 109 2044 133 2063; baseline 0.083 -2"><span class='ocrx_word' id='word_1_6' title='bbox 109 2044 133 2063; x_wconf 78' lang='lat'>³5</span> 
     </span>
    </p>
   </div>
   <div class='ocr_carea' id='block_1_7' title="bbox 108 2448 133 2466">
    <p class='ocr_par' dir='ltr' id='par_1_7' title="bbox 108 2448 133 2466">
     <span class='ocr_line' id='line_1_7' title="bbox 108 2448 133 2466; baseline 0 0"><span class='ocrx_word' id='word_1_7' title='bbox 108 2448 133 2466; x_wconf 73' lang='lat'>⁴0</span> 
     </span>
    </p>
   </div>
   <div class='ocr_carea' id='block_1_8' title="bbox 109 2715 134 2734">
    <p class='ocr_par' dir='ltr' id='par_1_8' title="bbox 109 2715 134 2734">
     <span class='ocr_line' id='line_1_8' title="bbox 109 2715 134 2734; baseline -0.04 0"><span class='ocrx_word' id='word_1_8' title='bbox 109 2715 134 2734; x_wconf 76' lang='lat'>45</span> 
     </span>
    </p>
   </div>
   <div class='ocr_carea' id='block_1_9' title="bbox 413 158 1816 211">
    <p class='ocr_par' dir='ltr' id='par_1_9' title="bbox 413 158 1816 211">
     <span class='ocr_line' id='line_1_9' title="bbox 413 158 1816 211; baseline 0.001 -7"><span class='ocrx_word' id='word_1_9' title='bbox 413 158 605 204; x_wconf 61' lang='lat' dir='ltr'>ANASTASII</span> <span class='ocrx_word' id='word_1_10' title='bbox 626 177 923 205; x_wconf 83' lang='lat' dir='ltr'><strong>BIBLIOTHEOARH</strong></span> <span class='ocrx_word' id='word_1_11' title='bbox 943 178 1142 206; x_wconf 76' lang='lat' dir='ltr'><strong>EPISTOLAE</strong></span> <span class='ocrx_word' id='word_1_12' title='bbox 1161 177 1240 206; x_wconf 76' lang='lat' dir='ltr'>SIVE</span> <span class='ocrx_word' id='word_1_13' title='bbox 1260 178 1538 205; x_wconf 73' lang='lat' dir='ltr'>PRAEFATIONES</span> <span class='ocrx_word' id='word_1_14' title='bbox 1557 179 1580 205; x_wconf 91' lang='lat'>9.</span> <span class='ocrx_word' id='word_1_15' title='bbox 1754 180 1816 211; x_wconf 81' lang='grc'>423</span> 
     </span>
    </p>
   </div>
   <div class='ocr_carea' id='block_1_10' title="bbox 162 263 1819 426">
    <p class='ocr_par' dir='ltr' id='par_1_10' title="bbox 162 263 1819 426">
     <span class='ocr_line' id='line_1_10' title="bbox 268 263 1819 298; baseline 0.001 -8"><span class='ocrx_word' id='word_1_16' title='bbox 268 264 356 290; x_wconf 53' lang='lat' dir='ltr'>Eece.-</span> <span class='ocrx_word' id='word_1_17' title='bbox 386 263 544 290; x_wconf 75' lang='lat' dir='ltr'>Sirmcmdus</span> <span class='ocrx_word' id='word_1_18' title='bbox 569 264 712 290; x_wconf 58' lang='lat' dir='ltr'>Anastasia·</span> <span class='ocrx_word' id='word_1_19' title='bbox 738 264 929 291; x_wconf 74' lang='lat' dir='ltr'><em>bibliothecarii</em></span> <span class='ocrx_word' id='word_1_20' title='bbox 955 265 1024 292; x_wconf 72' lang='lat' dir='ltr'>seclis</span> <span class='ocrx_word' id='word_1_21' title='bbox 1051 264 1210 298; x_wconf 69' lang='lat' dir='ltr'>apostolieae</span> <span class='ocrx_word' id='word_1_22' title='bbox 1237 265 1393 290; x_wconf 77' lang='lat' dir='ltr'>collectanea</span> <span class='ocrx_word' id='word_1_23' title='bbox 1430 266 1518 297; x_wconf 82' lang='lat'><em>(1620)</em></span> <span class='ocrx_word' id='word_1_24' title='bbox 1541 273 1570 298; x_wconf 72' lang='lat' dir='ltr'>p.</span> <span class='ocrx_word' id='word_1_25' title='bbox 1591 270 1603 291; x_wconf 92' lang='lat'><em>1</em></span> <span class='ocrx_word' id='word_1_26' title='bbox 1627 277 1658 288; x_wconf 85' lang='lat'>=</span> <span class='ocrx_word' id='word_1_27' title='bbox 1684 265 1819 292; x_wconf 74' lang='lat' dir='ltr'>Sirmonoli</span> 
     </span>
     <span class='ocr_line' id='line_1_11' title="bbox 167 305 1818 341; baseline 0.002 -9"><span class='ocrx_word' id='word_1_28' title='bbox 167 307 253 340; x_wconf 76' lang='lat' dir='ltr'>Opera</span> <span class='ocrx_word' id='word_1_29' title='bbox 279 307 356 333; x_wconf 70' lang='lat' dir='ltr'>varia</span> <span class='ocrx_word' id='word_1_30' title='bbox 373 312 395 334; x_wconf 93' lang='grc'>].</span> <span class='ocrx_word' id='word_1_31' title='bbox 407 306 446 333; x_wconf 79' lang='lat' dir='ltr'>ed.</span> <span class='ocrx_word' id='word_1_32' title='bbox 466 305 566 340; x_wconf 69' lang='lat' dir='ltr'>(Paris.</span> <span class='ocrx_word' id='word_1_33' title='bbox 582 308 657 340; x_wconf 82' lang='grc'><em>1696)</em></span> <span class='ocrx_word' id='word_1_34' title='bbox 677 307 791 340; x_wconf 80' lang='grc' dir='ltr'><em>1ΙῙ,467</em></span> <span class='ocrx_word' id='word_1_35' title='bbox 809 320 838 330; x_wconf 87' lang='lat'><strong><em>=</em></strong></span> <span class='ocrx_word' id='word_1_36' title='bbox 861 310 883 334; x_wconf 80' lang='lat'>2.</span> <span class='ocrx_word' id='word_1_37' title='bbox 900 307 939 335; x_wconf 80' lang='lat' dir='ltr'>ed.</span> <span class='ocrx_word' id='word_1_38' title='bbox 957 307 1089 341; x_wconf 71' lang='lat' dir='ltr'>(Vemtii&#39;s</span> <span class='ocrx_word' id='word_1_39' title='bbox 1110 309 1187 340; x_wconf 73' lang='grc'><em>1728)</em></span> <span class='ocrx_word' id='word_1_40' title='bbox 1207 307 1261 339; x_wconf 78' lang='grc' dir='ltr'><em>ΙΙΙ,</em></span> <span class='ocrx_word' id='word_1_41' title='bbox 1275 311 1320 333; x_wconf 73' lang='grc'><em>291</em></span> <span class='ocrx_word' id='word_1_42' title='bbox 1338 319 1370 328; x_wconf 74' lang='lat' dir='ltr'><em>z</em></span> <span class='ocrx_word' id='word_1_43' title='bbox 1387 307 1509 333; x_wconf 74' lang='lat' dir='ltr'>Maxima</span> <span class='ocrx_word' id='word_1_44' title='bbox 1531 308 1684 334; x_wconf 74' lang='lat' dir='ltr'><em>bibliotheca</em></span> <span class='ocrx_word' id='word_1_45' title='bbox 1702 312 1818 335; x_wconf 74' lang='lat' dir='ltr'>velerum</span> 
     </span>
     <span class='ocr_line' id='line_1_12' title="bbox 162 349 1815 384; baseline 0.002 -9"><span class='ocrx_word' id='word_1_46' title='bbox 162 353 272 383; x_wconf 73' lang='lat' dir='ltr'>patrum</span> <span class='ocrx_word' id='word_1_47' title='bbox 291 349 435 383; x_wconf 71' lang='lat' dir='ltr'>(Lilyclum‘</span> <span class='ocrx_word' id='word_1_48' title='bbox 454 351 526 383; x_wconf 83' lang='lat'><strong><em>1677)</em></strong></span> <span class='ocrx_word' id='word_1_49' title='bbox 547 350 617 383; x_wconf 81' lang='lat' dir='ltr'>XII,</span> <span class='ocrx_word' id='word_1_50' title='bbox 631 353 681 376; x_wconf 83' lang='grc'>833</span> <span class='ocrx_word' id='word_1_51' title='bbox 698 362 728 373; x_wconf 91' lang='lat'>=</span> <span class='ocrx_word' id='word_1_52' title='bbox 748 350 914 376; x_wconf 69' lang='lat' dir='ltr'>(r&#39;allandz&#39;us</span> <span class='ocrx_word' id='word_1_53' title='bbox 933 350 1100 377; x_wconf 69' lang='lat' dir='ltr'><em>Bibliotheca</em></span> <span class='ocrx_word' id='word_1_54' title='bbox 1124 353 1238 376; x_wconf 69' lang='lat' dir='ltr'>reterzlm</span> <span class='ocrx_word' id='word_1_55' title='bbox 1260 353 1370 383; x_wconf 68' lang='lat' dir='ltr'>patrum</span> <span class='ocrx_word' id='word_1_56' title='bbox 1391 350 1522 382; x_wconf 76' lang='lat' dir='ltr'>(Venetiis</span> <span class='ocrx_word' id='word_1_57' title='bbox 1542 352 1615 384; x_wconf 79' lang='grc'><em>1779)</em></span> <span class='ocrx_word' id='word_1_58' title='bbox 1636 351 1723 384; x_wconf 86' lang='lat' dir='ltr'><em>XIII,</em></span> <span class='ocrx_word' id='word_1_59' title='bbox 1739 355 1773 380; x_wconf 89' lang='lat'>30</span> <span class='ocrx_word' id='word_1_60' title='bbox 1787 364 1815 374; x_wconf 92' lang='lat'>=</span> 
     </span>
     <span class='ocr_line' id='line_1_13' title="bbox 164 392 633 426; baseline 0.002 -8"><span class='ocrx_word' id='word_1_61' title='bbox 164 393 258 426; x_wconf 68' lang='lat' dir='ltr'>Miqne</span> <span class='ocrx_word' id='word_1_62' title='bbox 277 393 352 419; x_wconf 76' lang='lat' dir='ltr'>Patr.</span> <span class='ocrx_word' id='word_1_63' title='bbox 366 393 412 419; x_wconf 74' lang='lat' dir='ltr'>zat.</span> <span class='ocrx_word' id='word_1_64' title='bbox 428 392 568 426; x_wconf 81' lang='lat' dir='ltr'><strong><em>CXXIX,</em></strong></span> <span class='ocrx_word' id='word_1_65' title='bbox 581 396 633 420; x_wconf 81' lang='lat'><em>557.</em></span> 
     </span>
    </p>
   </div>
   <div class='ocr_carea' id='block_1_11' title="bbox 160 492 1818 2179">
    <p class='ocr_par' dir='ltr' id='par_1_11' title="bbox 294 492 1691 561">
     <span class='ocr_line' id='line_1_14' title="bbox 294 492 1691 521; baseline 0.001 -3"><span class='ocrx_word' id='word_1_66' title='bbox 294 492 496 518; x_wconf 55' lang='lat' dir='ltr'>KARISfflMO*</span> <span class='ocrx_word' id='word_1_67' title='bbox 516 494 641 518; x_wconf 80' lang='lat' dir='ltr'>FRATRI</span> <span class='ocrx_word' id='word_1_68' title='bbox 661 493 822 518; x_wconf 78' lang='grc' dir='ltr'>ΙΟΗΑΝΝΙ1</span> <span class='ocrx_word' id='word_1_69' title='bbox 844 494 950 518; x_wconf 85' lang='lat' dir='ltr'>DlGNO</span> <span class='ocrx_word' id='word_1_70' title='bbox 970 494 1124 519; x_wconf 71' lang='lat' dir='ltr'>CHRISTIa</span> <span class='ocrx_word' id='word_1_71' title='bbox 1142 494 1292 518; x_wconf 73' lang='lat' dir='ltr'>LEVITAE</span> <span class='ocrx_word' id='word_1_72' title='bbox 1312 493 1523 519; x_wconf 74' lang='lat' dir='ltr'><strong>ANASTASIUS</strong></span> <span class='ocrx_word' id='word_1_73' title='bbox 1543 495 1691 521; x_wconf 76' lang='lat' dir='ltr'>EXIGUUS</span> 
     </span>
     <span class='ocr_line' id='line_1_15' title="bbox 802 536 1180 561; baseline 0 -1"><span class='ocrx_word' id='word_1_74' title='bbox 802 537 837 560; x_wconf 90' lang='lat' dir='ltr'>IN</span> <span class='ocrx_word' id='word_1_75' title='bbox 856 536 991 561; x_wconf 81' lang='lat' dir='ltr'>DOMINO</span> <span class='ocrx_word' id='word_1_76' title='bbox 1010 537 1180 561; x_wconf 76' lang='lat' dir='ltr'>SALUTEM.</span> 
     </span>
    </p>

    <p class='ocr_par' dir='ltr' id='par_1_12' title="bbox 160 590 1818 2179">
     <span class='ocr_line' id='line_1_16' title="bbox 272 590 1816 632; baseline 0.003 -10"><span class='ocrx_word' id='word_1_77' title='bbox 272 591 531 623; x_wconf 83' lang='lat' dir='ltr'>Ecclesiasticam</span> <span class='ocrx_word' id='word_1_78' title='bbox 569 591 743 632; x_wconf 76' lang='lat' dir='ltr'>scripturae</span> <span class='ocrx_word' id='word_1_79' title='bbox 781 590 821 621; x_wconf 89' lang='lat' dir='ltr'>ad</span> <span class='ocrx_word' id='word_1_80' title='bbox 858 591 1028 622; x_wconf 89' lang='lat' dir='ltr'>multorum</span> <span class='ocrx_word' id='word_1_81' title='bbox 1064 591 1305 623; x_wconf 79' lang='lat' dir='ltr'>instructionem</span> <span class='ocrx_word' id='word_1_82' title='bbox 1337 591 1502 623; x_wconf 81' lang='lat' dir='ltr'>historiam</span> <span class='ocrx_word' id='word_1_83' title='bbox 1534 592 1708 626; x_wconf 75' lang='lat' dir='ltr'>industriae</span> <span class='ocrx_word' id='word_1_84' title='bbox 1742 597 1816 627; x_wconf 88' lang='lat' dir='ltr'>tuae</span> 
     </span>
     <span class='ocr_line' id='line_1_17' title="bbox 164 642 1816 687; baseline 0.003 -12"><span class='ocrx_word' id='word_1_85' title='bbox 164 645 373 685; x_wconf 86' lang='lat' dir='ltr'>promiseram</span> <span class='ocrx_word' id='word_1_86' title='bbox 407 654 448 674; x_wconf 83' lang='lat' dir='ltr'>ex</span> <span class='ocrx_word' id='word_1_87' title='bbox 477 642 582 674; x_wconf 82' lang='lat' dir='ltr'>Greco</span> <span class='ocrx_word' id='word_1_88' title='bbox 617 653 668 674; x_wconf 89' lang='lat' dir='ltr'>me</span> <span class='ocrx_word' id='word_1_89' title='bbox 704 643 762 673; x_wconf 88' lang='lat' dir='ltr'>tibi</span> <span class='ocrx_word' id='word_1_90' title='bbox 792 643 958 674; x_wconf 83' lang='lat' dir='ltr'>sermoneb</span> <span class='ocrx_word' id='word_1_91' title='bbox 987 643 1147 684; x_wconf 79' lang='lat' dir='ltr'>quaedam</span> <span class='ocrx_word' id='word_1_92' title='bbox 1185 644 1215 674; x_wconf 91' lang='lat' dir='ltr'>in</span> <span class='ocrx_word' id='word_1_93' title='bbox 1246 643 1396 674; x_wconf 76' lang='lat' dir='ltr'>Latinum</span> <span class='ocrx_word' id='word_1_94' title='bbox 1427 647 1590 675; x_wconf 83' lang='lat' dir='ltr'>vecturum</span> <span class='ocrx_word' id='word_1_95' title='bbox 1622 645 1816 687; x_wconf 85' lang='lat' dir='ltr'>eloquium2.</span> 
     </span>
     <span class='ocr_line' id='line_1_18' title="bbox 164 694 1817 740; baseline 0.003 -14"><span class='ocrx_word' id='word_1_96' title='bbox 164 695 302 726; x_wconf 83' lang='lat' dir='ltr'>Dixeras</span> <span class='ocrx_word' id='word_1_97' title='bbox 326 695 411 726; x_wconf 90' lang='lat' dir='ltr'>enim</span> <span class='ocrx_word' id='word_1_98' title='bbox 436 698 468 726; x_wconf 91' lang='lat' dir='ltr'>et</span> <span class='ocrx_word' id='word_1_99' title='bbox 491 705 615 726; x_wconf 86' lang='lat' dir='ltr'>summa</span> <span class='ocrx_word' id='word_1_100' title='bbox 634 695 769 726; x_wconf 88' lang='lat' dir='ltr'>veritate</span> <span class='ocrx_word' id='word_1_101' title='bbox 793 694 929 726; x_wconf 80' lang='lat' dir='ltr'>docente</span> <span class='ocrx_word' id='word_1_102' title='bbox 954 694 1163 735; x_wconf 80' lang='lat' dir='ltr'>perhibueras</span> <span class='ocrx_word' id='word_1_103' title='bbox 1187 694 1437 726; x_wconf 85' lang='lat' dir='ltr'>ecclesiasticam</span> <span class='ocrx_word' id='word_1_104' title='bbox 1462 698 1491 726; x_wconf 84' lang='lat' dir='ltr'>te</span> <span class='ocrx_word' id='word_1_105' title='bbox 1517 696 1612 727; x_wconf 87' lang='lat' dir='ltr'>ordiri</span> <span class='ocrx_word' id='word_1_106' title='bbox 1636 708 1698 728; x_wconf 90' lang='lat' dir='ltr'>non</span> <span class='ocrx_word' id='word_1_107' title='bbox 1722 710 1817 740; x_wconf 86' lang='lat' dir='ltr'>posse</span> 
     </span>
     <span class='ocr_line' id='line_1_19' title="bbox 164 745 1817 789; baseline 0.002 -11"><span class='ocrx_word' id='word_1_108' title='bbox 164 746 300 778; x_wconf 89' lang='lat' dir='ltr'>fidenter</span> <span class='ocrx_word' id='word_1_109' title='bbox 324 747 499 787; x_wconf 81' lang='lat' dir='ltr'>historiam,</span> <span class='ocrx_word' id='word_1_110' title='bbox 526 747 586 777; x_wconf 89' lang='lat' dir='ltr'>nisi</span> <span class='ocrx_word' id='word_1_111' title='bbox 610 747 773 788; x_wconf 87' lang='lat' dir='ltr'>utriusque</span> <span class='ocrx_word' id='word_1_112' title='bbox 797 746 925 787; x_wconf 84' lang='lat' dir='ltr'>linguae</span> <span class='ocrx_word' id='word_1_113' title='bbox 951 745 1110 787; x_wconf 80' lang='lat' dir='ltr'>quaedam</span> <span class='ocrx_word' id='word_1_114' title='bbox 1134 756 1240 777; x_wconf 87' lang='lat' dir='ltr'>rerum</span> <span class='ocrx_word' id='word_1_115' title='bbox 1265 749 1427 786; x_wconf 84' lang='lat' dir='ltr'>gestarum</span> <span class='ocrx_word' id='word_1_116' title='bbox 1452 748 1631 789; x_wconf 85' lang='lat' dir='ltr'>conscripta</span> <span class='ocrx_word' id='word_1_117' title='bbox 1653 751 1752 781; x_wconf 87' lang='lat' dir='ltr'>series</span> <span class='ocrx_word' id='word_1_118' title='bbox 1776 752 1817 782; x_wconf 89' lang='lat' dir='ltr'>ad</span> 
     </span>
     <span class='ocr_line' id='line_1_20' title="bbox 164 798 1818 840; baseline 0.003 -11"><span class='ocrx_word' id='word_1_119' title='bbox 164 801 252 829; x_wconf 80' lang='lat' dir='ltr'>tuam</span> <span class='ocrx_word' id='word_1_120' title='bbox 282 799 428 829; x_wconf 83' lang='lat' dir='ltr'>notitiam</span> <span class='ocrx_word' id='word_1_121' title='bbox 460 798 651 829; x_wconf 83' lang='lat' dir='ltr'>devenisset.</span> <span class='ocrx_word' id='word_1_122' title='bbox 699 798 913 839; x_wconf 74' lang='lat' dir='ltr'>Quapropter,</span> <span class='ocrx_word' id='word_1_123' title='bbox 945 798 997 839; x_wconf 92' lang='lat' dir='ltr'>qui</span> <span class='ocrx_word' id='word_1_124' title='bbox 1028 800 1137 829; x_wconf 84' lang='lat' dir='ltr'>tantae</span> <span class='ocrx_word' id='word_1_125' title='bbox 1168 808 1218 828; x_wconf 88' lang='lat' dir='ltr'>me</span> <span class='ocrx_word' id='word_1_126' title='bbox 1248 798 1428 838; x_wconf 80' lang='lat' dir='ltr'>imperitiae</span> <span class='ocrx_word' id='word_1_127' title='bbox 1459 808 1665 840; x_wconf 82' lang='lat' dir='ltr'>recognosc0,</span> <span class='ocrx_word' id='word_1_128' title='bbox 1695 805 1730 833; x_wconf 92' lang='lat' dir='ltr'>ut</span> <span class='ocrx_word' id='word_1_129' title='bbox 1759 813 1818 834; x_wconf 89' lang='lat' dir='ltr'>nec</span> 
     </span>
     <span class='ocr_line' id='line_1_21' title="bbox 164 849 1818 892; baseline 0.003 -11"><span class='ocrx_word' id='word_1_130' title='bbox 164 851 262 891; x_wconf 89' lang='lat' dir='ltr'>ipsius</span> <span class='ocrx_word' id='word_1_131' title='bbox 285 851 415 892; x_wconf 83' lang='lat' dir='ltr'>linguae</span> <span class='ocrx_word' id='word_1_132' title='bbox 438 860 541 888; x_wconf 77' lang='lat' dir='ltr'>meae,</span> <span class='ocrx_word' id='word_1_133' title='bbox 566 850 597 880; x_wconf 90' lang='lat' dir='ltr'>in</span> <span class='ocrx_word' id='word_1_134' title='bbox 621 860 684 890; x_wconf 88' lang='lat' dir='ltr'>qua</span> <span class='ocrx_word' id='word_1_135' title='bbox 708 853 799 881; x_wconf 88' lang='lat' dir='ltr'>natus</span> <span class='ocrx_word' id='word_1_136' title='bbox 823 860 902 886; x_wconf 76' lang='lat' dir='ltr'>sum,</span> <span class='ocrx_word' id='word_1_137' title='bbox 933 860 972 881; x_wconf 88' lang='lat' dir='ltr'>ne</span> <span class='ocrx_word' id='word_1_138' title='bbox 997 850 1133 880; x_wconf 78' lang='lat' dir='ltr'>dixerim</span> <span class='ocrx_word' id='word_1_139' title='bbox 1156 849 1293 889; x_wconf 87' lang='lat' dir='ltr'>alienae,</span> <span class='ocrx_word' id='word_1_140' title='bbox 1318 849 1381 880; x_wconf 83' lang='lat' dir='ltr'>vim</span> <span class='ocrx_word' id='word_1_141' title='bbox 1405 853 1575 890; x_wconf 86' lang='lat' dir='ltr'>penetrare</span> <span class='ocrx_word' id='word_1_142' title='bbox 1600 852 1755 884; x_wconf 84' lang='lat' dir='ltr'>sufficiam</span> <span class='ocrx_word' id='word_1_143' title='bbox 1781 865 1818 886; x_wconf 87' lang='lat' dir='ltr'>ac</span> 
     </span>
     <span class='ocr_line' id='line_1_22' title="bbox 164 901 1817 947; baseline 0.003 -15"><span class='ocrx_word' id='word_1_144' title='bbox 164 912 222 943; x_wconf 91' lang='lat' dir='ltr'>per</span> <span class='ocrx_word' id='word_1_145' title='bbox 245 902 305 933; x_wconf 86' lang='lat' dir='ltr'>hoc</span> <span class='ocrx_word' id='word_1_146' title='bbox 334 912 496 943; x_wconf 90' lang='lat' dir='ltr'>nunquam</span> <span class='ocrx_word' id='word_1_147' title='bbox 524 901 756 942; x_wconf 87' lang='lat' dir='ltr'>interpretandi</span> <span class='ocrx_word' id='word_1_148' title='bbox 787 911 977 942; x_wconf 86' lang='lat' dir='ltr'>quacunque</span> <span class='ocrx_word' id='word_1_149' title='bbox 1006 902 1129 932; x_wconf 85' lang='lat' dir='ltr'>ratione</span> <span class='ocrx_word' id='word_1_150' title='bbox 1161 911 1317 932; x_wconf 85' lang='lat' dir='ltr'>conamen</span> <span class='ocrx_word' id='word_1_151' title='bbox 1348 902 1489 942; x_wconf 79' lang='lat' dir='ltr'>arripere</span> <span class='ocrx_word' id='word_1_152' title='bbox 1519 906 1817 947; x_wconf 81' lang='lat' dir='ltr'>praesumpsissem,</span> 
     </span>
     <span class='ocr_line' id='line_1_23' title="bbox 164 951 1818 994; baseline 0.003 -10"><span class='ocrx_word' id='word_1_153' title='bbox 164 954 365 984; x_wconf 87' lang='lat' dir='ltr'>consentiens</span> <span class='ocrx_word' id='word_1_154' title='bbox 389 963 407 984; x_wconf 81' lang='lat' dir='ltr'>a</span> <span class='ocrx_word' id='word_1_155' title='bbox 431 953 591 993; x_wconf 87' lang='lat' dir='ltr'>magistris</span> <span class='ocrx_word' id='word_1_156' title='bbox 615 951 808 994; x_wconf 84' lang='lat' dir='ltr'>reprehendi</span> <span class='ocrx_word' id='word_1_157' title='bbox 833 963 928 994; x_wconf 88' lang='lat' dir='ltr'>quam</span> <span class='ocrx_word' id='word_1_158' title='bbox 952 956 983 983; x_wconf 86' lang='lat' dir='ltr'>te</span> <span class='ocrx_word' id='word_1_159' title='bbox 1008 962 1026 983; x_wconf 86' lang='lat' dir='ltr'>a</span> <span class='ocrx_word' id='word_1_160' title='bbox 1056 952 1222 993; x_wconf 85' lang='lat' dir='ltr'>praedicta</span> <span class='ocrx_word' id='word_1_161' title='bbox 1252 955 1380 993; x_wconf 83' lang='lat' dir='ltr'>torpore</span> <span class='ocrx_word' id='word_1_162' title='bbox 1411 964 1483 984; x_wconf 90' lang='lat' dir='ltr'>meo</span> <span class='ocrx_word' id='word_1_163' title='bbox 1515 955 1655 985; x_wconf 81' lang='lat' dir='ltr'>texenda</span> <span class='ocrx_word' id='word_1_164' title='bbox 1686 956 1818 989; x_wconf 86' lang='lat' dir='ltr'>historia</span> 
     </span>
     <span class='ocr_line' id='line_1_24' title="bbox 162 1003 1817 1049; baseline 0.003 -14"><span class='ocrx_word' id='word_1_165' title='bbox 162 1015 340 1044; x_wconf 85' lang='lat' dir='ltr'>removere,</span> <span class='ocrx_word' id='word_1_166' title='bbox 372 1005 558 1036; x_wconf 79' lang='lat' dir='ltr'>satisfacere</span> <span class='ocrx_word' id='word_1_167' title='bbox 583 1004 640 1035; x_wconf 85' lang='lat' dir='ltr'>tibi</span> <span class='ocrx_word' id='word_1_168' title='bbox 665 1015 740 1035; x_wconf 90' lang='lat' dir='ltr'>ecce</span> <span class='ocrx_word' id='word_1_169' title='bbox 765 1015 821 1045; x_wconf 91' lang='lat' dir='ltr'>pro</span> <span class='ocrx_word' id='word_1_170' title='bbox 845 1004 964 1035; x_wconf 87' lang='lat' dir='ltr'>viribus</span> <span class='ocrx_word' id='word_1_171' title='bbox 989 1004 1157 1043; x_wconf 89' lang='lat' dir='ltr'>maturavi,</span> <span class='ocrx_word' id='word_1_172' title='bbox 1189 1003 1322 1035; x_wconf 86' lang='lat' dir='ltr'>credens</span> <span class='ocrx_word' id='word_1_173' title='bbox 1346 1004 1440 1045; x_wconf 88' lang='lat' dir='ltr'>plane</span> <span class='ocrx_word' id='word_1_174' title='bbox 1472 1015 1490 1035; x_wconf 86' lang='lat' dir='ltr'>a</span> <span class='ocrx_word' id='word_1_175' title='bbox 1520 1008 1551 1037; x_wconf 89' lang='lat' dir='ltr'>te</span> <span class='ocrx_word' id='word_1_176' title='bbox 1583 1007 1817 1049; x_wconf 81' lang='lat' dir='ltr'>corrigendum,</span> 
     </span>
     <span class='ocr_line' id='line_1_25' title="bbox 163 1055 1817 1097; baseline 0.002 -10"><span class='ocrx_word' id='word_1_177' title='bbox 163 1057 313 1097; x_wconf 84' lang='lat' dir='ltr'>quicquid</span> <span class='ocrx_word' id='word_1_178' title='bbox 337 1066 445 1087; x_wconf 88' lang='lat' dir='ltr'>meum</span> <span class='ocrx_word' id='word_1_179' title='bbox 470 1056 647 1096; x_wconf 87' lang='lat' dir='ltr'>distortum,</span> <span class='ocrx_word' id='word_1_180' title='bbox 671 1055 867 1097; x_wconf 85' lang='lat' dir='ltr'>poliendum,</span> <span class='ocrx_word' id='word_1_181' title='bbox 892 1055 1045 1097; x_wconf 87' lang='lat' dir='ltr'>quicquid</span> <span class='ocrx_word' id='word_1_182' title='bbox 1068 1058 1231 1096; x_wconf 88' lang='lat' dir='ltr'>repertum</span> <span class='ocrx_word' id='word_1_183' title='bbox 1255 1055 1351 1086; x_wconf 86' lang='lat' dir='ltr'>fuerit</span> <span class='ocrx_word' id='word_1_184' title='bbox 1374 1056 1564 1097; x_wconf 88' lang='lat' dir='ltr'>impolitum.</span> <span class='ocrx_word' id='word_1_185' title='bbox 1604 1057 1688 1089; x_wconf 81' lang='lat' dir='ltr'>Sane</span> <span class='ocrx_word' id='word_1_186' title='bbox 1712 1059 1817 1091; x_wconf 81' lang='lat' dir='ltr'>fateor</span> 
     </span>
     <span class='ocr_line' id='line_1_26' title="bbox 162 1107 1816 1151; baseline 0.003 -13"><span class='ocrx_word' id='word_1_187' title='bbox 162 1108 379 1139; x_wconf 89' lang='lat' dir='ltr'>testimonium</span> <span class='ocrx_word' id='word_1_188' title='bbox 405 1108 482 1139; x_wconf 90' lang='lat' dir='ltr'>mihi</span> <span class='ocrx_word' id='word_1_189' title='bbox 506 1108 696 1149; x_wconf 79' lang='lat' dir='ltr'>perhibente</span> <span class='ocrx_word' id='word_1_190' title='bbox 721 1108 924 1147; x_wconf 86' lang='lat' dir='ltr'>conscientia,</span> <span class='ocrx_word' id='word_1_191' title='bbox 955 1107 1085 1138; x_wconf 86' lang='lat' dir='ltr'>mallem</span> <span class='ocrx_word' id='word_1_192' title='bbox 1109 1107 1189 1138; x_wconf 83' lang='lat' dir='ltr'>haec</span> <span class='ocrx_word' id='word_1_193' title='bbox 1215 1111 1246 1138; x_wconf 85' lang='lat' dir='ltr'>et</span> <span class='ocrx_word' id='word_1_194' title='bbox 1270 1108 1451 1139; x_wconf 88' lang='lat' dir='ltr'>huiusmodi</span> <span class='ocrx_word' id='word_1_195' title='bbox 1476 1108 1515 1139; x_wconf 86' lang='lat' dir='ltr'>ab</span> <span class='ocrx_word' id='word_1_196' title='bbox 1545 1109 1615 1139; x_wconf 84' lang='lat' dir='ltr'>aliis</span> <span class='ocrx_word' id='word_1_197' title='bbox 1645 1110 1722 1151; x_wconf 86' lang='lat' dir='ltr'>fieri,</span> <span class='ocrx_word' id='word_1_198' title='bbox 1754 1122 1816 1143; x_wconf 88' lang='lat' dir='ltr'>non</span> 
     </span>
     <span class='ocr_line' id='line_1_27' title="bbox 162 1158 1818 1201; baseline 0.002 -10"><span class='ocrx_word' id='word_1_199' title='bbox 162 1164 228 1192; x_wconf 86' lang='lat' dir='ltr'>tam</span> <span class='ocrx_word' id='word_1_200' title='bbox 253 1159 398 1191; x_wconf 89' lang='lat' dir='ltr'>laborem</span> <span class='ocrx_word' id='word_1_201' title='bbox 422 1160 547 1201; x_wconf 83' lang='lat' dir='ltr'>fugiens</span> <span class='ocrx_word' id='word_1_202' title='bbox 571 1169 668 1201; x_wconf 86' lang='lat' dir='ltr'>quam</span> <span class='ocrx_word' id='word_1_203' title='bbox 691 1159 873 1200; x_wconf 85' lang='lat' dir='ltr'>imperitam</span> <span class='ocrx_word' id='word_1_204' title='bbox 898 1158 1108 1200; x_wconf 88' lang='lat' dir='ltr'>undecunque</span> <span class='ocrx_word' id='word_1_205' title='bbox 1133 1159 1298 1190; x_wconf 86' lang='lat' dir='ltr'>scientiam</span> <span class='ocrx_word' id='word_1_206' title='bbox 1322 1169 1438 1193; x_wconf 76' lang='lat' dir='ltr'>meam.</span> <span class='ocrx_word' id='word_1_207' title='bbox 1456 1161 1481 1190; x_wconf 90' lang='lat' dir='ltr'>si</span> <span class='ocrx_word' id='word_1_208' title='bbox 1507 1163 1614 1191; x_wconf 87' lang='lat' dir='ltr'>tamen</span> <span class='ocrx_word' id='word_1_209' title='bbox 1634 1162 1768 1193; x_wconf 86' lang='lat' dir='ltr'>scientia</span> <span class='ocrx_word' id='word_1_210' title='bbox 1784 1167 1818 1194; x_wconf 87' lang='lat' dir='ltr'>et</span> 
     </span>
     <span class='ocr_line' id='line_1_28' title="bbox 162 1210 1816 1252; baseline 0.002 -10"><span class='ocrx_word' id='word_1_211' title='bbox 162 1222 226 1243; x_wconf 91' lang='lat' dir='ltr'>non</span> <span class='ocrx_word' id='word_1_212' title='bbox 249 1212 352 1252; x_wconf 84' lang='lat' dir='ltr'>magis</span> <span class='ocrx_word' id='word_1_213' title='bbox 375 1211 500 1242; x_wconf 85' lang='lat' dir='ltr'>inscitia</span> <span class='ocrx_word' id='word_1_214' title='bbox 521 1212 562 1241; x_wconf 86' lang='lat' dir='ltr'>sit</span> <span class='ocrx_word' id='word_1_215' title='bbox 578 1210 724 1248; x_wconf 83' lang='lat' dir='ltr'>dicenda,</span> <span class='ocrx_word' id='word_1_216' title='bbox 742 1222 803 1242; x_wconf 92' lang='lat' dir='ltr'>non</span> <span class='ocrx_word' id='word_1_217' title='bbox 821 1211 975 1250; x_wconf 82' lang='lat' dir='ltr'>nesciens,</span> <span class='ocrx_word' id='word_1_218' title='bbox 992 1212 1019 1241; x_wconf 92' lang='lat' dir='ltr'>si</span> <span class='ocrx_word' id='word_1_219' title='bbox 1035 1211 1123 1241; x_wconf 82' lang='lat' dir='ltr'>salva</span> <span class='ocrx_word' id='word_1_220' title='bbox 1139 1221 1219 1252; x_wconf 87' lang='lat' dir='ltr'>pace</span> <span class='ocrx_word' id='word_1_221' title='bbox 1238 1210 1446 1242; x_wconf 69' lang='lat' dir='ltr'>fraternitatis</span> <span class='ocrx_word' id='word_1_222' title='bbox 1461 1214 1536 1242; x_wconf 92' lang='lat' dir='ltr'>tuae</span> <span class='ocrx_word' id='word_1_223' title='bbox 1554 1222 1611 1243; x_wconf 87' lang='lat' dir='ltr'>seu</span> <span class='ocrx_word' id='word_1_224' title='bbox 1627 1214 1816 1246; x_wconf 85' lang='lat' dir='ltr'>scribendae</span> 
     </span>
     <span class='ocr_line' id='line_1_29' title="bbox 164 1262 1817 1305; baseline 0.002 -11"><span class='ocrx_word' id='word_1_225' title='bbox 164 1274 182 1294; x_wconf 86' lang='lat' dir='ltr'>a</span> <span class='ocrx_word' id='word_1_226' title='bbox 213 1266 244 1294; x_wconf 86' lang='lat' dir='ltr'>te</span> <span class='ocrx_word' id='word_1_227' title='bbox 275 1263 428 1294; x_wconf 82' lang='lat' dir='ltr'>historiae</span> <span class='ocrx_word' id='word_1_228' title='bbox 459 1263 624 1304; x_wconf 88' lang='lat' dir='ltr'>proposito</span> <span class='ocrx_word' id='word_1_229' title='bbox 653 1263 733 1293; x_wconf 87' lang='lat' dir='ltr'>haec</span> <span class='ocrx_word' id='word_1_230' title='bbox 764 1263 911 1293; x_wconf 87' lang='lat' dir='ltr'>omittere</span> <span class='ocrx_word' id='word_1_231' title='bbox 944 1263 1129 1303; x_wconf 85' lang='lat' dir='ltr'>potuissem,</span> <span class='ocrx_word' id='word_1_232' title='bbox 1160 1262 1213 1303; x_wconf 86' lang='lat' dir='ltr'>qui</span> <span class='ocrx_word' id='word_1_233' title='bbox 1243 1262 1388 1304; x_wconf 86' lang='lat' dir='ltr'>profecto</span> <span class='ocrx_word' id='word_1_234' title='bbox 1418 1265 1508 1293; x_wconf 84' lang='lat' dir='ltr'>tanta</span> <span class='ocrx_word' id='word_1_235' title='bbox 1538 1263 1609 1295; x_wconf 86' lang='lat' dir='ltr'>luce</span> <span class='ocrx_word' id='word_1_236' title='bbox 1639 1266 1817 1305; x_wconf 81' lang='lat' dir='ltr'>sapientiae</span> 
     </span>
     <span class='ocr_line' id='line_1_30' title="bbox 163 1314 1816 1358; baseline 0.002 -13"><span class='ocrx_word' id='word_1_237' title='bbox 163 1315 284 1354; x_wconf 84' lang='lat' dir='ltr'>rutilas,</span> <span class='ocrx_word' id='word_1_238' title='bbox 311 1318 345 1345; x_wconf 85' lang='lat' dir='ltr'>ut</span> <span class='ocrx_word' id='word_1_239' title='bbox 369 1326 388 1345; x_wconf 89' lang='lat' dir='ltr'>a</span> <span class='ocrx_word' id='word_1_240' title='bbox 411 1325 474 1353; x_wconf 89' lang='lat' dir='ltr'>me,</span> <span class='ocrx_word' id='word_1_241' title='bbox 505 1325 567 1345; x_wconf 91' lang='lat' dir='ltr'>non</span> <span class='ocrx_word' id='word_1_242' title='bbox 592 1314 678 1355; x_wconf 88' lang='lat' dir='ltr'>quod</span> <span class='ocrx_word' id='word_1_243' title='bbox 702 1314 916 1345; x_wconf 83' lang='lat' dir='ltr'>necessarium</span> <span class='ocrx_word' id='word_1_244' title='bbox 941 1314 996 1345; x_wconf 86' lang='lat' dir='ltr'>sed</span> <span class='ocrx_word' id='word_1_245' title='bbox 1020 1314 1237 1350; x_wconf 73' lang='lat' dir='ltr'>temerarium,</span> <span class='ocrx_word' id='word_1_246' title='bbox 1269 1314 1409 1355; x_wconf 82' lang='lat' dir='ltr'>experiri</span> <span class='ocrx_word' id='word_1_247' title='bbox 1433 1324 1581 1355; x_wconf 88' lang='lat' dir='ltr'>saporem</span> <span class='ocrx_word' id='word_1_248' title='bbox 1612 1318 1816 1358; x_wconf 87' lang='lat' dir='ltr'>proposuisse</span> 
     </span>
     <span class='ocr_line' id='line_1_31' title="bbox 163 1365 1818 1409; baseline 0.002 -12"><span class='ocrx_word' id='word_1_249' title='bbox 163 1366 311 1398; x_wconf 88' lang='lat' dir='ltr'>videaris.</span> <span class='ocrx_word' id='word_1_250' title='bbox 358 1366 472 1407; x_wconf 86' lang='lat' dir='ltr'>Itaque</span> <span class='ocrx_word' id='word_1_251' title='bbox 498 1366 573 1397; x_wconf 87' lang='lat' dir='ltr'>mihi</span> <span class='ocrx_word' id='word_1_252' title='bbox 598 1367 830 1397; x_wconf 85' lang='lat' dir='ltr'>interveniente</span> <span class='ocrx_word' id='word_1_253' title='bbox 855 1365 1061 1397; x_wconf 80' lang='lat' dir='ltr'>oboedientia</span> <span class='ocrx_word' id='word_1_254' title='bbox 1085 1368 1154 1396; x_wconf 86' lang='lat' dir='ltr'>sata</span> <span class='ocrx_word' id='word_1_255' title='bbox 1178 1366 1218 1396; x_wconf 85' lang='lat' dir='ltr'>ab</span> <span class='ocrx_word' id='word_1_256' title='bbox 1243 1365 1313 1396; x_wconf 86' lang='lat' dir='ltr'>aliis</span> <span class='ocrx_word' id='word_1_257' title='bbox 1336 1366 1454 1396; x_wconf 84' lang='lat' dir='ltr'>rustica</span> <span class='ocrx_word' id='word_1_258' title='bbox 1478 1365 1559 1397; x_wconf 87' lang='lat' dir='ltr'>falce</span> <span class='ocrx_word' id='word_1_259' title='bbox 1591 1368 1760 1409; x_wconf 70' lang='lat' dir='ltr'>collegisse</span> <span class='ocrx_word' id='word_1_260' title='bbox 1786 1373 1818 1401; x_wconf 90' lang='lat' dir='ltr'>et</span> 
     </span>
     <span class='ocr_line' id='line_1_32' title="bbox 164 1416 1816 1452; baseline 0.002 -3"><span class='ocrx_word' id='word_1_261' title='bbox 164 1418 204 1449; x_wconf 89' lang='lat' dir='ltr'>ad</span> <span class='ocrx_word' id='word_1_262' title='bbox 228 1428 337 1449; x_wconf 82' lang='lat' dir='ltr'>aream</span> <span class='ocrx_word' id='word_1_263' title='bbox 353 1418 537 1448; x_wconf 84' lang='lat' dir='ltr'>Latinitatis</span> <span class='ocrx_word' id='word_1_264' title='bbox 561 1417 648 1448; x_wconf 88' lang='lat' dir='ltr'>fideli</span> <span class='ocrx_word' id='word_1_265' title='bbox 672 1418 804 1448; x_wconf 85' lang='lat' dir='ltr'>humero</span> <span class='ocrx_word' id='word_1_266' title='bbox 822 1418 1037 1448; x_wconf 81' lang='lat' dir='ltr'>transvexisse</span> <span class='ocrx_word' id='word_1_267' title='bbox 1054 1416 1190 1448; x_wconf 84' lang='lat' dir='ltr'>sufficiat</span> <span class='ocrx_word' id='word_1_268' title='bbox 1207 1417 1249 1447; x_wconf 91' lang='lat' dir='ltr'>nil</span> <span class='ocrx_word' id='word_1_269' title='bbox 1266 1416 1419 1448; x_wconf 83' lang='lat' dir='ltr'>videlieet</span> <span class='ocrx_word' id='word_1_270' title='bbox 1435 1417 1566 1449; x_wconf 84' lang='lat' dir='ltr'>addenti</span> <span class='ocrx_word' id='word_1_271' title='bbox 1584 1419 1635 1449; x_wconf 88' lang='lat' dir='ltr'>vel</span> <span class='ocrx_word' id='word_1_272' title='bbox 1652 1420 1816 1452; x_wconf 89' lang='lat' dir='ltr'>minuenti.</span> 
     </span>
     <span class='ocr_line' id='line_1_33' title="bbox 163 1468 1818 1510; baseline 0.002 -9"><span class='ocrx_word' id='word_1_273' title='bbox 163 1469 267 1501; x_wconf 88' lang='lat' dir='ltr'>Tuum</span> <span class='ocrx_word' id='word_1_274' title='bbox 291 1473 399 1500; x_wconf 85' lang='lat' dir='ltr'>autem</span> <span class='ocrx_word' id='word_1_275' title='bbox 424 1470 484 1500; x_wconf 88' lang='lat' dir='ltr'>erit</span> <span class='ocrx_word' id='word_1_276' title='bbox 507 1469 640 1500; x_wconf 87' lang='lat' dir='ltr'>adiectis</span> <span class='ocrx_word' id='word_1_277' title='bbox 663 1469 829 1500; x_wconf 87' lang='lat' dir='ltr'>sententiis</span> <span class='ocrx_word' id='word_1_278' title='bbox 845 1469 944 1499; x_wconf 82' lang='lat' dir='ltr'>veluti</span> <span class='ocrx_word' id='word_1_279' title='bbox 968 1468 1107 1509; x_wconf 89' lang='lat' dir='ltr'>quodam</span> <span class='ocrx_word' id='word_1_280' title='bbox 1131 1468 1310 1499; x_wconf 86' lang='lat' dir='ltr'>ventilabro</span> <span class='ocrx_word' id='word_1_281' title='bbox 1334 1468 1441 1499; x_wconf 91' lang='lat' dir='ltr'>iudicii</span> <span class='ocrx_word' id='word_1_282' title='bbox 1466 1480 1545 1510; x_wconf 89' lang='lat' dir='ltr'>opus</span> <span class='ocrx_word' id='word_1_283' title='bbox 1568 1469 1720 1503; x_wconf 87' lang='lat' dir='ltr'>historiae</span> <span class='ocrx_word' id='word_1_284' title='bbox 1740 1472 1818 1504; x_wconf 88' lang='lat' dir='ltr'>dila—</span> 
     </span>
     <span class='ocr_line' id='line_1_34' title="bbox 163 1520 1814 1565; baseline 0.002 -13"><span class='ocrx_word' id='word_1_285' title='bbox 163 1525 232 1553; x_wconf 86' lang='lat' dir='ltr'>tare</span> <span class='ocrx_word' id='word_1_286' title='bbox 257 1525 290 1553; x_wconf 85' lang='lat' dir='ltr'>et</span> <span class='ocrx_word' id='word_1_287' title='bbox 305 1521 403 1553; x_wconf 84' lang='lat' dir='ltr'>verba</span> <span class='ocrx_word' id='word_1_288' title='bbox 427 1523 544 1559; x_wconf 88' lang='lat' dir='ltr'>nostra,</span> <span class='ocrx_word' id='word_1_289' title='bbox 562 1524 644 1561; x_wconf 82' lang='lat' dir='ltr'>quae</span> <span class='ocrx_word' id='word_1_290' title='bbox 668 1521 700 1550; x_wconf 91' lang='lat' dir='ltr'>in</span> <span class='ocrx_word' id='word_1_291' title='bbox 725 1530 763 1551; x_wconf 87' lang='lat' dir='ltr'>ea</span> <span class='ocrx_word' id='word_1_292' title='bbox 787 1520 957 1551; x_wconf 88' lang='lat' dir='ltr'>inserenda</span> <span class='ocrx_word' id='word_1_293' title='bbox 981 1520 1172 1560; x_wconf 79' lang='lat' dir='ltr'>decreveris,</span> <span class='ocrx_word' id='word_1_294' title='bbox 1189 1521 1281 1561; x_wconf 84' lang='lat' dir='ltr'>quasi</span> <span class='ocrx_word' id='word_1_295' title='bbox 1305 1521 1465 1561; x_wconf 87' lang='lat' dir='ltr'>quaedam</span> <span class='ocrx_word' id='word_1_296' title='bbox 1490 1521 1650 1553; x_wconf 86' lang='lat' dir='ltr'>frumenta</span> <span class='ocrx_word' id='word_1_297' title='bbox 1666 1534 1814 1565; x_wconf 67' lang='lat' dir='ltr'>prugare.</span> 
     </span>
     <span class='ocr_line' id='line_1_35' title="bbox 162 1571 1818 1616; baseline 0.001 -12"><span class='ocrx_word' id='word_1_298' title='bbox 162 1573 284 1604; x_wconf 88' lang='lat' dir='ltr'>Verum</span> <span class='ocrx_word' id='word_1_299' title='bbox 314 1583 371 1603; x_wconf 90' lang='lat' dir='ltr'>nos</span> <span class='ocrx_word' id='word_1_300' title='bbox 401 1572 444 1603; x_wconf 88' lang='lat' dir='ltr'>sic</span> <span class='ocrx_word' id='word_1_301' title='bbox 475 1575 507 1603; x_wconf 90' lang='lat' dir='ltr'>et</span> <span class='ocrx_word' id='word_1_302' title='bbox 534 1572 613 1603; x_wconf 87' lang='lat' dir='ltr'>haec</span> <span class='ocrx_word' id='word_1_303' title='bbox 645 1575 677 1602; x_wconf 87' lang='lat' dir='ltr'>et</span> <span class='ocrx_word' id='word_1_304' title='bbox 707 1572 770 1602; x_wconf 89' lang='lat' dir='ltr'>alia</span> <span class='ocrx_word' id='word_1_305' title='bbox 800 1571 1032 1612; x_wconf 88' lang='lat' dir='ltr'>interpretandi</span> <span class='ocrx_word' id='word_1_306' title='bbox 1063 1572 1261 1613; x_wconf 85' lang='lat' dir='ltr'>propositum</span> <span class='ocrx_word' id='word_1_307' title='bbox 1292 1572 1495 1612; x_wconf 86' lang='lat' dir='ltr'>sumpsimus,</span> <span class='ocrx_word' id='word_1_308' title='bbox 1525 1575 1560 1603; x_wconf 87' lang='lat' dir='ltr'>ut</span> <span class='ocrx_word' id='word_1_309' title='bbox 1589 1583 1647 1604; x_wconf 91' lang='lat' dir='ltr'>nec</span> <span class='ocrx_word' id='word_1_310' title='bbox 1678 1573 1719 1604; x_wconf 88' lang='lat' dir='ltr'>ab</span> <span class='ocrx_word' id='word_1_311' title='bbox 1749 1576 1818 1616; x_wconf 88' lang='lat' dir='ltr'>ipsa</span> 
     </span>
     <span class='ocr_line' id='line_1_36' title="bbox 163 1622 1815 1665; baseline 0.002 -10"><span class='ocrx_word' id='word_1_312' title='bbox 163 1624 332 1656; x_wconf 90' lang='lat' dir='ltr'>verborum</span> <span class='ocrx_word' id='word_1_313' title='bbox 356 1633 586 1665; x_wconf 88' lang='lat' dir='ltr'>usquequaque</span> <span class='ocrx_word' id='word_1_314' title='bbox 611 1623 849 1654; x_wconf 87' lang='lat' dir='ltr'>circumstantia</span> <span class='ocrx_word' id='word_1_315' title='bbox 874 1622 1058 1654; x_wconf 79' lang='lat' dir='ltr'>discessisse</span> <span class='ocrx_word' id='word_1_316' title='bbox 1083 1633 1252 1654; x_wconf 88' lang='lat' dir='ltr'>noscamur</span> <span class='ocrx_word' id='word_1_317' title='bbox 1276 1633 1334 1654; x_wconf 83' lang='lat' dir='ltr'>nec</span> <span class='ocrx_word' id='word_1_318' title='bbox 1358 1634 1415 1664; x_wconf 91' lang='lat' dir='ltr'>pro</span> <span class='ocrx_word' id='word_1_319' title='bbox 1439 1633 1532 1664; x_wconf 90' lang='lat' dir='ltr'>posse</span> <span class='ocrx_word' id='word_1_320' title='bbox 1557 1635 1576 1655; x_wconf 86' lang='lat' dir='ltr'>a</span> <span class='ocrx_word' id='word_1_321' title='bbox 1599 1635 1708 1656; x_wconf 79' lang='lat' dir='ltr'>sensus</span> <span class='ocrx_word' id='word_1_322' title='bbox 1733 1629 1815 1658; x_wconf 89' lang='lat' dir='ltr'>veri-</span> 
     </span>
     <span class='ocr_line' id='line_1_37' title="bbox 161 1674 1815 1717; baseline 0.001 -10"><span class='ocrx_word' id='word_1_323' title='bbox 161 1679 228 1707; x_wconf 86' lang='lat' dir='ltr'>tate</span> <span class='ocrx_word' id='word_1_324' title='bbox 253 1674 410 1706; x_wconf 85' lang='lat' dir='ltr'>decidisse</span> <span class='ocrx_word' id='word_1_325' title='bbox 427 1675 595 1706; x_wconf 88' lang='lat' dir='ltr'>videamur</span> <span class='ocrx_word' id='word_1_326' title='bbox 604 1674 624 1705; x_wconf 87' lang='lat'>³.</span> <span class='ocrx_word' id='word_1_327' title='bbox 660 1674 762 1705; x_wconf 91' lang='lat' dir='ltr'>Porro</span> <span class='ocrx_word' id='word_1_328' title='bbox 781 1675 1026 1706; x_wconf 82' lang='lat' dir='ltr'>novissimorum</span> <span class='ocrx_word' id='word_1_329' title='bbox 1043 1678 1224 1715; x_wconf 88' lang='lat' dir='ltr'>temporum</span> <span class='ocrx_word' id='word_1_330' title='bbox 1240 1674 1351 1705; x_wconf 90' lang='lat' dir='ltr'>brevia</span> <span class='ocrx_word' id='word_1_331' title='bbox 1369 1675 1527 1716; x_wconf 87' lang='lat' dir='ltr'>quaedam</span> <span class='ocrx_word' id='word_1_332' title='bbox 1543 1677 1697 1717; x_wconf 87' lang='lat' dir='ltr'>opuscula</span> <span class='ocrx_word' id='word_1_333' title='bbox 1713 1681 1815 1709; x_wconf 87' lang='lat' dir='ltr'>trans-</span> 
     </span>
     <span class='ocr_line' id='line_1_38' title="bbox 160 1727 1816 1768; baseline 0.002 -10"><span class='ocrx_word' id='word_1_334' title='bbox 160 1727 228 1766; x_wconf 86' lang='lat' dir='ltr'>tuli,</span> <span class='ocrx_word' id='word_1_335' title='bbox 260 1727 411 1768; x_wconf 89' lang='lat' dir='ltr'>quoniam</span> <span class='ocrx_word' id='word_1_336' title='bbox 435 1727 577 1768; x_wconf 84' lang='lat' dir='ltr'>priorum</span> <span class='ocrx_word' id='word_1_337' title='bbox 601 1730 783 1767; x_wconf 88' lang='lat' dir='ltr'>temporum</span> <span class='ocrx_word' id='word_1_338' title='bbox 806 1729 899 1768; x_wconf 82' lang='lat' dir='ltr'>gesta</span> <span class='ocrx_word' id='word_1_339' title='bbox 922 1727 1055 1767; x_wconf 90' lang='lat' dir='ltr'>priores,</span> <span class='ocrx_word' id='word_1_340' title='bbox 1087 1727 1184 1757; x_wconf 91' lang='lat' dir='ltr'>immo</span> <span class='ocrx_word' id='word_1_341' title='bbox 1208 1727 1347 1757; x_wconf 85' lang='lat' dir='ltr'>maiores</span> <span class='ocrx_word' id='word_1_342' title='bbox 1370 1727 1470 1757; x_wconf 86' lang='lat' dir='ltr'>nostri</span> <span class='ocrx_word' id='word_1_343' title='bbox 1497 1727 1728 1760; x_wconf 87' lang='lat' dir='ltr'>transferentes</span> <span class='ocrx_word' id='word_1_344' title='bbox 1759 1741 1816 1762; x_wconf 90' lang='lat' dir='ltr'>nos</span> 
     </span>
     <span class='ocr_line' id='line_1_39' title="bbox 160 1778 1816 1819; baseline 0.002 -9"><span class='ocrx_word' id='word_1_345' title='bbox 160 1779 193 1810; x_wconf 93' lang='lat' dir='ltr'>in</span> <span class='ocrx_word' id='word_1_346' title='bbox 215 1778 437 1810; x_wconf 87' lang='lat' dir='ltr'>huiuscemodi</span> <span class='ocrx_word' id='word_1_347' title='bbox 462 1788 559 1819; x_wconf 89' lang='lat' dir='ltr'>opere</span> <span class='ocrx_word' id='word_1_348' title='bbox 576 1781 821 1819; x_wconf 87' lang='lat' dir='ltr'>praevenerunt,</span> <span class='ocrx_word' id='word_1_349' title='bbox 838 1778 1111 1819; x_wconf 85' lang='lat' dir='ltr'>quemadmodum</span> <span class='ocrx_word' id='word_1_350' title='bbox 1136 1781 1168 1809; x_wconf 91' lang='lat' dir='ltr'>et</span> <span class='ocrx_word' id='word_1_351' title='bbox 1191 1778 1286 1819; x_wconf 88' lang='lat' dir='ltr'>longe</span> <span class='ocrx_word' id='word_1_352' title='bbox 1310 1779 1525 1819; x_wconf 80' lang='lat' dir='ltr'>praestantius</span> <span class='ocrx_word' id='word_1_353' title='bbox 1541 1780 1816 1814; x_wconf 83' lang='lat' dir='ltr'>transcenderunt.</span> 
     </span>
     <span class='ocr_line' id='line_1_40' title="bbox 160 1830 1814 1874; baseline 0.002 -12"><span class='ocrx_word' id='word_1_354' title='bbox 160 1831 264 1873; x_wconf 90' lang='lat' dir='ltr'>Igitur</span> <span class='ocrx_word' id='word_1_355' title='bbox 294 1834 367 1872; x_wconf 89' lang='lat' dir='ltr'>post</span> <span class='ocrx_word' id='word_1_356' title='bbox 390 1830 680 1872; x_wconf 85' lang='lat' dir='ltr'>chronographiam</span> <span class='ocrx_word' id='word_1_357' title='bbox 705 1831 907 1871; x_wconf 87' lang='lat' dir='ltr'>tripertitam,</span> <span class='ocrx_word' id='word_1_358' title='bbox 939 1841 1035 1872; x_wconf 85' lang='lat' dir='ltr'>quam</span> <span class='ocrx_word' id='word_1_359' title='bbox 1059 1833 1092 1861; x_wconf 85' lang='lat' dir='ltr'>te</span> <span class='ocrx_word' id='word_1_360' title='bbox 1116 1830 1264 1861; x_wconf 89' lang='lat' dir='ltr'>hortante</span> <span class='ocrx_word' id='word_1_361' title='bbox 1289 1830 1507 1861; x_wconf 87' lang='lat' dir='ltr'>transtulimus</span> <span class='ocrx_word' id='word_1_362' title='bbox 1517 1831 1538 1871; x_wconf 79' lang='lat'>4,</span> <span class='ocrx_word' id='word_1_363' title='bbox 1571 1834 1604 1862; x_wconf 89' lang='lat' dir='ltr'>et</span> <span class='ocrx_word' id='word_1_364' title='bbox 1626 1832 1690 1862; x_wconf 87' lang='lat' dir='ltr'>alia</span> <span class='ocrx_word' id='word_1_365' title='bbox 1714 1843 1814 1874; x_wconf 90' lang='lat' dir='ltr'>quae-</span> 
     </span>
     <span class='ocr_line' id='line_1_41' title="bbox 162 1881 1815 1923; baseline 0.001 -9"><span class='ocrx_word' id='word_1_366' title='bbox 162 1883 236 1914; x_wconf 89' lang='lat' dir='ltr'>dam</span> <span class='ocrx_word' id='word_1_367' title='bbox 259 1883 448 1914; x_wconf 86' lang='lat' dir='ltr'>brevissima</span> <span class='ocrx_word' id='word_1_368' title='bbox 478 1882 640 1923; x_wconf 84' lang='lat' dir='ltr'>opuscula,</span> <span class='ocrx_word' id='word_1_369' title='bbox 671 1892 754 1923; x_wconf 87' lang='lat' dir='ltr'>quae</span> <span class='ocrx_word' id='word_1_370' title='bbox 785 1881 827 1912; x_wconf 85' lang='lat' dir='ltr'>ad</span> <span class='ocrx_word' id='word_1_371' title='bbox 856 1882 993 1922; x_wconf 87' lang='lat' dir='ltr'>petitum</span> <span class='ocrx_word' id='word_1_372' title='bbox 1021 1881 1220 1912; x_wconf 88' lang='lat' dir='ltr'>diversorum</span> <span class='ocrx_word' id='word_1_373' title='bbox 1251 1884 1379 1922; x_wconf 79' lang='lat' dir='ltr'>patrum</span> <span class='ocrx_word' id='word_1_374' title='bbox 1410 1885 1442 1912; x_wconf 88' lang='lat' dir='ltr'>et</span> <span class='ocrx_word' id='word_1_375' title='bbox 1471 1881 1605 1912; x_wconf 85' lang='lat' dir='ltr'>fratrum</span> <span class='ocrx_word' id='word_1_376' title='bbox 1635 1887 1815 1915; x_wconf 85' lang='lat' dir='ltr'>nostrorum</span> 
     </span>
     <span class='ocr_line' id='line_1_42' title="bbox 161 1932 1818 1975; baseline 0.002 -10"><span class='ocrx_word' id='word_1_377' title='bbox 161 1935 364 1975; x_wconf 86' lang='lat' dir='ltr'>interpretati</span> <span class='ocrx_word' id='word_1_378' title='bbox 387 1944 504 1970; x_wconf 73' lang='lat' dir='ltr'>sumuS,</span> <span class='ocrx_word' id='word_1_379' title='bbox 529 1933 570 1964; x_wconf 87' lang='lat' dir='ltr'>ad</span> <span class='ocrx_word' id='word_1_380' title='bbox 594 1943 707 1964; x_wconf 84' lang='lat' dir='ltr'>manus</span> <span class='ocrx_word' id='word_1_381' title='bbox 730 1936 854 1964; x_wconf 85' lang='lat' dir='ltr'>nostras</span> <span class='ocrx_word' id='word_1_382' title='bbox 877 1933 986 1964; x_wconf 86' lang='lat' dir='ltr'>venire</span> <span class='ocrx_word' id='word_1_383' title='bbox 1011 1932 1145 1973; x_wconf 84' lang='lat' dir='ltr'>contigit</span> <span class='ocrx_word' id='word_1_384' title='bbox 1168 1933 1353 1973; x_wconf 83' lang='lat' dir='ltr'>apologiam</span> <span class='ocrx_word' id='word_1_385' title='bbox 1377 1933 1481 1973; x_wconf 90' lang='lat' dir='ltr'>quarti</span> <span class='ocrx_word' id='word_1_386' title='bbox 1505 1933 1656 1964; x_wconf 87' lang='lat' dir='ltr'>Iohannis</span> <span class='ocrx_word' id='word_1_387' title='bbox 1677 1934 1818 1967; x_wconf 89' lang='lat' dir='ltr'>Romani</span> 
     </span>
     <span class='ocr_line' id='line_1_43' title="bbox 161 1983 1816 2027; baseline 0.002 -11"><span class='ocrx_word' id='word_1_388' title='bbox 161 1985 339 2027; x_wconf 79' lang='lat' dir='ltr'>pontificis⁵</span> <span class='ocrx_word' id='word_1_389' title='bbox 364 1995 420 2026; x_wconf 91' lang='lat' dir='ltr'>pro</span> <span class='ocrx_word' id='word_1_390' title='bbox 444 1984 589 2015; x_wconf 90' lang='lat' dir='ltr'>Honorio</span> <span class='ocrx_word' id='word_1_391' title='bbox 618 1985 724 2026; x_wconf 80' lang='lat' dir='ltr'>papa⁶</span> <span class='ocrx_word' id='word_1_392' title='bbox 754 1994 772 2014; x_wconf 89' lang='lat' dir='ltr'>a</span> <span class='ocrx_word' id='word_1_393' title='bbox 802 1983 1104 2015; x_wconf 77' lang='lat' dir='ltr'>calumniatoribus⁷</span> <span class='ocrx_word' id='word_1_394' title='bbox 1136 1984 1293 2024; x_wconf 88' lang='lat' dir='ltr'>impetito,</span> <span class='ocrx_word' id='word_1_395' title='bbox 1326 1984 1412 2025; x_wconf 89' lang='lat' dir='ltr'>quod</span> <span class='ocrx_word' id='word_1_396' title='bbox 1440 1995 1537 2015; x_wconf 87' lang='lat' dir='ltr'>unam</span> <span class='ocrx_word' id='word_1_397' title='bbox 1569 1985 1687 2017; x_wconf 88' lang='lat' dir='ltr'>domini</span> <span class='ocrx_word' id='word_1_398' title='bbox 1717 1989 1816 2019; x_wconf 89' lang='lat' dir='ltr'>nostri</span> 
     </span>
     <span class='ocr_line' id='line_1_44' title="bbox 161 2035 1816 2079; baseline 0.001 -11"><span class='ocrx_word' id='word_1_399' title='bbox 161 2037 237 2068; x_wconf 85' lang='lat' dir='ltr'>Iesu</span> <span class='ocrx_word' id='word_1_400' title='bbox 254 2036 371 2068; x_wconf 83' lang='lat' dir='ltr'>Christi</span> <span class='ocrx_word' id='word_1_401' title='bbox 394 2039 518 2066; x_wconf 87' lang='lat' dir='ltr'>tantum</span> <span class='ocrx_word' id='word_1_402' title='bbox 542 2036 704 2076; x_wconf 82' lang='lat' dir='ltr'>scripserit</span> <span class='ocrx_word' id='word_1_403' title='bbox 720 2036 917 2066; x_wconf 82' lang='lat' dir='ltr'>voluntatem</span> <span class='ocrx_word' id='word_1_404' title='bbox 929 2036 950 2065; x_wconf 68' lang='grc'>3.</span> <span class='ocrx_word' id='word_1_405' title='bbox 987 2035 1096 2071; x_wconf 76' lang='lat' dir='ltr'>Quaec</span> <span class='ocrx_word' id='word_1_406' title='bbox 1113 2035 1264 2066; x_wconf 87' lang='lat' dir='ltr'>videlicet</span> <span class='ocrx_word' id='word_1_407' title='bbox 1288 2035 1438 2077; x_wconf 84' lang='lat' dir='ltr'>apologia</span> <span class='ocrx_word' id='word_1_408' title='bbox 1465 2037 1542 2066; x_wconf 89' lang='lat' dir='ltr'>satis</span> <span class='ocrx_word' id='word_1_409' title='bbox 1565 2037 1657 2077; x_wconf 88' lang='lat' dir='ltr'>hunc,</span> <span class='ocrx_word' id='word_1_410' title='bbox 1675 2041 1710 2069; x_wconf 89' lang='lat' dir='ltr'>ut</span> <span class='ocrx_word' id='word_1_411' title='bbox 1733 2049 1816 2079; x_wconf 86' lang='lat' dir='ltr'>reor,</span> 
     </span>
     <span class='ocr_line' id='line_1_45' title="bbox 163 2087 1816 2128; baseline 0.002 -9"><span class='ocrx_word' id='word_1_412' title='bbox 163 2088 381 2120; x_wconf 87' lang='lat' dir='ltr'>excusabilem</span> <span class='ocrx_word' id='word_1_413' title='bbox 405 2087 520 2126; x_wconf 85' lang='lat' dir='ltr'>reddit,</span> <span class='ocrx_word' id='word_1_414' title='bbox 548 2087 624 2118; x_wconf 84' lang='lat' dir='ltr'>licet</span> <span class='ocrx_word' id='word_1_415' title='bbox 653 2087 726 2118; x_wconf 84' lang='lat' dir='ltr'>huic</span> <span class='ocrx_word' id='word_1_416' title='bbox 753 2090 862 2118; x_wconf 84' lang='lat' dir='ltr'>sancta</span> <span class='ocrx_word' id='word_1_417' title='bbox 885 2090 976 2118; x_wconf 84' lang='lat' dir='ltr'>sexta</span> <span class='ocrx_word' id='word_1_418' title='bbox 1000 2087 1139 2128; x_wconf 86' lang='lat' dir='ltr'>synodus</span> <span class='ocrx_word' id='word_1_419' title='bbox 1163 2087 1255 2128; x_wconf 89' lang='lat' dir='ltr'>quasi</span> <span class='ocrx_word' id='word_1_420' title='bbox 1277 2087 1420 2118; x_wconf 82' lang='lat' dir='ltr'>heretico</span> <span class='ocrx_word' id='word_1_421' title='bbox 1445 2088 1619 2119; x_wconf 85' lang='lat' dir='ltr'>anathema</span> <span class='ocrx_word' id='word_1_422' title='bbox 1642 2089 1760 2121; x_wconf 87' lang='lat' dir='ltr'>dixerit</span> <span class='ocrx_word' id='word_1_423' title='bbox 1783 2094 1816 2122; x_wconf 87' lang='lat' dir='ltr'>et</span> 
     </span>
     <span class='ocr_line' id='line_1_46' title="bbox 161 2138 1815 2179; baseline 0.002 -9"><span class='ocrx_word' id='word_1_424' title='bbox 161 2141 193 2170; x_wconf 88' lang='lat' dir='ltr'>in</span> <span class='ocrx_word' id='word_1_425' title='bbox 215 2139 277 2170; x_wconf 87' lang='lat' dir='ltr'>Dei</span> <span class='ocrx_word' id='word_1_426' title='bbox 298 2139 396 2169; x_wconf 89' lang='lat' dir='ltr'>solius</span> <span class='ocrx_word' id='word_1_427' title='bbox 424 2139 487 2170; x_wconf 89' lang='lat' dir='ltr'>iam</span> <span class='ocrx_word' id='word_1_428' title='bbox 511 2138 627 2170; x_wconf 90' lang='lat' dir='ltr'>iudicio</span> <span class='ocrx_word' id='word_1_429' title='bbox 658 2139 797 2179; x_wconf 88' lang='lat' dir='ltr'>positum</span> <span class='ocrx_word' id='word_1_430' title='bbox 821 2138 1054 2179; x_wconf 85' lang='lat' dir='ltr'>reprobationis</span> <span class='ocrx_word' id='word_1_431' title='bbox 1085 2139 1149 2170; x_wconf 88' lang='lat' dir='ltr'>telo</span> <span class='ocrx_word' id='word_1_432' title='bbox 1175 2138 1384 2177; x_wconf 37' lang='lat' dir='ltr'>confoderit&amp;</span> <span class='ocrx_word' id='word_1_433' title='bbox 1407 2149 1478 2169; x_wconf 88' lang='lat' dir='ltr'>cum</span> <span class='ocrx_word' id='word_1_434' title='bbox 1502 2139 1663 2171; x_wconf 85' lang='lat' dir='ltr'>hereticus</span> <span class='ocrx_word' id='word_1_435' title='bbox 1686 2152 1748 2173; x_wconf 92' lang='lat' dir='ltr'>non</span> <span class='ocrx_word' id='word_1_436' title='bbox 1774 2152 1815 2174; x_wconf 85' lang='lat' dir='ltr'>ex</span> 
     </span>
    </p>
   </div>
   <div class='ocr_carea' id='block_1_12' title="bbox 275 2234 1708 2239">
    <p class='ocr_par' dir='ltr' id='par_1_13' title="bbox 275 2234 1708 2239">
     <span class='ocr_line' id='line_1_47' title="bbox 275 2234 1708 2239; baseline 0 0"><span class='ocrx_word' id='word_1_437' title='bbox 275 2234 1708 2239; x_wconf 95' lang='lat' dir='ltr'> </span> 
     </span>
    </p>
   </div>
   <div class='ocr_carea' id='block_1_13' title="bbox 278 2300 1814 2370">
    <p class='ocr_par' dir='ltr' id='par_1_14' title="bbox 278 2300 1814 2370">
     <span class='ocr_line' id='line_1_48' title="bbox 278 2300 1814 2335; baseline 0.003 -9"><span class='ocrx_word' id='word_1_438' title='bbox 278 2302 302 2333; x_wconf 79' lang='grc'><em>*)</em></span> <span class='ocrx_word' id='word_1_439' title='bbox 321 2301 517 2334; x_wconf 65' lang='lat' dir='ltr'>Szaqierscm&#39;ptio</span> <span class='ocrx_word' id='word_1_440' title='bbox 535 2301 566 2326; x_wconf 71' lang='lat' dir='ltr'>in</span> <span class='ocrx_word' id='word_1_441' title='bbox 578 2300 615 2326; x_wconf 92' lang='lat' dir='ltr'>P:</span> <span class='ocrx_word' id='word_1_442' title='bbox 634 2300 760 2335; x_wconf 84' lang='lat' dir='ltr'>Epistola</span> <span class='ocrx_word' id='word_1_443' title='bbox 774 2301 917 2327; x_wconf 87' lang='lat' dir='ltr'>Anastasii</span> <span class='ocrx_word' id='word_1_444' title='bbox 936 2300 1147 2328; x_wconf 84' lang='lat' dir='ltr'>bibliothecarii</span> <span class='ocrx_word' id='word_1_445' title='bbox 1166 2300 1238 2327; x_wconf 83' lang='lat' dir='ltr'>sedis</span> <span class='ocrx_word' id='word_1_446' title='bbox 1257 2300 1430 2334; x_wconf 84' lang='lat' dir='ltr'>apostolicae</span> <span class='ocrx_word' id='word_1_447' title='bbox 1449 2302 1484 2328; x_wconf 88' lang='lat' dir='ltr'>ad</span> <span class='ocrx_word' id='word_1_448' title='bbox 1502 2302 1651 2329; x_wconf 85' lang='lat' dir='ltr'>Iohannem</span> <span class='ocrx_word' id='word_1_449' title='bbox 1671 2303 1814 2331; x_wconf 84' lang='lat' dir='ltr'>diaconem</span> 
     </span>
     <span class='ocr_line' id='line_1_49' title="bbox 316 2343 523 2370; baseline 0 0"><span class='ocrx_word' id='word_1_450' title='bbox 316 2343 393 2370; x_wconf 87' lang='lat' dir='ltr'>urbis</span> <span class='ocrx_word' id='word_1_451' title='bbox 412 2343 523 2370; x_wconf 85' lang='lat' dir='ltr'>Romae.</span> 
     </span>
    </p>
   </div>
   <div class='ocr_carea' id='block_1_14' title="bbox 161 2439 1815 2610">
    <p class='ocr_par' dir='ltr' id='par_1_15' title="bbox 161 2439 1815 2610">
     <span class='ocr_line' id='line_1_50' title="bbox 268 2439 1643 2473; baseline 0.001 -8"><span class='ocrx_word' id='word_1_452' title='bbox 268 2439 291 2465; x_wconf 88' lang='lat'>9.</span> <span class='ocrx_word' id='word_1_453' title='bbox 320 2439 344 2472; x_wconf 71' lang='lat'>³²)</span> <span class='ocrx_word' id='word_1_454' title='bbox 363 2440 425 2465; x_wconf 70' lang='lat' dir='ltr'>aelel.</span> <span class='ocrx_word' id='word_1_455' title='bbox 434 2445 530 2471; x_wconf 71' lang='lat' dir='ltr'>poster.</span> <span class='ocrx_word' id='word_1_456' title='bbox 543 2449 576 2465; x_wconf 85' lang='lat' dir='ltr'>m.</span> <span class='ocrx_word' id='word_1_457' title='bbox 591 2441 622 2466; x_wconf 74' lang='lat'>1³.</span> <span class='ocrx_word' id='word_1_458' title='bbox 693 2439 717 2472; x_wconf 75' lang='lat' dir='ltr'>b)</span> <span class='ocrx_word' id='word_1_459' title='bbox 738 2449 803 2466; x_wconf 73' lang='lat' dir='ltr'>corr.</span> <span class='ocrx_word' id='word_1_460' title='bbox 817 2449 870 2465; x_wconf 62' lang='lat' dir='ltr'>rae.</span> <span class='ocrx_word' id='word_1_461' title='bbox 884 2449 914 2465; x_wconf 69' lang='lat' dir='ltr'>ea·</span> <span class='ocrx_word' id='word_1_462' title='bbox 932 2448 1074 2466; x_wconf 82' lang='lat' dir='ltr'>sermonem</span> <span class='ocrx_word' id='word_1_463' title='bbox 1094 2440 1122 2465; x_wconf 89' lang='lat' dir='ltr'>P.</span> <span class='ocrx_word' id='word_1_464' title='bbox 1195 2439 1218 2471; x_wconf 80' lang='lat' dir='ltr'>c)</span> <span class='ocrx_word' id='word_1_465' title='bbox 1239 2449 1305 2465; x_wconf 77' lang='lat' dir='ltr'>corr.</span> <span class='ocrx_word' id='word_1_466' title='bbox 1321 2448 1351 2464; x_wconf 70' lang='lat' dir='ltr'>ea·</span> <span class='ocrx_word' id='word_1_467' title='bbox 1369 2448 1421 2472; x_wconf 85' lang='lat' dir='ltr'>qua</span> <span class='ocrx_word' id='word_1_468' title='bbox 1439 2449 1471 2465; x_wconf 86' lang='lat' dir='ltr'>m.</span> <span class='ocrx_word' id='word_1_469' title='bbox 1486 2441 1592 2473; x_wconf 78' lang='lat' dir='ltr'>antiqua</span> <span class='ocrx_word' id='word_1_470' title='bbox 1612 2441 1643 2466; x_wconf 86' lang='lat' dir='ltr'>P.</span> 
     </span>
     <span class='ocr_line' id='line_1_51' title="bbox 266 2532 1814 2567; baseline 0.001 -9"><span class='ocrx_word' id='word_1_471' title='bbox 266 2533 293 2565; x_wconf 93' lang='lat'>1)</span> <span class='ocrx_word' id='word_1_472' title='bbox 321 2532 363 2566; x_wconf 81' lang='lat' dir='ltr'>Cf.</span> <span class='ocrx_word' id='word_1_473' title='bbox 387 2540 472 2565; x_wconf 73' lang='lat' dir='ltr'>supra</span> <span class='ocrx_word' id='word_1_474' title='bbox 495 2541 524 2566; x_wconf 77' lang='lat' dir='ltr'>p.</span> <span class='ocrx_word' id='word_1_475' title='bbox 546 2536 593 2559; x_wconf 83' lang='lat'>419</span> <span class='ocrx_word' id='word_1_476' title='bbox 620 2541 685 2559; x_wconf 70' lang='lat' dir='ltr'>(iiiii.</span> <span class='ocrx_word' id='word_1_477' title='bbox 708 2538 729 2559; x_wconf 89' lang='grc'><em>1.</em></span> <span class='ocrx_word' id='word_1_478' title='bbox 851 2534 877 2563; x_wconf 77' lang='grc'><em>2)</em></span> <span class='ocrx_word' id='word_1_479' title='bbox 906 2532 946 2565; x_wconf 75' lang='lat' dir='ltr'>Cf.</span> <span class='ocrx_word' id='word_1_480' title='bbox 966 2541 1051 2567; x_wconf 75' lang='lat' dir='ltr'>supra</span> <span class='ocrx_word' id='word_1_481' title='bbox 1075 2542 1102 2560; x_wconf 73' lang='lat' dir='ltr'>ii.</span> <span class='ocrx_word' id='word_1_482' title='bbox 1119 2537 1133 2560; x_wconf 88' lang='grc'><em>7</em></span> <span class='ocrx_word' id='word_1_483' title='bbox 1153 2541 1180 2566; x_wconf 80' lang='lat' dir='ltr'>p.</span> <span class='ocrx_word' id='word_1_484' title='bbox 1200 2538 1257 2560; x_wconf 76' lang='lat'><strong><em>419.</em></strong></span> <span class='ocrx_word' id='word_1_485' title='bbox 1369 2533 1396 2566; x_wconf 88' lang='grc'>3)</span> <span class='ocrx_word' id='word_1_486' title='bbox 1418 2533 1460 2566; x_wconf 85' lang='lat' dir='ltr'>Cf.</span> <span class='ocrx_word' id='word_1_487' title='bbox 1477 2541 1563 2567; x_wconf 78' lang='lat' dir='ltr'>supra</span> <span class='ocrx_word' id='word_1_488' title='bbox 1585 2542 1612 2566; x_wconf 76' lang='lat' dir='ltr'>p.</span> <span class='ocrx_word' id='word_1_489' title='bbox 1631 2537 1682 2560; x_wconf 83' lang='grc'><em>397</em></span> <span class='ocrx_word' id='word_1_490' title='bbox 1705 2542 1771 2561; x_wconf 70' lang='lat' dir='ltr'>aaa.</span> <span class='ocrx_word' id='word_1_491' title='bbox 1791 2538 1814 2561; x_wconf 85' lang='lat'>3.</span> 
     </span>
     <span class='ocr_line' id='line_1_52' title="bbox 161 2576 1815 2610; baseline 0.002 -10"><span class='ocrx_word' id='word_1_492' title='bbox 161 2578 188 2608; x_wconf 79' lang='lat'>4)</span> <span class='ocrx_word' id='word_1_493' title='bbox 208 2576 248 2610; x_wconf 78' lang='lat' dir='ltr'>Cf.</span> <span class='ocrx_word' id='word_1_494' title='bbox 262 2583 346 2608; x_wconf 75' lang='lat' dir='ltr'>supra</span> <span class='ocrx_word' id='word_1_495' title='bbox 363 2584 391 2602; x_wconf 75' lang='grc' dir='ltr'>π.</span> <span class='ocrx_word' id='word_1_496' title='bbox 407 2579 427 2602; x_wconf 87' lang='grc'><em>7.</em></span> <span class='ocrx_word' id='word_1_497' title='bbox 534 2576 560 2609; x_wconf 86' lang='grc'><em>5)</em></span> <span class='ocrx_word' id='word_1_498' title='bbox 578 2579 732 2605; x_wconf 83' lang='grc'><em>640-642,·</em></span> <span class='ocrx_word' id='word_1_499' title='bbox 750 2576 814 2610; x_wconf 71' lang='lat' dir='ltr'>Rey.</span> <span class='ocrx_word' id='word_1_500' title='bbox 826 2576 903 2608; x_wconf 74' lang='lat' dir='ltr'>Jaffe</span> <span class='ocrx_word' id='word_1_501' title='bbox 921 2579 995 2603; x_wconf 81' lang='lat'><em>2042.</em></span> <span class='ocrx_word' id='word_1_502' title='bbox 1105 2577 1132 2609; x_wconf 89' lang='grc'>6)</span> <span class='ocrx_word' id='word_1_503' title='bbox 1153 2580 1294 2604; x_wconf 81' lang='grc'><em>625-638.</em></span> <span class='ocrx_word' id='word_1_504' title='bbox 1402 2577 1427 2607; x_wconf 83' lang='grc'><em>7)</em></span> <span class='ocrx_word' id='word_1_505' title='bbox 1446 2576 1603 2603; x_wconf 81' lang='lat' dir='ltr'>Novissimis</span> <span class='ocrx_word' id='word_1_506' title='bbox 1621 2577 1779 2610; x_wconf 77' lang='lat' dir='ltr'>temporibus</span> <span class='ocrx_word' id='word_1_507' title='bbox 1797 2586 1815 2602; x_wconf 85' lang='grc' dir='ltr'><em>α</em></span> 
     </span>
    </p>
   </div>
   <div class='ocr_carea' id='block_1_15' title="bbox 158 2618 1814 2823">
    <p class='ocr_par' dir='ltr' id='par_1_16' title="bbox 158 2618 1814 2823">
     <span class='ocr_line' id='line_1_53' title="bbox 163 2618 1814 2654; baseline 0.001 -10"><span class='ocrx_word' id='word_1_508' title='bbox 163 2618 268 2651; x_wconf 74' lang='grc' dir='ltr'>ΡῙιοτίο,</span> <span class='ocrx_word' id='word_1_509' title='bbox 293 2621 328 2653; x_wconf 80' lang='lat' dir='ltr'>cf.</span> <span class='ocrx_word' id='word_1_510' title='bbox 348 2618 485 2652; x_wconf 75' lang='lat' dir='ltr'>epistolam</span> <span class='ocrx_word' id='word_1_511' title='bbox 508 2619 565 2645; x_wconf 82' lang='lat' dir='ltr'>eius</span> <span class='ocrx_word' id='word_1_512' title='bbox 583 2619 696 2646; x_wconf 82' lang='lat' dir='ltr'>Nicolao</span> <span class='ocrx_word' id='word_1_513' title='bbox 715 2619 740 2646; x_wconf 92' lang='grc' dir='ltr'>Ι.</span> <span class='ocrx_word' id='word_1_514' title='bbox 758 2619 867 2645; x_wconf 78' lang='lat' dir='ltr'>missam</span> <span class='ocrx_word' id='word_1_515' title='bbox 885 2619 989 2652; x_wconf 78' lang='lat' dir='ltr'>(Photii</span> <span class='ocrx_word' id='word_1_516' title='bbox 1006 2620 1139 2653; x_wconf 76' lang='lat' dir='ltr'>epistolae,</span> <span class='ocrx_word' id='word_1_517' title='bbox 1164 2619 1203 2646; x_wconf 80' lang='lat' dir='ltr'>ecl.</span> <span class='ocrx_word' id='word_1_518' title='bbox 1216 2620 1310 2653; x_wconf 69' lang='lat' dir='ltr'>Miqne</span> <span class='ocrx_word' id='word_1_519' title='bbox 1329 2620 1405 2646; x_wconf 77' lang='lat' dir='ltr'>Patr.</span> <span class='ocrx_word' id='word_1_520' title='bbox 1416 2627 1455 2653; x_wconf 59' lang='grc' dir='ltr'>φτ</span> <span class='ocrx_word' id='word_1_521' title='bbox 1476 2619 1536 2652; x_wconf 82' lang='grc'><em>011,</em></span> <span class='ocrx_word' id='word_1_522' title='bbox 1550 2622 1599 2646; x_wconf 84' lang='grc'>593</span> <span class='ocrx_word' id='word_1_523' title='bbox 1609 2620 1656 2654; x_wconf 84' lang='lat' dir='ltr'>A),</span> <span class='ocrx_word' id='word_1_524' title='bbox 1676 2620 1814 2653; x_wconf 72' lang='lat' dir='ltr'>epistolam</span> 
     </span>
     <span class='ocr_line' id='line_1_54' title="bbox 158 2662 1814 2696; baseline 0.001 -9"><span class='ocrx_word' id='word_1_525' title='bbox 158 2662 282 2695; x_wconf 76' lang='lat' dir='ltr'>principi</span> <span class='ocrx_word' id='word_1_526' title='bbox 300 2662 452 2696; x_wconf 72' lang='lat' dir='ltr'>Billyamm</span> <span class='ocrx_word' id='word_1_527' title='bbox 471 2662 577 2688; x_wconf 83' lang='lat' dir='ltr'>missam</span> <span class='ocrx_word' id='word_1_528' title='bbox 596 2662 670 2696; x_wconf 84' lang='lat' dir='ltr'>(ibid.</span> <span class='ocrx_word' id='word_1_529' title='bbox 679 2671 708 2696; x_wconf 78' lang='lat' dir='ltr'>p.</span> <span class='ocrx_word' id='word_1_530' title='bbox 718 2666 770 2689; x_wconf 79' lang='grc'>648</span> <span class='ocrx_word' id='word_1_531' title='bbox 778 2662 824 2696; x_wconf 87' lang='grc' dir='ltr'><em>Β),</em></span> <span class='ocrx_word' id='word_1_532' title='bbox 837 2662 909 2689; x_wconf 53' lang='lat' dir='ltr'>Aina</span> <span class='ocrx_word' id='word_1_533' title='bbox 923 2662 1087 2696; x_wconf 74' lang='grc' dir='ltr'><em>ἐρωτήματα,</em></span> <span class='ocrx_word' id='word_1_534' title='bbox 1097 2663 1119 2689; x_wconf 93' lang='lat'>1.</span> <span class='ocrx_word' id='word_1_535' title='bbox 1129 2663 1257 2696; x_wconf 75' lang='lat' dir='ltr'>quaestio,</span> <span class='ocrx_word' id='word_1_536' title='bbox 1277 2670 1344 2696; x_wconf 80' lang='lat' dir='ltr'>quae</span> <span class='ocrx_word' id='word_1_537' title='bbox 1354 2663 1524 2689; x_wconf 75' lang='lat' dir='ltr'>inscribitur:</span> <span class='ocrx_word' id='word_1_538' title='bbox 1542 2662 1586 2688; x_wconf 85' lang='grc' dir='ltr'>Ἐν</span> <span class='ocrx_word' id='word_1_539' title='bbox 1597 2662 1666 2695; x_wconf 84' lang='grc' dir='ltr'><em>ποίῳ</em></span> <span class='ocrx_word' id='word_1_540' title='bbox 1679 2663 1814 2696; x_wconf 73' lang='grc' dir='ltr'><em>φαίνονται</em></span> 
     </span>
     <span class='ocr_line' id='line_1_55' title="bbox 162 2704 1814 2740; baseline 0.001 -10"><span class='ocrx_word' id='word_1_541' title='bbox 162 2705 324 2738; x_wconf 78' lang='grc' dir='ltr'><strong><em>πεπραχότες</em></strong></span> <span class='ocrx_word' id='word_1_542' title='bbox 342 2704 369 2730; x_wconf 85' lang='grc' dir='ltr'>οἴ</span> <span class='ocrx_word' id='word_1_543' title='bbox 378 2704 504 2737; x_wconf 85' lang='grc' dir='ltr'><em>Ῥωμαῖοι</em></span> <span class='ocrx_word' id='word_1_544' title='bbox 523 2705 679 2739; x_wconf 79' lang='grc' dir='ltr'><em>παραλόγως</em></span> <span class='ocrx_word' id='word_1_545' title='bbox 693 2706 719 2738; x_wconf 93' lang='lat' dir='ltr'>(l.</span> <span class='ocrx_word' id='word_1_546' title='bbox 731 2706 747 2733; x_wconf 85' lang='lat' dir='ltr'>l.</span> <span class='ocrx_word' id='word_1_547' title='bbox 759 2705 827 2732; x_wconf 84' lang='lat' dir='ltr'>CIV</span> <span class='ocrx_word' id='word_1_548' title='bbox 825 2726 831 2738; x_wconf 80' lang='grc'>,</span> <span class='ocrx_word' id='word_1_549' title='bbox 840 2709 904 2732; x_wconf 80' lang='grc'><em>1220</em></span> <span class='ocrx_word' id='word_1_550' title='bbox 910 2706 967 2740; x_wconf 67' lang='lat' dir='ltr'>sq).</span> <span class='ocrx_word' id='word_1_551' title='bbox 1056 2706 1082 2739; x_wconf 88' lang='lat'>8)</span> <span class='ocrx_word' id='word_1_552' title='bbox 1103 2706 1137 2732; x_wconf 79' lang='lat' dir='ltr'>In</span> <span class='ocrx_word' id='word_1_553' title='bbox 1150 2706 1260 2740; x_wconf 69' lang='lat' dir='ltr'>epistola</span> <span class='ocrx_word' id='word_1_554' title='bbox 1272 2706 1362 2739; x_wconf 70' lang='lat' dir='ltr'>Serqio</span> <span class='ocrx_word' id='word_1_555' title='bbox 1377 2705 1676 2739; x_wconf 61' lang='lat' dir='ltr'>constantinopolitam</span> <span class='ocrx_word' id='word_1_556' title='bbox 1694 2705 1814 2740; x_wconf 78' lang='lat' dir='ltr'>episcopo</span> 
     </span>
     <span class='ocr_line' id='line_1_56' title="bbox 162 2747 1813 2783; baseline 0.001 -10"><span class='ocrx_word' id='word_1_557' title='bbox 162 2747 250 2780; x_wconf 76' lang='lat' dir='ltr'>missa,</span> <span class='ocrx_word' id='word_1_558' title='bbox 277 2747 342 2781; x_wconf 69' lang='lat' dir='ltr'>Rea.</span> <span class='ocrx_word' id='word_1_559' title='bbox 359 2747 433 2780; x_wconf 70' lang='lat' dir='ltr'>Jaffe&#39;</span> <span class='ocrx_word' id='word_1_560' title='bbox 457 2751 530 2775; x_wconf 77' lang='lat'><em>2018.</em></span> <span class='ocrx_word' id='word_1_561' title='bbox 664 2750 690 2782; x_wconf 82' lang='lat'>9)</span> <span class='ocrx_word' id='word_1_562' title='bbox 718 2747 760 2781; x_wconf 78' lang='lat' dir='ltr'>Cf.</span> <span class='ocrx_word' id='word_1_563' title='bbox 779 2749 909 2775; x_wconf 75' lang='lat' dir='ltr'>actionem</span> <span class='ocrx_word' id='word_1_564' title='bbox 932 2748 1028 2781; x_wconf 85' lang='lat' dir='ltr'><em>X111.,</em></span> <span class='ocrx_word' id='word_1_565' title='bbox 1053 2748 1143 2780; x_wconf 66' lang='lat' dir='ltr'><em>XVI„</em></span> <span class='ocrx_word' id='word_1_566' title='bbox 1167 2749 1197 2776; x_wconf 85' lang='lat' dir='ltr'><strong><em>X</em></strong></span> <span class='ocrx_word' id='word_1_567' title='bbox 1203 2749 1295 2783; x_wconf 67' lang='lat' dir='ltr'><em>VIII„</em></span> <span class='ocrx_word' id='word_1_568' title='bbox 1322 2748 1360 2776; x_wconf 77' lang='lat' dir='ltr'>ecl.</span> <span class='ocrx_word' id='word_1_569' title='bbox 1383 2749 1479 2775; x_wconf 74' lang='lat' dir='ltr'>Mansi</span> <span class='ocrx_word' id='word_1_570' title='bbox 1505 2748 1583 2776; x_wconf 80' lang='lat' dir='ltr'>Cone.</span> <span class='ocrx_word' id='word_1_571' title='bbox 1602 2749 1659 2775; x_wconf 87' lang='lat' dir='ltr'>coll.</span> <span class='ocrx_word' id='word_1_572' title='bbox 1681 2747 1736 2780; x_wconf 79' lang='lat' dir='ltr'>XI,</span> <span class='ocrx_word' id='word_1_573' title='bbox 1755 2752 1813 2780; x_wconf 78' lang='grc'><em>564,</em></span> 
     </span>
     <span class='ocr_line' id='line_1_57' title="bbox 162 2793 291 2823; baseline 0.008 -7"><span class='ocrx_word' id='word_1_574' title='bbox 162 2793 219 2823; x_wconf 71' lang='lat'>622,</span> <span class='ocrx_word' id='word_1_575' title='bbox 236 2793 291 2817; x_wconf 80' lang='lat'><em>635.</em></span> 
     </span>
    </p>
   </div>
  </div>
 </body>
</html>
