2189 3042
119 1989 199 2011 Matth.
209 1992 242 2015 16,
251 1991 283 2011 ιε.

299 114 360 145 372
677 107 877 135 EPISTOLAE
895 107 943 134 AD
962 106 1030 134 RES
1047 107 1276 134 ORIENTALES
1295 107 1528 136 SPECTANTES
1548 110 1571 136 1.

299 196 417 229 absolvi
439 205 493 227 nec
516 195 674 234 episcopos
696 193 742 225 vel
758 193 957 234 presbyteros
979 203 999 223 a
1022 192 1136 225 Photio
1159 195 1354 226 consecratos
1381 194 1416 225 in
1445 203 1518 225 suos
1545 195 1670 227 ordines
1698 196 1824 227 restitui
1848 206 1951 236 posse.

302 247 408 280 Talem
440 247 540 285 fuisse
572 246 640 277 eius
670 245 872 276 intentionem
905 244 1040 285 intelliyi
1067 246 1167 284 potest
1197 254 1266 276 cum
1293 254 1331 276 ex
1358 244 1482 282 libellis,
1514 255 1591 286 quos
1623 247 1710 286 operi·
1739 256 1795 278 suo
1819 247 1955 280 inseruit

300 299 352 340 (cf.
369 299 526 340 imprimis
540 297 649 329 Rader
665 296 683 328 l.
702 296 720 328 l.
730 307 765 336 p.
782 298 871 336 408),
895 298 961 328 tum
977 315 1016 319 —
1033 299 1069 328 ut
1090 295 1158 327 alia
1179 297 1362 329 omittamus
1377 315 1419 319 -
1435 307 1472 328 ea:
1487 297 1620 339 ratione,
1636 308 1700 337 qua
1715 297 1872 330 Iohannis
1886 299 1954 333 IX.

298 349 458 390 epistolam
488 350 714 388 interpretatus
745 351 790 380 est
819 348 876 388 (cf.
899 348 992 386 infra
1011 358 1044 388 p.
1061 348 1152 389 384).
1197 347 1327 380 Dicenti
1356 359 1426 389 erqo
1452 347 1639 381 collectorem
1662 349 1767 381 eadem
1790 349 1826 381 de
1854 360 1956 382 causa

298 403 392 433 etiam
415 401 593 438 sententias,
623 401 652 431 si
675 410 755 440 quas
776 401 858 438 forte
880 400 916 430 in
934 409 1094 441 paparum
1117 399 1253 439 epistolis
1276 400 1453 432 inveniebat
1474 401 1642 433 intentioni
1664 411 1741 433 suae
1767 402 1954 441 contrarias,
1996 413 2008 432 ⁵

298 453 344 485 vel
366 453 562 484 abbreviassc
584 452 630 483 vel
653 453 800 490 omisisse,
823 461 888 483 non
908 451 1008 493 facile
1031 461 1246 492 repuynemus.

406 504 461 536 Ea:
483 514 570 546 opere
593 504 661 544 ipso
683 503 786 543 colliyi
801 505 915 543 potest,
939 513 998 543 quo
1021 507 1151 543 tempore
1175 503 1345 541 confectum
1367 503 1418 534 sit.
1454 503 1614 535 Iohannes
1628 503 1691 536 IX.
1713 504 1796 536 enim
1820 504 1955 536 novissi-

298 566 369 588 mus
383 567 475 596 papa
498 558 551 594 est,
575 555 667 587 cuius
689 555 804 587 mentio
819 556 865 594 fit,
889 557 917 586 et
930 555 1071 586 studium
1095 554 1186 593 illud,
1209 565 1270 595 quo
1292 555 1476 595 epitomator
1490 555 1640 587 Photium
1662 556 1789 596 eiusque
1811 565 1956 596 sequaces

293 608 504 650 persequitur,
528 607 593 638 nisi
608 607 643 638 in
659 607 787 647 aequali
809 616 871 638 non
887 607 1040 638 invenias.
1074 606 1154 638 Inde
1174 606 1387 638 concludimus
1408 607 1489 638 hano
1515 607 1720 639 collectionem
1740 607 1827 640 circa
1846 618 1876 639 a.
1893 608 1956 638 900

299 660 498 700 compositam
522 670 594 691 esse.
631 659 800 691 Assemani
824 659 842 690 l.
862 658 880 690 l.
891 669 926 698 p.
943 658 1008 690 322
1031 659 1179 700 opinatus
1194 660 1239 690 est
1251 657 1408 690 Davidem
1423 658 1583 697 Nihetam,
1606 659 1661 698 qui
1676 661 1705 691 et
1719 659 1816 691 vitam
1831 659 1955 700 Iynatii
1983 670 2009 689 ιο

299 711 359 752 (ed.
378 711 487 743 Rader
510 710 528 743 l.
547 710 565 742 l.
576 721 612 750 p.
630 712 686 751 78)
709 710 835 751 scripsit
865 710 922 753 (cf.
939 710 976 742 de
999 720 1031 742 co
1047 710 1088 742 A.
1100 709 1257 742 Ehrhard
1278 710 1364 752 apud
1385 710 1427 741 K.
1444 707 1662 742 Krumbacher
1683 710 1878 743 ‘Gcschichte
1902 710 1957 742 der

298 762 570 805 Byzantinischen
592 762 793 794 Laterano-'2
811 763 953 804 p.167)‚
983 762 1038 794 hoc
1061 772 1139 802 opus
1166 762 1347 801 confecisse;
1375 762 1430 794 sed
1455 762 1536 794 hanc
1558 762 1734 802 opinionem
1756 761 1957 794 verisimilem

300 825 363 846 esse
386 815 598 846 demonstrare
620 824 684 846 non
701 815 822 856 potuit,
845 814 886 856 cf.
904 815 998 846 eliam
1020 814 1251 855 Heryenrother
1274 815 1294 847 l.
1312 814 1331 846 l.
1341 825 1376 854 p.
1395 816 1446 846 73.

1118 972 1144 1001 1.

409 1038 589 1080 Stephanus
611 1038 644 1070 V.
670 1049 761 1080 papa
789 1038 914 1070 Basilio
946 1039 1127 1080 imperatori
1160 1037 1524 1079 Constantinopolitano,
1554 1038 1611 1078 qui
1639 1038 1810 1070 Marinum
1832 1048 1957 1079 papam

299 1090 562 1132 praedecessorem
585 1101 679 1121 suum
701 1090 839 1121 ambitus
861 1092 1020 1129 aryuerat,
1049 1089 1211 1128 respondet
1241 1091 1269 1120 ct
1291 1089 1421 1121 Marini
1449 1089 1623 1121 electionem
1651 1090 1835 1121 canonicam
1857 1089 1957 1129 fuisse
1985 1104 2009 1123 ιε

301 1144 329 1174 et
351 1142 450 1173 sedem
473 1141 672 1183 apostolicam
695 1151 715 1172 a
738 1141 827 1173 nullo
851 1141 989 1172 iudicari
1012 1141 1117 1172 debere
1139 1141 1204 1172 nisi
1227 1151 1248 1172 a
1270 1140 1347 1173 Deo.
1534 1142 1612 1181 (885
1628 1142 1794 1173 ειη-886
1809 1141 1870 1182 in.)

406 1218 505 1245 Coeia:
529 1218 566 1245 M
576 1227 606 1252 p.
621 1222 676 1251 104,
701 1218 754 1252 Vf.
770 1222 810 1250 98,
832 1218 876 1244 Ott
894 1221 914 1251 f.
928 1219 999 1250 274⁴,
1018 1218 1070 1244 Vat
1088 1220 1108 1252 f.
1124 1221 1162 1251 61,
1181 1218 1243 1245 Bav
1261 1220 1281 1252 f.
1294 1221 1349 1245 371.

403 1261 492 1288 Ecca:
512 1261 605 1288 Rader
622 1270 648 1295 p.
661 1265 718 1288 378.
755 1261 846 1288 Labbe
864 1261 943 1294 VHI,
958 1264 1022 1288 1392
1040 1273 1068 1283 =
1089 1261 1185 1288 Mansi
1204 1261 1285 1294 XVI,
1298 1266 1353 1288 419.
1372 1276 1404 1280 —
1425 1260 1502 1295 Rea:
1521 1261 1593 1293 Jaffe'
1611 1263 1686 1288 3403.

411 1357 477 1388 Το*
502 1357 655 1397 γράμμα1
679 1357 714 1388 τὸ
741 1357 828 1397 παρὰ
846 1360 910 1398 Δτῆς
936 1357 1111 1397 ὓμετέραςῦ
1133 1357 1366 1398 γοιληνότητος2
1391 1356 1566 1388 ἀποσταλὲν
1593 1356 1675 1398 πρὸς
1696 1355 1881 1397 Ἀδριανὸν3
1904 1354 1958 1386 τὸν

300 1409 568 1450 προηγησάμενον
598 1409 715 1449 ἡμῶν4
743 1408 923 1450 ἐδεξάμεθα
952 1408 1005 1439 καὶ
1033 1408 1264 1449 ἐθαυμάσαμεν
1291 1408 1346 1449 τὴν
1369 1408 1428 1449 σὴν
1449 1409 1733 1449 μεγαλοπρέπειαν,
1758 1408 1804 1439 ὅτι
1830 1410 1957 1439 τοιαῦτα
1984 1421 2010 1441 20

300 1461 448 1501 ἠνέσχετο
472 1461 594 1500 γράψαι
617 1460 760 1501 σταθμὸς
784 1459 865 1491 οὐσα
889 1460 1102 1501 δικαιοσύνης.
1136 1460 1200 1491 Καὶ
1222 1464 1318 1492 ταῦτα
1341 1463 1396 1491 τοῦ
1420 1461 1572 1501 εὐσεβοῦς
1591 1472 1649 1492 σου
1673 1461 1811 1501 κράτους
1833 1460 1957 1491 ἐπιστα-

300 1512 400 1552 μένου
413 1512 433 1547 5,
464 1512 509 1542 ὅτι
536 1512 682 1553 βασιλικῇ
711 1512 791 1552 χειρὶ
820 1512 858 1542 οὐ
890 1512 1010 1552 δέχεται
1037 1511 1071 1543 τὸ
1102 1511 1258 1552 ἱερατικὸν
1280 1512 1334 1542 καὶ
1358 1511 1567 1543 ἀποστολικὸν
1589 1513 1685 1553 ἡμῶν
1708 1512 1846 1552 ἀξίωμα,
1883 1511 1957 1542 Κᾶν

301 1563 362 1603 γὰρ
391 1563 488 1594 αὐτοῦ
512 1562 652 1603 Χριστοῦ
681 1563 715 1594 τὸ
745 1564 962 1603 ἀρχικώτατον
993 1563 1042 1594 ἐπὶ
1072 1566 1128 1604 γῆς
1158 1564 1311 1604 ἐπιφέρῃς
1340 1564 1501 1604 ὁμοίωμα,
1530 1566 1595 1595 τῶν
1624 1563 1674 1595 ἕπὶ
1703 1567 1761 1605 γῆς
1788 1564 1956 1604 κοσμικῶν

299 1615 412 1655 μόνων
435 1614 569 1654 ὀφείλεις
591 1615 776 1657 φροντίζειν,
801 1615 818 1645 ὃ
841 1614 895 1645 καὶ
923 1614 1087 1654 εὐχόμεθα
1111 1613 1160 1645 ἐπὶ
1182 1615 1356 1654 μηκίστους
1384 1614 1524 1655 χρόνους
1551 1617 1686 1655 κρατεῖν.
1730 1614 1819 1645 Καθ’
1837 1615 1873 1645 ὃν
1898 1613 1957 1645 οὐν

300 1666 420 1706 τρόπον
444 1666 478 1696 ἔκ
502 1666 582 1697 θεοῦ
606 1665 640 1696 τὸ
664 1666 771 1706 ἄρχειν
794 1668 858 1696 τῶν
880 1666 1040 1706 βιωτικῶν
1063 1666 1138 1706 ὑμῖν
1162 1665 1296 1701 δέδοται,
1327 1666 1411 1697 οὕτω
1441 1666 1495 1697 καὶ
1517 1667 1593 1707 ἡμῖν
1617 1665 1667 1697 διὰ
1690 1669 1746 1697 τοῦ
1768 1665 1953 1707 κορυφαίου
1984 1680 2008 1700 25

300 1717 429 1757 Πέτρου
457 1717 492 1748 τὸ
523 1718 630 1758 ἄρχειν
662 1720 727 1748 τῶν
756 1719 989 1757 πνευματικῶν.
1032 1717 1136 1753 Δέξαι,
1165 1717 1354 1757 παρακαλῶ,
1385 1717 1528 1758 εὐμενῶς
1557 1717 1593 1748 τὰ
1624 1718 1706 1759 ἑξῆς.
1752 1717 1874 1758 Ἐδόθη
1909 1728 1958 1748 σοι

301 1769 487 1809 φροντίζειν,
510 1769 559 1799 ἵνα
584 1771 647 1799 τῶν
670 1769 911 1808 τυραννούντων
934 1768 969 1800 τὸ
993 1769 1092 1800 ἄθεον
1115 1768 1167 1799 καὶ
1195 1769 1358 1810 θηριῶδες
1380 1772 1426 1810 τῷ
1450 1770 1533 1810 ξίφει
1563 1772 1618 1810 τῆς
1646 1769 1748 1810 ἀρχῆς
1779 1769 1955 1809 διατέμνῃς,

301 1821 350 1851 ἵνα
379 1820 517 1860 πράττῃς
547 1820 651 1851 δίκαια
684 1823 746 1854 τοῖς
776 1819 838 1851 ὑπὸ
867 1823 966 1861 χεῖρα,
996 1821 1045 1851 ἵνα
1077 1821 1197 1861 νόμους
1225 1820 1422 1861 συγγράφῃς,
1447 1821 1496 1851 ἵνα
1528 1824 1568 1862 γῇ
1596 1832 1628 1851 τε
1660 1820 1714 1851 καὶ
1742 1819 1888 1861 θαλάσσῃ
1919 1819 1956 1851 τὰ

300 1871 457 1912 πολεμικὰ
487 1872 701 1912 στρατεύματα
726 1871 897 1912 διευθετῇς.
936 1872 1024 1913 Αὕτη
1049 1872 1111 1903 ἐστὶ
1136 1875 1190 1912 τῆς
1212 1872 1366 1912 ὑμετέρας
1389 1872 1490 1913 ἀρχῆς
1513 1872 1532 1913 ἡ
1557 1872 1694 1913 φροντίς.
1730 1871 1773 1903 Τὸ
1800 1872 1835 1903 δὲ
1857 1882 1955 1903 κατα-

300 1923 467 1954 πιστευθὲν
489 1924 564 1963 ἡμῖν
586 1923 733 1963 ποίμνιον
756 1923 906 1954 τοσοῦτόν
930 1923 1009 1954 ἔστιν
1032 1923 1240 1964 ὑψηλότερον,
1266 1923 1343 1954 ὅσον
1367 1923 1526 1964 διάφορον
1549 1923 1712 1964 οὐρανοῧῧ
1735 1922 1818 1964 πρὸς
1839 1923 1876 1954 τὰ
1907 1923 1957 1954 ε’πὶ
1984 1938 2010 1958 ³0

300 1978 367 2016 γῆς.
396 1975 510 2008 Ἄκουε
533 1977 587 2006 τοῦ
611 1975 724 2015 κυρίου
749 1975 894 2015 λέγοντος
916 1974 998 2015 πρὸς
1020 1974 1074 2006 τὸν
1090 1974 1232 2015 Πέτρονῑ
1255 1974 1318 2006 “Σὺ
1339 1975 1368 2006 εἷ
1383 1974 1509 2015 Πέτρος
1531 1974 1585 2006 καὶ
1608 1974 1657 2005 ἐπὶ
1679 1975 1774 2016 ταύτῃ
1798 1977 1835 2015 τῇ
1857 1975 1957 2015 πέτρᾳ

301 2026 510 2067 οἷκοὸομήσω
540 2038 605 2066 μου
629 2026 684 2066 τὴν
708 2027 886 2067 ἐκκλησίαν,
914 2026 967 2057 καὶ
994 2027 1089 2057 πύλαι.
1113 2027 1195 2067 ᾅδου
1227 2027 1265 2058 οὗ
1296 2026 1538 2067 κατισχύσουσιν
1567 2025 1686 2066 αὐτῆςῖ
1726 2025 1808 2067 Περὶ
1840 2025 1875 2057 δὲ
1902 2029 1956 2067 τῆς

412 2172 438 2204 *)
457 2171 651 2204 διῳενεονὶρῒὶο
669 2174 692 2197 et
710 2171 803 2198 lemma
822 2173 852 2199 in
875 2172 965 2199 codd:
988 2171 1126 2206 Ἐπιστολὴ
1145 2173 1289 2206 Στεφάνου
1311 2173 1385 2199 πάπα
1401 2173 1506 2207 Ῥώμης
1530 2172 1596 2206 πρὸς
1615 2172 1754 2199 Βασίλειον
1777 2172 1820 2198 τὸν
1845 2171 1955 2206 βασιλέα

457 2214 494 2242 εἷς
518 2215 548 2240 τὰ
567 2215 703 2241 τελευταῖα
728 2215 816 2247 αὐτοῦ,
842 2215 955 2249 ὁπηνίκα
980 2216 1161 2250 προδηγηθεὶς
1188 2216 1266 2245 οὗτος
1290 2216 1342 2243 ’ὑπὸ
1364 2215 1470 2243 Φωτίου
1488 2216 1602 2250 ἔγραφεν
1620 2215 1647 2242 ἒν
1665 2219 1695 2249 τῇ
1713 2214 1803 2249 Ῥώμῃ
1822 2215 1890 2242 κατὰ
1909 2218 1954 2241 τοῦ

456 2257 532 2290 ἁγίου
550 2257 623 2283 πάπα
642 2257 774 2290 ΛΙαρίνου.
1984 2263 2009 2283 35

407 2336 430 2362 1.
457 2335 481 2368 ⁸)
499 2335 630 2368 ἢμητέρας
649 2336 677 2368 V,
690 2336 728 2368 M,
747 2336 793 2366 Otr,
811 2336 866 2369 Vol,
891 2337 919 2362 in
938 2346 1020 2370 marq.
1034 2339 1069 2363 al.
1082 2347 1114 2363 m.
1128 2336 1143 2362 ὗ
1164 2338 1217 2363 Vat.
1336 2337 1360 2371 ¹3)
1381 2336 1496 2369 οὐρανοῦ
1519 2337 1547 2362 in
1570 2342 1646 2369 textu,
1670 2337 1723 2361 τῶν
1746 2334 1774 2361 ἕν
1798 2335 1904 2369 οὐρανῷ
1929 2337 1957 2362 in

301 2388 381 2413 marg.
397 2379 451 2405 Vas.

407 2464 431 2497 1)
453 2464 527 2497 Quae
545 2464 647 2490 litterae
666 2463 815 2499 deperditae
832 2467 905 2497 sunt,
925 2465 958 2496 cf.
971 2465 1313 2499 Heryenrother‘Photius’
1327 2465 1368 2498 ΙΙ,
1384 2468 1446 2496 660,·
1471 2464 1536 2499 Req.
1555 2464 1623 2498 (non
1640 2464 1699 2491 sine
1716 2464 1861 2497 erroribus)
1879 2464 1956 2498 apud

301 2506 418 2540 Doelyer
435 2506 552 2540 ‘Corpus
571 2507 617 2533 der
633 2507 812 2541 griechischen
831 2507 975 2534 Urhunden
993 2507 1037 2534 oles
1048 2508 1219 2535 Mittelalters
1236 2508 1295 2535 und
1312 2508 1359 2535 der
1374 2516 1488 2534 neueren
1500 2507 1565 2534 Zeit’
1579 2508 1614 2541 A,
1627 2507 1645 2533 1
1660 2515 1688 2534 n.
1702 2510 1763 2534 505.
1851 2507 1877 2540 2)
1897 2507 1956 2534 Βα-

301 2550 358 2576 silii
375 2550 407 2582 I.‚
429 2553 571 2577 867-886.
677 2551 704 2583 3)
722 2550 789 2583 HL,
802 2554 948 2578 884—885.
1045 2553 1072 2584 4)
1090 2551 1151 2580 Scil.
1164 2552 1295 2585 Stephani
1309 2551 1341 2579 V.
1355 2559 1454 2586 papae,
1472 2554 1613 2578 885-891.
1709 2550 1736 2584 5)
1756 2549 1796 2584 Of.
1812 2549 1915 2576 Gelasii
1927 2549 1952 2576 I.
1980 2564 2007 2583 40

301 2593 372 2626 epist.
387 2592 451 2627 Rey.
466 2593 544 2625 Jaffe
563 2597 616 2625 701,
640 2593 678 2620 ed.
698 2593 774 2619 Thiel
792 2593 880 2626 Epist.
893 2593 969 2620 Rom.
979 2596 1055 2626 pont.
1070 2594 1095 2627 I,
1106 2598 1154 2621 567
1159 2603 1213 2628 squ
1231 2594 1375 2621 NicolaiI.
1388 2594 1461 2627 epist.
1476 2593 1541 2628 Rey.
1553 2593 1625 2625 Jaffe'
1637 2596 1712 2626 2796,
1731 2592 1769 2619 ed.
1782 2591 1853 2620 ΜΘ.
1865 2592 1958 2626 Epist.

307 2635 355 2668 VI,
369 2639 427 2662 486.
464 2635 510 2661 Ad
533 2636 717 2662 allocutionem
735 2636 821 2670 ipsius
841 2636 945 2662 Basilii
963 2637 993 2662 in
1011 2637 1113 2671 synodo
1133 2638 1434 2671 constantinopolitana
1459 2645 1484 2664 a.
1503 2640 1554 2664 869
1578 2636 1695 2662 habitam
1714 2643 1817 2669 ,papam
1840 2635 1956 2662 alludere

301 2681 389 2704 monet
406 2678 475 2705 Her
463 2679 606 2712 Jenrothei
624 2679 639 2706 l.
654 2680 670 2705 l.
685 2688 713 2712 p.
726 2683 782 2711 664,
807 2680 844 2712 cf.
857 2679 1101 2712 interpretationem
1119 2681 1261 2707 Anastasii
1280 2680 1474 2713 bibliothecarii,
1492 2679 1531 2706 ed.
1545 2679 1639 2714 Miqne
1657 2678 1732 2705 Patr.
1744 2678 1792 2705 lat.
1811 2677 1954 2711 CXXIX,

301 2721 521 2748 1731)-174Α.
