2189 3042
685 109 863 136 IOHANNIS
881 109 956 136 VIII.
976 107 1094 135 PAPAE
1116 107 1314 134 EPISTOLAE
1337 107 1361 134 9.
1381 107 1422 134 10.
1860 109 1878 137 9

229 199 261 229 in
284 198 540 230 Bituricenseml
564 196 733 228 ecclesiam
756 195 952 227 cardinalem
980 195 1050 227 fieri
1077 194 1285 226 decernentes
1315 193 1563 234 metropolitane
1592 193 1756 235 dignitatis
1784 194 1880 234 privi-

229 250 315 291 legio
339 250 455 281 iterato
478 249 601 280 munire
626 248 818 283 curavimus;
843 250 876 278 et
898 247 994 278 studii
1015 247 1113 277 vestri
1136 246 1322 286 sollertiam,
1347 257 1409 287 quo
1438 255 1566 286 semper
1589 245 1722 276 idoneos
1746 246 1880 286 ecclesie

230 303 315 333 viros
346 301 483 342 quadam
517 299 670 330 naturalis
704 299 823 340 ingenii
853 299 1020 329 nobilitate
1052 298 1214 339 delegitis,
1250 297 1446 328 admirantes
1479 307 1635 337 congruas
1666 297 1789 327 litteras
1822 297 1880 337 his,

232 364 367 394 quorum
389 353 531 391 interest,
555 361 596 382 ex
619 351 808 381 auctoritate
832 350 916 381 sedis
940 354 1046 389 nostre
1071 349 1267 380 direximus2
1292 352 1389 390 atque
1414 349 1711 390 magnanimitatem
1731 351 1881 388 vestram,

200 415 211 433 ⁵
232 416 329 447 quam
352 405 442 436 istius
465 403 607 444 religiosi
630 403 751 443 negotii
774 403 857 433 circa
879 413 937 433 nos
959 402 1165 433 incentricem
1182 402 1399 442 cognovimus,
1425 411 1495 431 eam
1519 400 1742 430 nichilominus
1764 410 1881 431 execu-

232 458 343 488 tricem
360 456 428 487 fore
452 465 511 486 nec
533 455 682 485 inmerito
700 453 898 494 delegamus,
921 454 1067 495 quatinus
1084 456 1216 494 propter
1232 453 1347 492 Deum,
1373 453 1461 483 cuius
1484 451 1539 482 filii
1563 452 1704 493 pretioso
1728 453 1882 493 sanguine

232 511 300 539 tota
316 519 375 549 per
390 506 543 538 mundum
560 505 728 547 redempta
746 507 907 537 consistita
924 506 1068 545 ecclesia,
1093 506 1137 535 sic
1153 505 1243 535 istius
1260 505 1439 543 necessarie
1458 503 1703 544 dispensationis
1719 503 1882 534 institutab

233 559 405 599 custodiat,
435 562 470 589 ut
493 569 512 589 a
535 558 677 598 paternis
700 557 820 598 regulis
844 558 1022 588 constitutis
1046 557 1220 597 antiquitus
1243 556 1274 585 in
1298 558 1388 596 parte
1414 555 1516 586 altera
1540 560 1731 595 numquam⁰
1755 555 1882 585 omnino

232 610 385 642 discedat.
431 609 601 649 Preterea,
630 609 715 650 quod
739 609 904 639 filiolitatis
927 611 1031 647 vestre
1064 608 1146 649 petit
1175 607 1344 646 industria,
1377 609 1425 645 ut,
1458 616 1591 647 quorum
1625 606 1883 647 suggestionibus

188 672 213 690 10
232 662 352 693 dudum
368 663 475 692 vestra
498 661 538 691 sit
562 660 661 691 dilata
677 661 800 701 petitio„
826 660 1025 701 detegamus,
1050 660 1177 690 omnino
1202 658 1317 698 sciatis,
1343 658 1416 698 quia
1440 668 1507 696 nOS,
1531 658 1606 688 licet
1629 658 1751 699 indigni
1775 658 1882 698 simus,

231 716 355 751 tamen,
385 713 535 754 quoniam
564 723 622 753 per
645 712 907 753 consequentiam
935 713 1076 752 priorum
1100 713 1280 741 nostrorum
1304 709 1490 750 pontificum
1517 715 1629 739 matura
1657 710 1800 750 cogimur
1823 723 1883 740 esse

232 769 337 795 iudicia
348 764 370 803 3,
400 774 528 794 causam
558 766 645 794 tante
670 763 912 795 deliberationis
938 763 1012 794 ideo
1037 773 1099 793 non
1123 761 1217 792 facile
1241 764 1315 792 tunc
1340 760 1581 791 deliberandam
1607 761 1813 801 credidimus,
1844 771 1883 791 ne

233 815 397 854 diffinisse,
416 815 521 856 quodd
539 815 628 846 Deus
645 816 806 855 averterit,
830 816 933 846 minus
951 814 1171 845 ordinabiliter
1185 813 1376 844 videremur.
1416 812 1460 842 At
1483 815 1653 852 postquam
1669 812 1757 843 Deus
1782 814 1882 843 omni-

232 870 346 908 potens
362 867 551 908 petitionem
573 867 754 897 serenitatis
770 870 874 906 vestre
891 865 1194 906 conprovincialium
1210 864 1372 905 presulum
1388 864 1572 894 testimonio
1589 863 1762 900 decoravit,
1786 864 1883 894 immo

189 929 213 947 15
232 919 417 949 testimonia
440 918 619 959 presulum⁴³
643 919 772 958 pietatis
795 920 899 957 vestre
924 916 1074 957 suffragio
1099 915 1310 955 confirmavit,
1339 925 1396 945 nos
1425 917 1456 945 et
1484 915 1666 955 religiosam
1695 915 1884 955 petitionem

232 973 373 1000 vestram
404 970 649 1010 complevimus,
685 972 717 1000 et
751 968 1008 1010 suggestionibus
1041 967 1174 998 fratrum
1204 967 1531 1007 coepiscoporumque
1563 969 1742 996 nostrorum
1772 977 1884 997 manus

232 1022 449 1062 porreximus,
485 1024 517 1052 et
551 1021 686 1060 ecclesie
718 1021 781 1052 Dei
811 1021 907 1051 tantis
937 1018 1181 1050 necessitatibus
1213 1018 1415 1049 consulentes
1445 1017 1484 1048 de
1516 1018 1666 1048 thesauro
1695 1018 1885 1058 pontificalis

233 1073 372 1114 pectoris
396 1073 440 1103 ita
463 1072 563 1103 novaf
584 1073 783 1113 protulimus,
808 1075 843 1103 ut
865 1082 884 1102 a
909 1071 1060 1102 doctrinis
1084 1070 1228 1101 deviasse
1252 1070 1414 1100 veteribus
1438 1070 1524 1100 nullo
1549 1070 1644 1100 modo
1666 1069 1840 1101 videamur.

339 1135 432 1158 DATA
457 1135 501 1158 UT
525 1134 641 1158 SUPRA.

1040 1266 1085 1295 10.

193 1340 219 1358 20
345 1321 504 1352 Iohannes
521 1320 617 1352 VIII.
628 1330 719 1359 papa
736 1319 938 1350 Adalardum
961 1319 1138 1358 episcopum
1154 1319 1358 1350 Veronensem
1374 1319 1507 1350 Romam
1531 1319 1574 1349 ad
1590 1319 1755 1350 concilium
1772 1322 1885 1359 episco-

230 1383 347 1412 porum
370 1372 617 1412 cowyreyandum
639 1372 743 1403 venire
766 1371 815 1402 die
837 1372 887 1402 30.
906 1371 1088 1402 Novembris
1110 1370 1156 1401 vel
1177 1373 1257 1402 certe
1280 1371 1330 1402 die
1352 1372 1403 1402 25.
1421 1370 1601 1402 Decembris
1623 1371 1716 1402 iubet.

352 1458 429 1484 eod„-
458 1457 485 1483 R
502 1460 523 1490 f.
536 1461 550 1483 5
568 1465 595 1482 n.
610 1460 650 1483 10.
1589 1424 1652 1453 876
1675 1424 1752 1455 NW'
1768 1424 1798 1454 ’ρ’

339 1505 426 1531 Erat:
453 1504 548 1530 Editio
569 1504 695 1530 Romana
714 1504 798 1537 (1591)
819 1504 877 1535 ΙΙΙ,
898 1507 945 1530 294
964 1512 990 1530 n.
1005 1508 1042 1530 10.
1079 1504 1174 1530 illan-si
1196 1504 1274 1530 Cone.
1288 1504 1343 1529 coll.
1360 1503 1458 1536 XVII,
1479 1508 1509 1529 10
1527 1512 1554 1530 oz.
1569 1508 1605 1529 10.
1642 1503 1733 1537 Migsnc
1752 1505 1826 1531 Patr.
1840 1506 1885 1532 lat.

192 1553 217 1572 25
239 1549 374 1580 CXXVI,
397 1551 446 1574 693
465 1556 491 1574 η.
504 1553 542 1574 41.
565 1563 594 1566 —
614 1547 687 1579 λαβέ
706 1547 769 1580 Βσῃ.
783 1550 851 1573 3060
869 1548 969 1580 (2289).

538 1612 724 1645 IOHANNE<S
749 1611 960 1644 EPISCOPUs>*
979 1613 1167 1637 ADALARDO
1191 1612 1353 1637 EPISCOPO
1371 1612 1587 1637 VERONENSN.

343 1665 493 1696 Advertit
515 1665 611 1706 plane
635 1664 806 1705 prudentia
829 1667 896 1703 tua,
927 1667 1044 1705 quanto
1075 1666 1106 1694 et
1130 1664 1216 1704 quali
1244 1664 1326 1694 circa
1355 1674 1388 1694 se
1416 1663 1615 1703 apostolatus
1643 1667 1751 1694 noster
1773 1664 1887 1704 flagret

237 1717 368 1758 affectu,
400 1728 471 1748 cum
500 1721 552 1756 tue
578 1722 692 1748 causaa
715 1716 930 1757 provectionis
956 1727 1018 1746 non
1047 1715 1207 1746 modicum
1232 1716 1459 1756 sumpserimus
1484 1715 1643 1754 laborem,
1673 1716 1823 1747 idoneum
1856 1720 1886 1747 te

237 1769 355 1801 Christi
379 1768 581 1800 sacerdotem
605 1769 719 1799 merito
743 1768 935 1799 arbitrantes
952 1768 1092 1798 futurum
1117 1771 1148 1798 et
1172 1767 1370 1808 spiritualem
1394 1767 1501 1807 potius
1518 1777 1613 1808 quam
1638 1768 1737 1806 seculi
1752 1768 1887 1808 gloriam

192 1831 217 1850 30
237 1824 445 1860 sectaturum,
475 1831 546 1851 cum
575 1823 607 1851 et
634 1820 705 1861 ipsa
732 1820 880 1850 nimirum
904 1819 1079 1850 nobilitatis
1103 1822 1155 1858 tue
1179 1819 1315 1859 insignia
1344 1822 1376 1850 et
1404 1819 1559 1859 sapientie
1585 1819 1715 1859 specula
1747 1819 1822 1850 talia
1846 1820 1886 1850 de

237 1876 269 1904 te
293 1872 451 1914 speranda
476 1871 660 1903 tribuerent.
708 1871 802 1907 Quod
826 1872 901 1912 quia
925 1871 1086 1902 vindicare
1111 1871 1170 1901 sibi
1192 1871 1343 1901 virtutum
1367 1870 1487 1900 nisibus
1519 1874 1552 1900 et
1579 1870 1738 1911 probitate
1763 1882 1886 1902 morum

237 1924 439 1955 sanctitatem
468 1927 556 1955 tuam
584 1924 812 1964 comperimus,
841 1923 913 1954 Deo
938 1924 1119 1953 innumeras
1142 1923 1262 1963 gratias
1286 1921 1380 1952 valde
1405 1921 1576 1962 gratulatib
1600 1923 1764 1953 retulimus
1795 1926 1827 1953 et
1856 1924 1888 1953 in

238 1977 313 2017 hoc,
342 1977 416 2017 quia
440 1976 615 2007 secundum
639 1975 819 2017 apostolum
842 1974 943 2016 ‘spesc
967 1985 1029 2006 non
1054 1974 1244 2013 confundit*²
1275 1975 1496 2014 experimento
1523 1973 1726 2010 di(lici1nus‘¹;
1759 1977 1791 2005 et
1814 1974 1886 2005 ideo
1902 1982 1962 2003 Rom.
1977 1984 1996 2007 5,
2007 1984 2025 2003 5.

237 2029 269 2058 in
292 2028 439 2069 proximo
464 2037 560 2058 causa
585 2027 801 2066 ecclesiastice
826 2027 918 2057 simul
943 2030 975 2058 et
997 2027 1173 2067 imperialis
1197 2026 1421 2067 oportunitatis
1446 2029 1643 2056 ceterorume
1665 2026 1888 2067 congregaturi

195 2098 218 2117 35
239 2080 462 2121 episcoporum
485 2080 653 2110 concilium
664 2079 685 2120 ⁵,
715 2079 918 2110 dilectionem
943 2082 1030 2110 tuam
1055 2078 1160 2109 tantof
1182 2077 1352 2108 conventui
1374 2077 1540 2108 iubemusg
1564 2077 1686 2107 adesse.
1733 2076 1886 2118 ‘Accinge
1901 2085 1938 2105 iob
1952 2087 2014 2111 aaa.

342 2173 369 2205 *)
388 2173 450 2200 add.
469 2182 541 2200 mart.
561 2173 714 2199 correctoris
733 2172 767 2199 R.

341 2233 365 2266 Β)
384 2235 506 2259 consistat
523 2235 555 2259 R.
649 2234 672 2265 b)
691 2235 811 2259 institura
829 2234 861 2259 R.
953 2233 974 2265 Ο)
993 2241 1108 2265 numqua
1126 2232 1158 2257 R.
1250 2231 1275 2264 d)
1295 2233 1362 2264 quod
1381 2225 1414 2265 q]
1432 2232 1463 2259 R.
1556 2232 1580 2263 Θ)
1599 2233 1695 2265 presuli
1714 2233 1746 2257 R.
1833 2232 1853 2264 ἢ
1872 2243 1887 2257 v

238 2286 304 2302 corr.
324 2285 354 2302 σω
372 2278 388 2302 b
407 2278 439 2302 R.

342 2320 382 2346 10.
411 2320 435 2352 ³)
455 2329 515 2345 casa
533 2320 564 2344 R.
661 2320 684 2352 b)
704 2321 841 2345 secundum
864 2324 874 2345 t
897 2329 964 2345 corr.
981 2328 1012 2344 em
1030 2329 1046 2344 n
1065 2320 1096 2344 R.
1191 2318 1214 2351 ⁰)
1234 2328 1303 2352 spem
1321 2319 1353 2344 B.
1446 2318 1471 2349 d)
1491 2319 1542 2343 -ci-
1562 2319 1622 2343 add.
1641 2327 1722 2351 supra
1740 2319 1833 2342 lineam
1852 2319 1886 2342 al.

196 2370 222 2388 40
240 2372 308 2388 man.
328 2363 360 2388 R.
448 2363 470 2395 Β)
490 2368 616 2388 cestorum
636 2363 667 2388 R.
756 2363 774 2395 f)
794 2372 808 2388 0
827 2372 893 2388 corr.
907 2372 937 2388 ex
954 2372 972 2388 u
991 2363 1022 2387 R.
1110 2362 1135 2393 g)
1154 2363 1170 2387 b
1190 2371 1256 2388 corr.
1275 2371 1306 2387 ex
1328 2371 1346 2387 u
1365 2362 1396 2386 R.

344 2431 369 2463 1)
388 2430 478 2457 Hodie
494 2431 648 2464 ‘Bmwyesfi
736 2431 763 2463 2)
785 2431 826 2463 Cf.
845 2434 947 2457 rm.13.
967 2434 1006 2457 14.
1042 2430 1120 2456 Recte
1138 2430 1219 2463 igitar
1237 2430 1310 2461 ,1αῆΡὲ
1327 2430 1398 2455 lame
1418 2429 1556 2462 epistolam
1576 2432 1637 2462 post
1660 2429 1722 2454 illas
1745 2429 1886 2460 collocavit,

240 2474 339 2500 Ewalcl
351 2475 441 2500 seriem
453 2474 558 2508 registri
570 2475 659 2500 minus
672 2477 734 2507 apte
749 2474 871 2500 restituit.
943 2474 969 2506 3>
992 2473 1031 2505 Cf.
1043 2473 1140 2499 Leonis
1154 2473 1176 2499 I.
1189 2481 1227 2505 cp.
1241 2473 1278 2498 (nl
1293 2472 1468 2504 Flavianum,
1486 2481 1508 2497 v.
1519 2480 1604 2505 supra
1616 2480 1642 2498 oz.
1654 2475 1676 2503 2,
1693 2480 1719 2504 p.
1732 2475 1747 2497 2
1760 2474 1852 2496 annot.
1863 2474 1885 2496 3.

239 2517 265 2549 4)
288 2516 315 2543 C.
325 2521 465 2543 875—915.
497 2516 550 2550 Qui
567 2526 592 2543 α.
603 2520 725 2543 ‹sss—94
738 2517 898 2550 Berenyarii
911 2517 934 2542 Ι.
948 2517 1010 2549 imp.
1024 2516 1277 2542 archicaneellarms
1295 2516 1357 2547 ficit.
1388 2515 1415 2541 V.
1429 2515 1504 2547 infra
1523 2524 1569 2540 nn.
1583 2519 1690 2541 4.5·—-5(›.
1760 2515 1787 2547 5)
1809 2513 1887 2547 Quod

240 2560 276 2585 ad
293 2560 432 2586 concilium
452 2568 527 2592 papa
549 2560 611 2585 aliis
628 2561 769 2586 terminmn
791 2560 892 2585 irretiant
914 2568 946 2586 m.
962 2559 1026 2586 Feb.
1041 2563 1090 2585 877
1107 2559 1154 2593 (cf.
1172 2563 1250 2591 n.17‚
1270 2562 1308 2591 19,
1327 2562 1369 2590 20,
1390 2558 1451 2591 26)‚·
1475 2557 1522 2583 secl
1545 2566 1591 2583 nee
1614 2560 1679 2583 tzmc
1697 2559 1886 2590 conffleyatum.

197 2611 221 2629 45
241 2610 304 2635 esse,
325 2603 448 2635 probavit
466 2603 567 2635 Payius
591 2603 621 2628 in
640 2603 696 2629 crit.
716 2603 752 2629 ad
770 2603 889 2629 Bao-onii
907 2604 982 2629 Anu.
1001 2603 1058 2629 eccl.
1078 2602 1113 2628 ad
1130 2606 1221 2634 α.877,
1245 2611 1277 2628 m.
1298 2601 1401 2627 Iulium
1420 2601 1531 2627 concilio
1549 2601 1594 2626 illo
1613 2601 1762 2633 assfflzrms.
1799 2600 1837 2624 At
1856 2598 1886 2624 de

241 2646 352 2671 termino
369 2645 464 2671 incerti
479 2646 589 2678 penitus
606 2649 735 2679 tenemur,
753 2646 914 2672 documentis
933 2646 1041 2671 omnino
1059 2645 1245 2677 (lefieientibm.
1283 2644 1373 2670 Sermo
1391 2644 1458 2669 enim
1478 2644 1608 2669 Iohannis
1628 2643 1708 2669 VIII.
1727 2642 1774 2675 (erl.
1791 2641 1886 2667 sslansi

243 2688 336 2714 XVII
352 2696 412 2721 app.
426 2696 455 2721 p.
467 2689 521 2722 171)
541 2689 602 2714 huic
619 2688 718 2722 synodo
736 2697 754 2714 a
768 2689 905 2721 prioribus
923 2688 1061 2721 adscripta
1078 2687 1113 2713 ad
1130 2688 1263 2721 synodum
1279 2687 1370 2719 potius
1391 2687 1573 2712 Ravennatem.
1593 2687 1706 2718 nnAuss.
1719 2689 1768 2710 ⁸77
1784 2693 1801 2710 α
1814 2684 1886 2715 ἆαθὶὲ

243 2731 310 2765 Req.
325 2731 364 2763 12,
378 2734 429 2757 394
447 2734 514 2757 recte
531 2731 620 2757 relata
639 2734 684 2764 est,
703 2732 737 2763 cf.
752 2731 976 2763 Damnum-1112,
990 2735 1024 2757 49
1043 2733 1136 2757 armet.
1147 2734 1176 2763 2;
1195 2733 1255 2756 acta
1273 2729 1366 2763 synodi
1385 2737 1452 2761 rero,
1472 2738 1540 2762 quae
1558 2737 1580 2754 v.
1594 2729 1624 2754 cl.
1639 2729 1767 2754 Mmoesen
1787 2727 1885 2752 inrcm't

345 2782 496 2809 EPISTOLAE
513 2782 574 2808 VII.
1665 2780 1679 2804 2
