<?xml version="1.0" encoding="UTF-8"?>
<!DOCTYPE html PUBLIC "-//W3C//DTD XHTML 1.0 Transitional//EN"
    "http://www.w3.org/TR/xhtml1/DTD/xhtml1-transitional.dtd">
<html xmlns="http://www.w3.org/1999/xhtml" xml:lang="en" lang="en">
 <head>
  <title>
</title>
<meta http-equiv="Content-Type" content="text/html;charset=utf-8" />
  <meta name='ocr-system' content='tesseract 3.04.00' />
  <meta name='ocr-capabilities' content='ocr_page ocr_carea ocr_par ocr_line ocrx_word'/>
</head>
<body>
  <div class='ocr_page' id='page_1' title='image "./monumentagerman07geseuoft_0325.png"; bbox 0 0 2189 3042; ppageno 0'>
   <div class='ocr_carea' id='block_1_1' title="bbox 560 177 1872 209">
    <p class='ocr_par' dir='ltr' id='par_1_1' title="bbox 560 177 1872 209">
     <span class='ocr_line' id='line_1_1' title="bbox 560 177 1872 209; baseline -0.005 0"><span class='ocrx_word' id='word_1_1' title='bbox 560 181 789 209; x_wconf 79' lang='lat' dir='ltr'>FRAGMENTA</span> <span class='ocrx_word' id='word_1_2' title='bbox 810 180 977 207; x_wconf 83' lang='lat' dir='ltr'>REGISTRI</span> <span class='ocrx_word' id='word_1_3' title='bbox 1003 179 1179 206; x_wconf 85' lang='lat' dir='ltr'>IOHANNIS</span> <span class='ocrx_word' id='word_1_4' title='bbox 1198 179 1271 205; x_wconf 88' lang='lat' dir='ltr'>VIII.</span> <span class='ocrx_word' id='word_1_5' title='bbox 1291 178 1408 205; x_wconf 87' lang='lat' dir='ltr'><strong>PAPAE</strong></span> <span class='ocrx_word' id='word_1_6' title='bbox 1431 177 1540 204; x_wconf 83' lang='lat'><em>27-29.</em></span> <span class='ocrx_word' id='word_1_7' title='bbox 1811 178 1872 208; x_wconf 77' lang='lat'>289</span> 
     </span>
    </p>
   </div>
   <div class='ocr_carea' id='block_1_2' title="bbox 848 284 1250 310">
    <p class='ocr_par' dir='ltr' id='par_1_2' title="bbox 848 284 1250 310">
     <span class='ocr_line' id='line_1_2' title="bbox 848 284 1250 310; baseline -0.002 -1"><span class='ocrx_word' id='word_1_8' title='bbox 848 285 1060 310; x_wconf 83' lang='lat' dir='ltr'>PRINCIPIBUS</span> <span class='ocrx_word' id='word_1_9' title='bbox 1083 284 1250 309; x_wconf 79' lang='lat' dir='ltr'>SARDINIE.</span> 
     </span>
    </p>
   </div>
   <div class='ocr_carea' id='block_1_3' title="bbox 186 331 1877 790">
    <p class='ocr_par' dir='ltr' id='par_1_3' title="bbox 226 331 1875 482">
     <span class='ocr_line' id='line_1_3' title="bbox 335 331 1873 381; baseline -0.005 -12"><span class='ocrx_word' id='word_1_10' title='bbox 335 337 453 381; x_wconf 56' lang='grc' dir='ltr'>[ΙὲἾίΗίἃ</span> <span class='ocrx_word' id='word_1_11' title='bbox 476 337 683 377; x_wconf 89' lang='lat' dir='ltr'>dilectissimi,</span> <span class='ocrx_word' id='word_1_12' title='bbox 707 347 805 367; x_wconf 91' lang='lat' dir='ltr'>unum</span> <span class='ocrx_word' id='word_1_13' title='bbox 829 340 887 375; x_wconf 89' lang='lat' dir='ltr'>est,</span> <span class='ocrx_word' id='word_1_14' title='bbox 911 335 994 366; x_wconf 86' lang='lat' dir='ltr'>unde</span> <span class='ocrx_word' id='word_1_15' title='bbox 1018 345 1074 366; x_wconf 91' lang='lat' dir='ltr'>vos</span> <span class='ocrx_word' id='word_1_16' title='bbox 1097 334 1259 365; x_wconf 88' lang='lat' dir='ltr'>modicum</span> <span class='ocrx_word' id='word_1_17' title='bbox 1283 337 1417 374; x_wconf 86' lang='lat' dir='ltr'>paterno</span> <span class='ocrx_word' id='word_1_18' title='bbox 1435 342 1523 363; x_wconf 87' lang='lat' dir='ltr'>more</span> <span class='ocrx_word' id='word_1_19' title='bbox 1541 331 1715 363; x_wconf 74' lang='lat' dir='ltr'>debeamus</span> <span class='ocrx_word' id='word_1_20' title='bbox 1731 341 1873 370; x_wconf 81' lang='lat' dir='ltr'>monere,</span> 
     </span>
     <span class='ocr_line' id='line_1_4' title="bbox 226 382 1875 431; baseline -0.005 -10"><span class='ocrx_word' id='word_1_21' title='bbox 226 390 312 431; x_wconf 93' lang='lat' dir='ltr'>quod</span> <span class='ocrx_word' id='word_1_22' title='bbox 335 390 396 420; x_wconf 89' lang='lat' dir='ltr'>nisi</span> <span class='ocrx_word' id='word_1_23' title='bbox 419 388 677 429; x_wconf 76' lang='lat' dir='ltr'>emendaveritis,</span> <span class='ocrx_word' id='word_1_24' title='bbox 702 387 824 430; x_wconf 83' lang='lat' dir='ltr'>grande</span> <span class='ocrx_word' id='word_1_25' title='bbox 848 390 1016 428; x_wconf 85' lang='lat' dir='ltr'>peccatum</span> <span class='ocrx_word' id='word_1_26' title='bbox 1039 386 1198 417; x_wconf 78' lang='lat' dir='ltr'>incurritis</span> <span class='ocrx_word' id='word_1_27' title='bbox 1222 388 1254 416; x_wconf 88' lang='lat' dir='ltr'>et</span> <span class='ocrx_word' id='word_1_28' title='bbox 1277 385 1318 415; x_wconf 90' lang='lat' dir='ltr'>ob</span> <span class='ocrx_word' id='word_1_29' title='bbox 1335 385 1406 423; x_wconf 86' lang='lat' dir='ltr'>hoc,</span> <span class='ocrx_word' id='word_1_30' title='bbox 1430 384 1510 415; x_wconf 87' lang='lat' dir='ltr'>sicut</span> <span class='ocrx_word' id='word_1_31' title='bbox 1527 383 1673 424; x_wconf 84' lang='lat' dir='ltr'>speratis,</span> <span class='ocrx_word' id='word_1_32' title='bbox 1697 393 1759 414; x_wconf 91' lang='lat' dir='ltr'>non</span> <span class='ocrx_word' id='word_1_33' title='bbox 1775 382 1875 421; x_wconf 86' lang='lat' dir='ltr'>lucra,</span> 
     </span>
     <span class='ocr_line' id='line_1_5' title="bbox 226 433 1874 482; baseline -0.005 -10"><span class='ocrx_word' id='word_1_34' title='bbox 226 441 284 473; x_wconf 87' lang='lat' dir='ltr'>sed</span> <span class='ocrx_word' id='word_1_35' title='bbox 306 441 410 482; x_wconf 84' lang='lat' dir='ltr'>magis</span> <span class='ocrx_word' id='word_1_36' title='bbox 433 440 523 471; x_wconf 90' lang='lat' dir='ltr'>vobis</span> <span class='ocrx_word' id='word_1_37' title='bbox 547 439 687 480; x_wconf 87' lang='lat' dir='ltr'>dampna</span> <span class='ocrx_word' id='word_1_38' title='bbox 711 438 879 480; x_wconf 77' lang='lat' dir='ltr'>augebitiS.</span> <span class='ocrx_word' id='word_1_39' title='bbox 925 438 1028 479; x_wconf 79' lang='lat' dir='ltr'>Igitur</span> <span class='ocrx_word' id='word_1_40' title='bbox 1051 436 1228 468; x_wconf 86' lang='lat' dir='ltr'>Grecorum</span> <span class='ocrx_word' id='word_1_41' title='bbox 1256 435 1383 476; x_wconf 87' lang='lat' dir='ltr'>studiis,</span> <span class='ocrx_word' id='word_1_42' title='bbox 1413 435 1494 466; x_wconf 86' lang='lat' dir='ltr'>sicut</span> <span class='ocrx_word' id='word_1_43' title='bbox 1523 434 1705 473; x_wconf 78' lang='lat' dir='ltr'>didicimus,</span> <span class='ocrx_word' id='word_1_44' title='bbox 1733 433 1824 464; x_wconf 84' lang='lat' dir='ltr'>multi</span> <span class='ocrx_word' id='word_1_45' title='bbox 1855 443 1874 464; x_wconf 85' lang='lat' dir='ltr'>a</span> 
     </span>
    </p>

    <p class='ocr_par' dir='ltr' id='par_1_4' title="bbox 195 485 1877 737">
     <span class='ocr_line' id='line_1_6' title="bbox 195 485 1875 534; baseline -0.005 -10"><span class='ocrx_word' id='word_1_46' title='bbox 195 506 206 524; x_wconf 73' lang='lat' dir='ltr'>s</span> <span class='ocrx_word' id='word_1_47' title='bbox 226 493 360 534; x_wconf 84' lang='lat' dir='ltr'>paganis</span> <span class='ocrx_word' id='word_1_48' title='bbox 384 491 500 533; x_wconf 84' lang='lat' dir='ltr'>captivi</span> <span class='ocrx_word' id='word_1_49' title='bbox 524 491 642 522; x_wconf 78' lang='lat' dir='ltr'>sublati</span> <span class='ocrx_word' id='word_1_50' title='bbox 664 491 696 522; x_wconf 91' lang='lat' dir='ltr'>in</span> <span class='ocrx_word' id='word_1_51' title='bbox 719 491 833 521; x_wconf 86' lang='lat' dir='ltr'>vestris</span> <span class='ocrx_word' id='word_1_52' title='bbox 856 489 1000 531; x_wconf 87' lang='lat' dir='ltr'>partibus</span> <span class='ocrx_word' id='word_1_53' title='bbox 1023 488 1245 519; x_wconf 84' lang='lat' dir='ltr'>venundantur</span> <span class='ocrx_word' id='word_1_54' title='bbox 1269 491 1301 519; x_wconf 89' lang='lat' dir='ltr'>et</span> <span class='ocrx_word' id='word_1_55' title='bbox 1325 498 1344 518; x_wconf 82' lang='lat' dir='ltr'>a</span> <span class='ocrx_word' id='word_1_56' title='bbox 1367 486 1559 518; x_wconf 78' lang='lat' dir='ltr'>vestratibus</span> <span class='ocrx_word' id='word_1_57' title='bbox 1588 486 1687 526; x_wconf 81' lang='lat' dir='ltr'>empti</span> <span class='ocrx_word' id='word_1_58' title='bbox 1714 485 1771 516; x_wconf 88' lang='lat' dir='ltr'>sub</span> <span class='ocrx_word' id='word_1_59' title='bbox 1800 485 1875 524; x_wconf 86' lang='lat' dir='ltr'>iugo</span> 
     </span>
     <span class='ocr_line' id='line_1_7' title="bbox 227 537 1875 583; baseline -0.005 -9"><span class='ocrx_word' id='word_1_60' title='bbox 227 543 389 575; x_wconf 87' lang='lat' dir='ltr'>servitutis</span> <span class='ocrx_word' id='word_1_61' title='bbox 409 545 568 583; x_wconf 86' lang='lat' dir='ltr'>tenentur,</span> <span class='ocrx_word' id='word_1_62' title='bbox 593 553 665 573; x_wconf 92' lang='lat' dir='ltr'>cum</span> <span class='ocrx_word' id='word_1_63' title='bbox 689 545 813 573; x_wconf 86' lang='lat' dir='ltr'>constet</span> <span class='ocrx_word' id='word_1_64' title='bbox 835 542 923 582; x_wconf 88' lang='lat' dir='ltr'>pium</span> <span class='ocrx_word' id='word_1_65' title='bbox 949 544 981 572; x_wconf 86' lang='lat' dir='ltr'>et</span> <span class='ocrx_word' id='word_1_66' title='bbox 1004 543 1147 572; x_wconf 85' lang='lat' dir='ltr'>sanctum</span> <span class='ocrx_word' id='word_1_67' title='bbox 1173 550 1254 579; x_wconf 76' lang='lat' dir='ltr'>esse,</span> <span class='ocrx_word' id='word_1_68' title='bbox 1278 539 1376 570; x_wconf 84' lang='lat' dir='ltr'>veluti</span> <span class='ocrx_word' id='word_1_69' title='bbox 1393 538 1590 570; x_wconf 80' lang='lat' dir='ltr'>Christianos</span> <span class='ocrx_word' id='word_1_70' title='bbox 1615 537 1718 577; x_wconf 84' lang='lat' dir='ltr'>decet,</span> <span class='ocrx_word' id='word_1_71' title='bbox 1743 539 1787 577; x_wconf 85' lang='lat' dir='ltr'>ut,</span> <span class='ocrx_word' id='word_1_72' title='bbox 1803 546 1875 567; x_wconf 87' lang='lat' dir='ltr'>cum</span> 
     </span>
     <span class='ocr_line' id='line_1_8' title="bbox 227 589 1876 635; baseline -0.005 -9"><span class='ocrx_word' id='word_1_73' title='bbox 227 605 283 626; x_wconf 89' lang='lat' dir='ltr'>eos</span> <span class='ocrx_word' id='word_1_74' title='bbox 306 597 463 626; x_wconf 79' lang='lat' dir='ltr'>vestrates</span> <span class='ocrx_word' id='word_1_75' title='bbox 486 594 527 625; x_wconf 89' lang='lat' dir='ltr'>ab</span> <span class='ocrx_word' id='word_1_76' title='bbox 550 594 626 635; x_wconf 90' lang='lat' dir='ltr'>ipsis</span> <span class='ocrx_word' id='word_1_77' title='bbox 650 593 763 624; x_wconf 85' lang='lat' dir='ltr'>Grecis</span> <span class='ocrx_word' id='word_1_78' title='bbox 787 593 936 633; x_wconf 80' lang='lat' dir='ltr'>emerint,</span> <span class='ocrx_word' id='word_1_79' title='bbox 966 603 1024 633; x_wconf 87' lang='lat' dir='ltr'>pro</span> <span class='ocrx_word' id='word_1_80' title='bbox 1048 601 1159 623; x_wconf 85' lang='lat' dir='ltr'>amore</span> <span class='ocrx_word' id='word_1_81' title='bbox 1183 591 1302 623; x_wconf 82' lang='lat' dir='ltr'>Christi</span> <span class='ocrx_word' id='word_1_82' title='bbox 1326 590 1445 621; x_wconf 88' lang='lat' dir='ltr'>liberos</span> <span class='ocrx_word' id='word_1_83' title='bbox 1469 600 1539 620; x_wconf 88' lang='lat' dir='ltr'>esse</span> <span class='ocrx_word' id='word_1_84' title='bbox 1564 589 1725 620; x_wconf 83' lang='lat' dir='ltr'>dimittant</span> <span class='ocrx_word' id='word_1_85' title='bbox 1754 591 1787 619; x_wconf 89' lang='lat' dir='ltr'>et</span> <span class='ocrx_word' id='word_1_86' title='bbox 1813 598 1876 618; x_wconf 90' lang='lat' dir='ltr'>non</span> 
     </span>
     <span class='ocr_line' id='line_1_9' title="bbox 227 637 1876 686; baseline -0.005 -9"><span class='ocrx_word' id='word_1_87' title='bbox 227 645 267 677; x_wconf 84' lang='lat' dir='ltr'>ab</span> <span class='ocrx_word' id='word_1_88' title='bbox 296 645 494 685; x_wconf 82' lang='lat' dir='ltr'>hominibus,</span> <span class='ocrx_word' id='word_1_89' title='bbox 523 648 573 676; x_wconf 91' lang='lat' dir='ltr'>set</span> <span class='ocrx_word' id='word_1_90' title='bbox 604 645 644 676; x_wconf 86' lang='lat' dir='ltr'>ab</span> <span class='ocrx_word' id='word_1_91' title='bbox 668 646 738 686; x_wconf 89' lang='lat' dir='ltr'>ipso</span> <span class='ocrx_word' id='word_1_92' title='bbox 767 645 896 675; x_wconf 90' lang='lat' dir='ltr'>domino</span> <span class='ocrx_word' id='word_1_93' title='bbox 930 646 1037 674; x_wconf 89' lang='lat' dir='ltr'>nostro</span> <span class='ocrx_word' id='word_1_94' title='bbox 1063 644 1138 674; x_wconf 90' lang='lat' dir='ltr'>Iesu</span> <span class='ocrx_word' id='word_1_95' title='bbox 1162 642 1288 674; x_wconf 85' lang='lat' dir='ltr'>Christo</span> <span class='ocrx_word' id='word_1_96' title='bbox 1313 640 1498 672; x_wconf 80' lang='lat' dir='ltr'>mercedem</span> <span class='ocrx_word' id='word_1_97' title='bbox 1523 641 1691 681; x_wconf 88' lang='lat' dir='ltr'>accipiant.</span> <span class='ocrx_word' id='word_1_98' title='bbox 1737 637 1876 681; x_wconf 78' lang='lat' dir='ltr'>Un[de]b</span> 
     </span>
     <span class='ocr_line' id='line_1_10' title="bbox 226 690 1877 737; baseline -0.005 -9"><span class='ocrx_word' id='word_1_99' title='bbox 226 707 283 728; x_wconf 89' lang='lat' dir='ltr'>vos</span> <span class='ocrx_word' id='word_1_100' title='bbox 300 697 508 728; x_wconf 81' lang='lat' dir='ltr'>exhortamur</span> <span class='ocrx_word' id='word_1_101' title='bbox 521 699 554 727; x_wconf 89' lang='lat' dir='ltr'>et</span> <span class='ocrx_word' id='word_1_102' title='bbox 565 699 700 737; x_wconf 84' lang='lat' dir='ltr'>paterno</span> <span class='ocrx_word' id='word_1_103' title='bbox 718 705 827 727; x_wconf 85' lang='lat' dir='ltr'>amore</span> <span class='ocrx_word' id='word_1_104' title='bbox 843 695 1047 736; x_wconf 85' lang='lat' dir='ltr'>precipimus,</span> <span class='ocrx_word' id='word_1_105' title='bbox 1064 697 1108 734; x_wconf 88' lang='lat' dir='ltr'>ut,</span> <span class='ocrx_word' id='word_1_106' title='bbox 1126 704 1196 725; x_wconf 87' lang='lat' dir='ltr'>cum</span> <span class='ocrx_word' id='word_1_107' title='bbox 1214 694 1356 734; x_wconf 84' lang='lat' dir='ltr'>captivos</span> <span class='ocrx_word' id='word_1_108' title='bbox 1373 692 1497 733; x_wconf 82' lang='lat' dir='ltr'>aliquos</span> <span class='ocrx_word' id='word_1_109' title='bbox 1514 692 1554 723; x_wconf 79' lang='lat' dir='ltr'>ab</span> <span class='ocrx_word' id='word_1_110' title='bbox 1571 692 1648 732; x_wconf 88' lang='lat' dir='ltr'>ipsis</span> <span class='ocrx_word' id='word_1_111' title='bbox 1664 690 1877 730; x_wconf 81' lang='lat' dir='ltr'>redemeritis,</span> 
     </span>
    </p>

    <p class='ocr_par' dir='ltr' id='par_1_5' title="bbox 186 746 1166 790">
     <span class='ocr_line' id='line_1_11' title="bbox 186 746 1166 790; baseline -0.004 -10"><span class='ocrx_word' id='word_1_112' title='bbox 186 763 210 781; x_wconf 90' lang='lat'>10</span> <span class='ocrx_word' id='word_1_113' title='bbox 228 759 286 790; x_wconf 92' lang='lat' dir='ltr'>pro</span> <span class='ocrx_word' id='word_1_114' title='bbox 310 748 413 779; x_wconf 86' lang='lat' dir='ltr'>salute</span> <span class='ocrx_word' id='word_1_115' title='bbox 437 748 543 779; x_wconf 72' lang='lat' dir='ltr'>anIme</span> <span class='ocrx_word' id='word_1_116' title='bbox 567 749 689 787; x_wconf 74' lang='lat' dir='ltr'>vestre⁰</span> <span class='ocrx_word' id='word_1_117' title='bbox 711 747 830 778; x_wconf 87' lang='lat' dir='ltr'>liberos</span> <span class='ocrx_word' id='word_1_118' title='bbox 855 756 910 777; x_wconf 87' lang='lat' dir='ltr'>eos</span> <span class='ocrx_word' id='word_1_119' title='bbox 933 746 1022 777; x_wconf 87' lang='lat' dir='ltr'>abire</span> <span class='ocrx_word' id='word_1_120' title='bbox 1046 746 1166 776; x_wconf 85' lang='lat' dir='ltr'>sinatis.</span> 
     </span>
    </p>
   </div>
   <div class='ocr_carea' id='block_1_4' title="bbox 951 814 1156 818">
    <p class='ocr_par' dir='ltr' id='par_1_6' title="bbox 951 814 1156 818">
     <span class='ocr_line' id='line_1_12' title="bbox 951 814 1156 818; baseline 0 0"><span class='ocrx_word' id='word_1_121' title='bbox 951 814 1156 818; x_wconf 95' lang='lat' dir='ltr'> </span> 
     </span>
    </p>
   </div>
   <div class='ocr_carea' id='block_1_5' title="bbox 230 867 1879 1013">
    <p class='ocr_par' dir='ltr' id='par_1_7' title="bbox 230 867 1879 1013">
     <span class='ocr_line' id='line_1_13' title="bbox 1029 867 1079 896; baseline 0.02 -1"><span class='ocrx_word' id='word_1_122' title='bbox 1029 867 1079 896; x_wconf 80' lang='lat'><em>28.</em></span> 
     </span>
     <span class='ocr_line' id='line_1_14' title="bbox 337 917 1879 962; baseline -0.004 -9"><span class='ocrx_word' id='word_1_123' title='bbox 337 923 496 954; x_wconf 77' lang='lat' dir='ltr'>Iohannes</span> <span class='ocrx_word' id='word_1_124' title='bbox 528 923 619 954; x_wconf 91' lang='lat' dir='ltr'>VIII.</span> <span class='ocrx_word' id='word_1_125' title='bbox 646 932 736 962; x_wconf 71' lang='lat' dir='ltr'>papa</span> <span class='ocrx_word' id='word_1_126' title='bbox 766 922 907 961; x_wconf 70' lang='lat' dir='ltr'>episcopo</span> <span class='ocrx_word' id='word_1_127' title='bbox 937 921 1064 952; x_wconf 76' lang='lat' dir='ltr'>cuidam</span> <span class='ocrx_word' id='word_1_128' title='bbox 1093 919 1202 951; x_wconf 78' lang='lat' dir='ltr'>scribit</span> <span class='ocrx_word' id='word_1_129' title='bbox 1233 920 1269 950; x_wconf 78' lang='lat' dir='ltr'>de</span> <span class='ocrx_word' id='word_1_130' title='bbox 1293 929 1462 958; x_wconf 73' lang='lat' dir='ltr'>perperam</span> <span class='ocrx_word' id='word_1_131' title='bbox 1495 918 1639 949; x_wconf 80' lang='lat' dir='ltr'>ordinato</span> <span class='ocrx_word' id='word_1_132' title='bbox 1674 917 1879 949; x_wconf 81' lang='lat' dir='ltr'>Constantino</span> 
     </span>
     <span class='ocr_line' id='line_1_15' title="bbox 230 969 1793 1013; baseline -0.005 -7"><span class='ocrx_word' id='word_1_133' title='bbox 230 974 371 1013; x_wconf 73' lang='lat' dir='ltr'>episcopo</span> <span class='ocrx_word' id='word_1_134' title='bbox 394 977 422 1005; x_wconf 81' lang='lat' dir='ltr'>ct</span> <span class='ocrx_word' id='word_1_135' title='bbox 445 974 481 1005; x_wconf 82' lang='lat' dir='ltr'>de</span> <span class='ocrx_word' id='word_1_136' title='bbox 503 974 623 1005; x_wconf 81' lang='lat' dir='ltr'>ieiunio</span> <span class='ocrx_word' id='word_1_137' title='bbox 645 973 767 1004; x_wconf 76' lang='lat' dir='ltr'>sabbati</span> <span class='ocrx_word' id='word_1_138' title='bbox 790 975 818 1004; x_wconf 80' lang='lat' dir='ltr'>et</span> <span class='ocrx_word' id='word_1_139' title='bbox 840 975 978 1012; x_wconf 79' lang='lat' dir='ltr'>quatuor</span> <span class='ocrx_word' id='word_1_140' title='bbox 1001 974 1182 1010; x_wconf 71' lang='lat' dir='ltr'>temporam.</span> <span class='ocrx_word' id='word_1_141' title='bbox 1689 969 1793 1007; x_wconf 71' lang='lat'><em>(373.)</em></span> 
     </span>
    </p>
   </div>
   <div class='ocr_carea' id='block_1_6' title="bbox 335 1033 1880 1112">
    <p class='ocr_par' dir='ltr' id='par_1_8' title="bbox 335 1033 1880 1112">
     <span class='ocr_line' id='line_1_16' title="bbox 337 1033 745 1060; baseline -0.005 -1"><span class='ocrx_word' id='word_1_142' title='bbox 337 1033 400 1060; x_wconf 76' lang='lat' dir='ltr'>Con.</span> <span class='ocrx_word' id='word_1_143' title='bbox 412 1041 486 1060; x_wconf 62' lang='lat' dir='ltr'>cam:</span> <span class='ocrx_word' id='word_1_144' title='bbox 513 1033 540 1058; x_wconf 84' lang='grc' dir='ltr'><strong><em>Α</em></strong></span> <span class='ocrx_word' id='word_1_145' title='bbox 572 1053 578 1059; x_wconf 91' lang='grc'><strong>.</strong></span> <span class='ocrx_word' id='word_1_146' title='bbox 593 1035 639 1058; x_wconf 84' lang='lat'>127</span> <span class='ocrx_word' id='word_1_147' title='bbox 657 1040 669 1058; x_wconf 89' lang='lat' dir='ltr'>e</span> <span class='ocrx_word' id='word_1_148' title='bbox 690 1035 745 1058; x_wconf 85' lang='lat'><em>.27.</em></span> 
     </span>
     <span class='ocr_line' id='line_1_17' title="bbox 335 1035 1880 1112; baseline -0.005 -6"><span class='ocrx_word' id='word_1_149' title='bbox 335 1079 400 1106; x_wconf 50' lang='lat' dir='ltr'>Eds</span> <span class='ocrx_word' id='word_1_150' title='bbox 428 1035 596 1111; x_wconf 50' lang='lat' dir='ltr'>Loewenfzsld</span> <span class='ocrx_word' id='word_1_151' title='bbox 615 1040 703 1112; x_wconf 56' lang='lat' dir='ltr'>Epgt.</span> <span class='ocrx_word' id='word_1_152' title='bbox 712 1087 740 1112; x_wconf 79' lang='lat' dir='ltr'>p.</span> <span class='ocrx_word' id='word_1_153' title='bbox 755 1082 787 1105; x_wconf 83' lang='lat'>28</span> <span class='ocrx_word' id='word_1_154' title='bbox 800 1086 826 1104; x_wconf 90' lang='lat' dir='ltr'>n.</span> <span class='ocrx_word' id='word_1_155' title='bbox 837 1083 866 1105; x_wconf 89' lang='grc'>51</span> <span class='ocrx_word' id='word_1_156' title='bbox 879 1086 912 1105; x_wconf 73' lang='lat' dir='ltr'>eae</span> <span class='ocrx_word' id='word_1_157' title='bbox 925 1079 958 1105; x_wconf 83' lang='lat' dir='ltr'><em>A.</em></span> <span class='ocrx_word' id='word_1_158' title='bbox 979 1093 1011 1097; x_wconf 98' lang='lat'><strong>—</strong></span> <span class='ocrx_word' id='word_1_159' title='bbox 1030 1078 1108 1112; x_wconf 55' lang='lat' dir='ltr'>Reys</span> <span class='ocrx_word' id='word_1_160' title='bbox 1127 1077 1225 1104; x_wconf 76' lang='lat' dir='ltr'>Ewald</span> <span class='ocrx_word' id='word_1_161' title='bbox 1237 1077 1302 1103; x_wconf 88' lang='lat' dir='ltr'>NA.</span> <span class='ocrx_word' id='word_1_162' title='bbox 1322 1077 1352 1109; x_wconf 84' lang='lat' dir='ltr'>V,</span> <span class='ocrx_word' id='word_1_163' title='bbox 1367 1079 1416 1102; x_wconf 82' lang='lat'>306</span> <span class='ocrx_word' id='word_1_164' title='bbox 1428 1084 1454 1101; x_wconf 80' lang='lat' dir='ltr'>n.</span> <span class='ocrx_word' id='word_1_165' title='bbox 1466 1079 1504 1101; x_wconf 88' lang='lat'><em>27.</em></span> <span class='ocrx_word' id='word_1_166' title='bbox 1533 1074 1720 1106; x_wconf 69' lang='lat' dir='ltr'>Jaffe&#39;-Ewa2d</span> <span class='ocrx_word' id='word_1_167' title='bbox 1733 1074 1795 1107; x_wconf 69' lang='lat' dir='ltr'>Req.</span> <span class='ocrx_word' id='word_1_168' title='bbox 1806 1077 1880 1100; x_wconf 68' lang='lat'><em>2934.</em></span> 
     </span>
    </p>
   </div>
   <div class='ocr_carea' id='block_1_7' title="bbox 187 1155 1246 1192">
    <p class='ocr_par' dir='ltr' id='par_1_9' title="bbox 187 1155 1246 1192">
     <span class='ocr_line' id='line_1_18' title="bbox 187 1155 1246 1192; baseline -0.008 0"><span class='ocrx_word' id='word_1_169' title='bbox 187 1174 212 1192; x_wconf 71' lang='grc' dir='ltr'>ιε,</span> <span class='ocrx_word' id='word_1_170' title='bbox 871 1155 1058 1186; x_wconf 61' lang='grc' dir='ltr'>ῆοΝΕΝειε</span> <span class='ocrx_word' id='word_1_171' title='bbox 1077 1161 1246 1185; x_wconf 64' lang='lat' dir='ltr'>muscoso.</span> 
     </span>
    </p>
   </div>
   <div class='ocr_carea' id='block_1_8' title="bbox 189 1207 1884 1511">
    <p class='ocr_par' dir='ltr' id='par_1_10' title="bbox 233 1207 1884 1407">
     <span class='ocr_line' id='line_1_19' title="bbox 341 1207 1881 1255; baseline -0.005 -11"><span class='ocrx_word' id='word_1_172' title='bbox 341 1212 533 1255; x_wconf 82' lang='lat' dir='ltr'>[P]refatusb</span> <span class='ocrx_word' id='word_1_173' title='bbox 557 1212 827 1253; x_wconf 88' lang='lat' dir='ltr'>archiepiscopus,</span> <span class='ocrx_word' id='word_1_174' title='bbox 852 1213 905 1254; x_wconf 93' lang='lat' dir='ltr'>qui</span> <span class='ocrx_word' id='word_1_175' title='bbox 926 1211 1064 1243; x_wconf 91' lang='lat' dir='ltr'>eundem</span> <span class='ocrx_word' id='word_1_176' title='bbox 1083 1211 1326 1243; x_wconf 79' lang='lat' dir='ltr'>Constantinum</span> <span class='ocrx_word' id='word_1_177' title='bbox 1352 1209 1559 1251; x_wconf 83' lang='lat' dir='ltr'>episcopum¹</span> <span class='ocrx_word' id='word_1_178' title='bbox 1577 1212 1699 1239; x_wconf 86' lang='lat' dir='ltr'>temere</span> <span class='ocrx_word' id='word_1_179' title='bbox 1724 1207 1881 1247; x_wconf 87' lang='lat' dir='ltr'>ordinare,</span> 
     </span>
     <span class='ocr_line' id='line_1_20' title="bbox 233 1258 1883 1305; baseline -0.004 -10"><span class='ocrx_word' id='word_1_180' title='bbox 233 1264 309 1305; x_wconf 83' lang='lat' dir='ltr'>quia</span> <span class='ocrx_word' id='word_1_181' title='bbox 331 1264 460 1295; x_wconf 84' lang='lat' dir='ltr'>modica</span> <span class='ocrx_word' id='word_1_182' title='bbox 480 1264 540 1295; x_wconf 88' lang='lat' dir='ltr'>fuit</span> <span class='ocrx_word' id='word_1_183' title='bbox 563 1264 705 1303; x_wconf 84' lang='lat' dir='ltr'>civitas2,</span> <span class='ocrx_word' id='word_1_184' title='bbox 727 1266 835 1294; x_wconf 83' lang='lat' dir='ltr'>nostra</span> <span class='ocrx_word' id='word_1_185' title='bbox 859 1264 926 1294; x_wconf 90' lang='lat' dir='ltr'>sine</span> <span class='ocrx_word' id='word_1_186' title='bbox 950 1264 1141 1294; x_wconf 83' lang='lat' dir='ltr'>auctoritate</span> <span class='ocrx_word' id='word_1_187' title='bbox 1157 1262 1362 1303; x_wconf 82' lang='lat' dir='ltr'>presumpsit,</span> <span class='ocrx_word' id='word_1_188' title='bbox 1386 1272 1448 1292; x_wconf 91' lang='lat' dir='ltr'>non</span> <span class='ocrx_word' id='word_1_189' title='bbox 1472 1260 1678 1292; x_wconf 82' lang='lat' dir='ltr'>mediocriter</span> <span class='ocrx_word' id='word_1_190' title='bbox 1701 1258 1883 1300; x_wconf 84' lang='lat' dir='ltr'>arguendus</span> 
     </span>
     <span class='ocr_line' id='line_1_21' title="bbox 233 1310 1884 1363; baseline -0.004 -16"><span class='ocrx_word' id='word_1_191' title='bbox 233 1319 291 1356; x_wconf 85' lang='lat' dir='ltr'>est,</span> <span class='ocrx_word' id='word_1_192' title='bbox 303 1326 402 1356; x_wconf 80' lang='lat' dir='ltr'>quare</span> <span class='ocrx_word' id='word_1_193' title='bbox 419 1326 437 1346; x_wconf 86' lang='lat' dir='ltr'>a</span> <span class='ocrx_word' id='word_1_194' title='bbox 452 1315 656 1363; x_wconf 50' lang='lat' dir='ltr'>capite‚nrhoc</span> <span class='ocrx_word' id='word_1_195' title='bbox 680 1318 728 1345; x_wconf 87' lang='lat' dir='ltr'>est</span> <span class='ocrx_word' id='word_1_196' title='bbox 751 1325 770 1346; x_wconf 85' lang='lat' dir='ltr'>a</span> <span class='ocrx_word' id='word_1_197' title='bbox 793 1315 870 1346; x_wconf 89' lang='lat' dir='ltr'>sede</span> <span class='ocrx_word' id='word_1_198' title='bbox 894 1315 993 1346; x_wconf 86' lang='lat' dir='ltr'>sancti</span> <span class='ocrx_word' id='word_1_199' title='bbox 1010 1315 1109 1355; x_wconf 90' lang='lat' dir='ltr'>Petri,</span> <span class='ocrx_word' id='word_1_200' title='bbox 1135 1314 1301 1345; x_wconf 85' lang='lat' dir='ltr'>dissentiat</span> <span class='ocrx_word' id='word_1_201' title='bbox 1326 1316 1358 1344; x_wconf 92' lang='lat' dir='ltr'>et</span> <span class='ocrx_word' id='word_1_202' title='bbox 1375 1323 1474 1354; x_wconf 83' lang='lat' dir='ltr'>quare</span> <span class='ocrx_word' id='word_1_203' title='bbox 1498 1312 1539 1343; x_wconf 85' lang='lat' dir='ltr'>de</span> <span class='ocrx_word' id='word_1_204' title='bbox 1562 1311 1680 1343; x_wconf 90' lang='lat' dir='ltr'>ieiunio</span> <span class='ocrx_word' id='word_1_205' title='bbox 1705 1310 1809 1341; x_wconf 86' lang='lat' dir='ltr'>sabati</span> <span class='ocrx_word' id='word_1_206' title='bbox 1832 1310 1884 1340; x_wconf 89' lang='lat' dir='ltr'>vel</span> 
     </span>
     <span class='ocr_line' id='line_1_22' title="bbox 233 1361 1884 1407; baseline -0.004 -9"><span class='ocrx_word' id='word_1_207' title='bbox 233 1367 274 1398; x_wconf 90' lang='lat' dir='ltr'>de</span> <span class='ocrx_word' id='word_1_208' title='bbox 299 1366 520 1398; x_wconf 81' lang='lat' dir='ltr'>celebracione</span> <span class='ocrx_word' id='word_1_209' title='bbox 544 1366 613 1397; x_wconf 90' lang='lat' dir='ltr'>IIII</span> <span class='ocrx_word' id='word_1_210' title='bbox 629 1369 810 1407; x_wconf 89' lang='lat' dir='ltr'>temporum</span> <span class='ocrx_word' id='word_1_211' title='bbox 834 1367 1039 1407; x_wconf 84' lang='lat' dir='ltr'>pertinaciter</span> <span class='ocrx_word' id='word_1_212' title='bbox 1063 1368 1148 1407; x_wconf 84' lang='lat' dir='ltr'>agat,</span> <span class='ocrx_word' id='word_1_213' title='bbox 1173 1375 1243 1396; x_wconf 89' lang='lat' dir='ltr'>cum</span> <span class='ocrx_word' id='word_1_214' title='bbox 1262 1368 1294 1396; x_wconf 92' lang='lat' dir='ltr'>et</span> <span class='ocrx_word' id='word_1_215' title='bbox 1317 1364 1357 1395; x_wconf 90' lang='lat' dir='ltr'>de</span> <span class='ocrx_word' id='word_1_216' title='bbox 1382 1365 1502 1395; x_wconf 90' lang='lat' dir='ltr'>ieiunio</span> <span class='ocrx_word' id='word_1_217' title='bbox 1527 1363 1628 1395; x_wconf 89' lang='lat' dir='ltr'>omnis</span> <span class='ocrx_word' id='word_1_218' title='bbox 1650 1362 1754 1393; x_wconf 83' lang='lat' dir='ltr'>sabati</span> <span class='ocrx_word' id='word_1_219' title='bbox 1770 1361 1884 1392; x_wconf 83' lang='lat' dir='ltr'>beatus</span> 
     </span>
    </p>

    <p class='ocr_par' dir='ltr' id='par_1_11' title="bbox 189 1415 1884 1511">
     <span class='ocr_line' id='line_1_23' title="bbox 189 1415 1884 1459; baseline -0.005 -7"><span class='ocrx_word' id='word_1_220' title='bbox 189 1433 214 1452; x_wconf 82' lang='lat'>20</span> <span class='ocrx_word' id='word_1_221' title='bbox 233 1428 320 1459; x_wconf 86' lang='lat' dir='ltr'>papa</span> <span class='ocrx_word' id='word_1_222' title='bbox 337 1417 491 1449; x_wconf 83' lang='lat' dir='ltr'>Silvester</span> <span class='ocrx_word' id='word_1_223' title='bbox 507 1417 629 1450; x_wconf 84' lang='lat' dir='ltr'>Grecos</span> <span class='ocrx_word' id='word_1_224' title='bbox 652 1417 844 1448; x_wconf 83' lang='lat' dir='ltr'>convicerit³</span> <span class='ocrx_word' id='word_1_225' title='bbox 868 1421 900 1449; x_wconf 88' lang='lat' dir='ltr'>et</span> <span class='ocrx_word' id='word_1_226' title='bbox 924 1418 1059 1458; x_wconf 90' lang='lat' dir='ltr'>apostoli</span> <span class='ocrx_word' id='word_1_227' title='bbox 1081 1420 1173 1448; x_wconf 84' lang='lat' dir='ltr'>sexta</span> <span class='ocrx_word' id='word_1_228' title='bbox 1189 1416 1270 1447; x_wconf 87' lang='lat' dir='ltr'>feria</span> <span class='ocrx_word' id='word_1_229' title='bbox 1293 1419 1326 1447; x_wconf 92' lang='lat' dir='ltr'>et</span> <span class='ocrx_word' id='word_1_230' title='bbox 1348 1415 1461 1446; x_wconf 87' lang='lat' dir='ltr'>sabato</span> <span class='ocrx_word' id='word_1_231' title='bbox 1479 1415 1692 1446; x_wconf 81' lang='lat' dir='ltr'>ieiunaverint</span> <span class='ocrx_word' id='word_1_232' title='bbox 1709 1416 1742 1444; x_wconf 87' lang='lat' dir='ltr'>et</span> <span class='ocrx_word' id='word_1_233' title='bbox 1758 1416 1884 1443; x_wconf 84' lang='lat' dir='ltr'>sanctus</span> 
     </span>
     <span class='ocr_line' id='line_1_24' title="bbox 235 1467 1574 1511; baseline -0.003 -11"><span class='ocrx_word' id='word_1_234' title='bbox 235 1474 338 1511; x_wconf 76' lang='lat' dir='ltr'>papa⁰</span> <span class='ocrx_word' id='word_1_235' title='bbox 360 1469 566 1500; x_wconf 86' lang='lat' dir='ltr'>Innocentius</span> <span class='ocrx_word' id='word_1_236' title='bbox 588 1479 684 1510; x_wconf 91' lang='lat' dir='ltr'>super</span> <span class='ocrx_word' id='word_1_237' title='bbox 707 1469 768 1500; x_wconf 83' lang='lat' dir='ltr'>hoc</span> <span class='ocrx_word' id='word_1_238' title='bbox 792 1468 966 1510; x_wconf 88' lang='lat' dir='ltr'>capitulum</span> <span class='ocrx_word' id='word_1_239' title='bbox 990 1469 1021 1499; x_wconf 93' lang='lat' dir='ltr'>in</span> <span class='ocrx_word' id='word_1_240' title='bbox 1045 1469 1109 1499; x_wconf 88' lang='lat' dir='ltr'>suis</span> <span class='ocrx_word' id='word_1_241' title='bbox 1133 1467 1369 1499; x_wconf 76' lang='lat' dir='ltr'>decretalibus4</span> <span class='ocrx_word' id='word_1_242' title='bbox 1392 1467 1574 1498; x_wconf 87' lang='lat' dir='ltr'>instituerit.</span> 
     </span>
    </p>
   </div>
   <div class='ocr_carea' id='block_1_9' title="bbox 956 1539 1160 1541">
    <p class='ocr_par' dir='ltr' id='par_1_12' title="bbox 956 1539 1160 1541">
     <span class='ocr_line' id='line_1_25' title="bbox 956 1539 1160 1541; baseline 0 0"><span class='ocrx_word' id='word_1_243' title='bbox 956 1539 1160 1541; x_wconf 95' lang='lat' dir='ltr'> </span> 
     </span>
    </p>
   </div>
   <div class='ocr_carea' id='block_1_10' title="bbox 228 1594 1885 1739">
    <p class='ocr_par' dir='ltr' id='par_1_13' title="bbox 228 1594 1885 1739">
     <span class='ocr_line' id='line_1_26' title="bbox 1034 1594 1084 1623; baseline -0.02 0"><span class='ocrx_word' id='word_1_244' title='bbox 1034 1594 1084 1623; x_wconf 80' lang='lat'><em>29.</em></span> 
     </span>
     <span class='ocr_line' id='line_1_27' title="bbox 342 1645 1885 1688; baseline -0.003 -9"><span class='ocrx_word' id='word_1_245' title='bbox 342 1648 501 1680; x_wconf 72' lang='lat' dir='ltr'>Iohannes</span> <span class='ocrx_word' id='word_1_246' title='bbox 520 1648 615 1680; x_wconf 87' lang='lat' dir='ltr'>VIII.</span> <span class='ocrx_word' id='word_1_247' title='bbox 635 1659 724 1688; x_wconf 74' lang='lat' dir='ltr'>papa</span> <span class='ocrx_word' id='word_1_248' title='bbox 744 1649 782 1681; x_wconf 81' lang='lat' dir='ltr'><em>G.</em></span> <span class='ocrx_word' id='word_1_249' title='bbox 800 1649 928 1680; x_wconf 79' lang='lat' dir='ltr'>cuidam</span> <span class='ocrx_word' id='word_1_250' title='bbox 949 1648 1059 1679; x_wconf 76' lang='lat' dir='ltr'>scribit</span> <span class='ocrx_word' id='word_1_251' title='bbox 1074 1648 1111 1679; x_wconf 80' lang='lat' dir='ltr'>de</span> <span class='ocrx_word' id='word_1_252' title='bbox 1127 1647 1254 1679; x_wconf 80' lang='lat' dir='ltr'>ccclesia</span> <span class='ocrx_word' id='word_1_253' title='bbox 1269 1647 1297 1678; x_wconf 81' lang='lat' dir='ltr'>ei</span> <span class='ocrx_word' id='word_1_254' title='bbox 1313 1647 1485 1684; x_wconf 73' lang='lat' dir='ltr'>commissa,</span> <span class='ocrx_word' id='word_1_255' title='bbox 1510 1645 1723 1685; x_wconf 59' lang='lat' dir='ltr'>languescente</span> <span class='ocrx_word' id='word_1_256' title='bbox 1746 1645 1885 1684; x_wconf 70' lang='lat' dir='ltr'>episcopo</span> 
     </span>
     <span class='ocr_line' id='line_1_28' title="bbox 228 1696 1834 1739; baseline -0.002 -9"><span class='ocrx_word' id='word_1_257' title='bbox 228 1709 331 1739; x_wconf 76' lang='lat' dir='ltr'>paene</span> <span class='ocrx_word' id='word_1_258' title='bbox 353 1700 501 1737; x_wconf 61' lang='lat' dir='ltr'>videnda,-</span> <span class='ocrx_word' id='word_1_259' title='bbox 522 1702 596 1731; x_wconf 84' lang='lat' dir='ltr'>ante</span> <span class='ocrx_word' id='word_1_260' title='bbox 619 1703 745 1732; x_wconf 80' lang='lat' dir='ltr'>mortem</span> <span class='ocrx_word' id='word_1_261' title='bbox 768 1703 826 1731; x_wconf 78' lang='lat' dir='ltr'>ant</span> <span class='ocrx_word' id='word_1_262' title='bbox 848 1700 1114 1731; x_wconf 71' lang='lat' dir='ltr'>renuntiationem</span> <span class='ocrx_word' id='word_1_263' title='bbox 1137 1699 1226 1730; x_wconf 79' lang='lat' dir='ltr'>illins</span> <span class='ocrx_word' id='word_1_264' title='bbox 1247 1698 1347 1730; x_wconf 71' lang='lat' dir='ltr'>aliani</span> <span class='ocrx_word' id='word_1_265' title='bbox 1373 1698 1550 1737; x_wconf 72' lang='lat' dir='ltr'>episcopum</span> <span class='ocrx_word' id='word_1_266' title='bbox 1573 1696 1721 1728; x_wconf 79' lang='lat' dir='ltr'>constitui</span> <span class='ocrx_word' id='word_1_267' title='bbox 1743 1698 1834 1727; x_wconf 82' lang='lat' dir='ltr'>vetat.</span> 
     </span>
    </p>
   </div>
   <div class='ocr_carea' id='block_1_11' title="bbox 191 1744 1885 1862">
    <p class='ocr_par' dir='ltr' id='par_1_14' title="bbox 191 1744 1885 1862">
     <span class='ocr_line' id='line_1_29' title="bbox 1696 1744 1800 1783; baseline 0 -10"><span class='ocrx_word' id='word_1_268' title='bbox 1696 1744 1800 1783; x_wconf 79' lang='lat'><em>(873.)</em></span> 
     </span>
     <span class='ocr_line' id='line_1_30' title="bbox 191 1780 753 1814; baseline 0.002 -8"><span class='ocrx_word' id='word_1_269' title='bbox 191 1791 215 1812; x_wconf 79' lang='lat'>25</span> <span class='ocrx_word' id='word_1_270' title='bbox 340 1780 402 1807; x_wconf 83' lang='lat' dir='ltr'><em>Coll.</em></span> <span class='ocrx_word' id='word_1_271' title='bbox 415 1788 487 1807; x_wconf 83' lang='lat' dir='ltr'>can.:</span> <span class='ocrx_word' id='word_1_272' title='bbox 515 1782 541 1806; x_wconf 88' lang='lat' dir='ltr'><strong><em>A</em></strong></span> <span class='ocrx_word' id='word_1_273' title='bbox 559 1783 580 1814; x_wconf 84' lang='lat' dir='ltr'><em>f.</em></span> <span class='ocrx_word' id='word_1_274' title='bbox 596 1784 643 1807; x_wconf 85' lang='lat'>127</span> <span class='ocrx_word' id='word_1_275' title='bbox 659 1789 696 1814; x_wconf 77' lang='lat' dir='ltr'>cp.</span> <span class='ocrx_word' id='word_1_276' title='bbox 712 1784 753 1807; x_wconf 85' lang='lat'><em>28.</em></span> 
     </span>
     <span class='ocr_line' id='line_1_31' title="bbox 338 1823 1885 1862; baseline -0.003 -8"><span class='ocrx_word' id='word_1_277' title='bbox 338 1827 406 1854; x_wconf 83' lang='lat' dir='ltr'><em>Ed..·</em></span> <span class='ocrx_word' id='word_1_278' title='bbox 433 1827 605 1860; x_wconf 73' lang='lat' dir='ltr'>Loewenfezd</span> <span class='ocrx_word' id='word_1_279' title='bbox 622 1828 710 1861; x_wconf 75' lang='lat' dir='ltr'>Epist.</span> <span class='ocrx_word' id='word_1_280' title='bbox 720 1836 748 1861; x_wconf 77' lang='lat' dir='ltr'>p.</span> <span class='ocrx_word' id='word_1_281' title='bbox 759 1832 790 1855; x_wconf 82' lang='lat'>29</span> <span class='ocrx_word' id='word_1_282' title='bbox 803 1836 829 1855; x_wconf 88' lang='lat' dir='ltr'>n.</span> <span class='ocrx_word' id='word_1_283' title='bbox 842 1831 872 1854; x_wconf 82' lang='lat'>52</span> <span class='ocrx_word' id='word_1_284' title='bbox 888 1835 920 1854; x_wconf 75' lang='lat' dir='ltr'>ex</span> <span class='ocrx_word' id='word_1_285' title='bbox 933 1828 967 1853; x_wconf 80' lang='lat' dir='ltr'><em>A.</em></span> <span class='ocrx_word' id='word_1_286' title='bbox 980 1843 1013 1846; x_wconf 97' lang='lat'><strong>—</strong></span> <span class='ocrx_word' id='word_1_287' title='bbox 1027 1828 1106 1862; x_wconf 76' lang='lat' dir='ltr'>Re9.:</span> <span class='ocrx_word' id='word_1_288' title='bbox 1126 1826 1224 1853; x_wconf 80' lang='lat' dir='ltr'>Ewald</span> <span class='ocrx_word' id='word_1_289' title='bbox 1236 1826 1298 1852; x_wconf 83' lang='lat' dir='ltr'><em>NA.</em></span> <span class='ocrx_word' id='word_1_290' title='bbox 1318 1826 1346 1857; x_wconf 85' lang='lat' dir='ltr'>V,</span> <span class='ocrx_word' id='word_1_291' title='bbox 1361 1828 1410 1852; x_wconf 87' lang='lat'>306</span> <span class='ocrx_word' id='word_1_292' title='bbox 1423 1834 1450 1851; x_wconf 89' lang='lat' dir='ltr'>n.</span> <span class='ocrx_word' id='word_1_293' title='bbox 1462 1828 1502 1851; x_wconf 77' lang='lat'><em>28.</em></span> <span class='ocrx_word' id='word_1_294' title='bbox 1533 1823 1723 1856; x_wconf 63' lang='lat' dir='ltr'>Jaffaei—Ewald</span> <span class='ocrx_word' id='word_1_295' title='bbox 1737 1824 1801 1857; x_wconf 72' lang='lat' dir='ltr'>Rey.</span> <span class='ocrx_word' id='word_1_296' title='bbox 1812 1827 1885 1850; x_wconf 77' lang='lat'><em>2985.</em></span> 
     </span>
    </p>
   </div>
   <div class='ocr_carea' id='block_1_12' title="bbox 977 1899 1148 1923">
    <p class='ocr_par' dir='ltr' id='par_1_15' title="bbox 977 1899 1148 1923">
     <span class='ocr_line' id='line_1_32' title="bbox 977 1899 1148 1923; baseline -0.006 0"><span class='ocrx_word' id='word_1_297' title='bbox 977 1899 1000 1923; x_wconf 88' lang='lat' dir='ltr'>G</span> <span class='ocrx_word' id='word_1_298' title='bbox 1020 1915 1128 1922; x_wconf 79' lang='lat'><em>.....</em></span> <span class='ocrx_word' id='word_1_299' title='bbox 1135 1900 1148 1914; x_wconf 63' lang='grc' dir='ltr'>θ’</span> 
     </span>
    </p>
   </div>
   <div class='ocr_carea' id='block_1_13' title="bbox 193 1943 1887 2092">
    <p class='ocr_par' dir='ltr' id='par_1_16' title="bbox 193 1943 1887 2092">
     <span class='ocr_line' id='line_1_33' title="bbox 345 1943 1887 1991; baseline -0.004 -12"><span class='ocrx_word' id='word_1_300' title='bbox 345 1946 527 1990; x_wconf 81' lang='lat' dir='ltr'>[L]itterasb</span> <span class='ocrx_word' id='word_1_301' title='bbox 541 1952 593 1989; x_wconf 75' lang='lat' dir='ltr'>tue</span> <span class='ocrx_word' id='word_1_302' title='bbox 611 1949 791 1981; x_wconf 85' lang='lat' dir='ltr'>dilectionis</span> <span class='ocrx_word' id='word_1_303' title='bbox 808 1950 947 1991; x_wconf 87' lang='lat' dir='ltr'>quodam</span> <span class='ocrx_word' id='word_1_304' title='bbox 964 1949 1143 1990; x_wconf 88' lang='lat' dir='ltr'>presbitero</span> <span class='ocrx_word' id='word_1_305' title='bbox 1161 1948 1327 1979; x_wconf 88' lang='lat' dir='ltr'>deferente</span> <span class='ocrx_word' id='word_1_306' title='bbox 1345 1946 1542 1987; x_wconf 85' lang='lat' dir='ltr'>suscepimus</span> <span class='ocrx_word' id='word_1_307' title='bbox 1559 1948 1601 1982; x_wconf 78' lang='lat' dir='ltr'>et,</span> <span class='ocrx_word' id='word_1_308' title='bbox 1615 1946 1734 1986; x_wconf 83' lang='lat' dir='ltr'>quanta</span> <span class='ocrx_word' id='word_1_309' title='bbox 1751 1943 1887 1974; x_wconf 81' lang='lat' dir='ltr'>ecclesia</span> 
     </span>
     <span class='ocr_line' id='line_1_34' title="bbox 236 1995 1886 2042; baseline -0.004 -12"><span class='ocrx_word' id='word_1_310' title='bbox 236 1999 294 2030; x_wconf 87' lang='lat' dir='ltr'>tibi</span> <span class='ocrx_word' id='word_1_311' title='bbox 327 1999 369 2031; x_wconf 84' lang='lat' dir='ltr'>ad</span> <span class='ocrx_word' id='word_1_312' title='bbox 398 2000 575 2041; x_wconf 87' lang='lat' dir='ltr'>regendum</span> <span class='ocrx_word' id='word_1_313' title='bbox 608 2002 777 2032; x_wconf 83' lang='lat' dir='ltr'>commissa</span> <span class='ocrx_word' id='word_1_314' title='bbox 808 2002 972 2042; x_wconf 78' lang='lat' dir='ltr'>paciatur⁰</span> <span class='ocrx_word' id='word_1_315' title='bbox 996 2000 1193 2039; x_wconf 86' lang='lat' dir='ltr'>discrimina,</span> <span class='ocrx_word' id='word_1_316' title='bbox 1226 2001 1457 2040; x_wconf 85' lang='lat' dir='ltr'>cognoscentes</span> <span class='ocrx_word' id='word_1_317' title='bbox 1490 1997 1622 2027; x_wconf 87' lang='lat' dir='ltr'>nimium</span> <span class='ocrx_word' id='word_1_318' title='bbox 1657 1995 1886 2036; x_wconf 79' lang='lat' dir='ltr'>perdoluimus,</span> 
     </span>
     <span class='ocr_line' id='line_1_35' title="bbox 193 2046 1887 2092; baseline -0.005 -9"><span class='ocrx_word' id='word_1_319' title='bbox 193 2064 216 2083; x_wconf 81' lang='grc' dir='ltr'>3ο</span> <span class='ocrx_word' id='word_1_320' title='bbox 237 2051 355 2092; x_wconf 92' lang='lat' dir='ltr'>quippe</span> <span class='ocrx_word' id='word_1_321' title='bbox 385 2061 460 2092; x_wconf 90' lang='lat' dir='ltr'>que,</span> <span class='ocrx_word' id='word_1_322' title='bbox 490 2052 571 2082; x_wconf 88' lang='lat' dir='ltr'>sicut</span> <span class='ocrx_word' id='word_1_323' title='bbox 600 2062 779 2091; x_wconf 87' lang='lat' dir='ltr'>asseveras,</span> <span class='ocrx_word' id='word_1_324' title='bbox 807 2053 872 2084; x_wconf 87' lang='lat' dir='ltr'>iam</span> <span class='ocrx_word' id='word_1_325' title='bbox 901 2063 920 2083; x_wconf 81' lang='lat' dir='ltr'>a</span> <span class='ocrx_word' id='word_1_326' title='bbox 943 2052 1043 2083; x_wconf 91' lang='lat' dir='ltr'>multo</span> <span class='ocrx_word' id='word_1_327' title='bbox 1067 2050 1245 2092; x_wconf 71' lang='lat' dir='ltr'>tempored,</span> <span class='ocrx_word' id='word_1_328' title='bbox 1278 2051 1430 2091; x_wconf 87' lang='lat' dir='ltr'>episcopo</span> <span class='ocrx_word' id='word_1_329' title='bbox 1455 2049 1507 2089; x_wconf 88' lang='lat' dir='ltr'>qui</span> <span class='ocrx_word' id='word_1_330' title='bbox 1540 2048 1588 2078; x_wconf 74' lang='lat' dir='ltr'>eie</span> <span class='ocrx_word' id='word_1_331' title='bbox 1612 2056 1741 2089; x_wconf 89' lang='lat' dir='ltr'>preesse</span> <span class='ocrx_word' id='word_1_332' title='bbox 1773 2046 1887 2076; x_wconf 85' lang='lat' dir='ltr'>dicitur</span> 
     </span>
    </p>
   </div>
   <div class='ocr_carea' id='block_1_14' title="bbox 348 2103 1782 2119">
    <p class='ocr_par' dir='ltr' id='par_1_17' title="bbox 348 2103 1782 2119">
     <span class='ocr_line' id='line_1_36' title="bbox 348 2103 1782 2119; baseline 0 0"><span class='ocrx_word' id='word_1_333' title='bbox 348 2103 1782 2119; x_wconf 95' lang='lat' dir='ltr'> </span> 
     </span>
    </p>
   </div>
   <div class='ocr_carea' id='block_1_15' title="bbox 194 2149 1889 2396">
    <p class='ocr_par' dir='ltr' id='par_1_18' title="bbox 194 2149 1889 2396">
     <span class='ocr_line' id='line_1_37' title="bbox 339 2149 1363 2184; baseline 0 -10"><span class='ocrx_word' id='word_1_334' title='bbox 339 2149 380 2175; x_wconf 80' lang='lat'><em>27.</em></span> <span class='ocrx_word' id='word_1_335' title='bbox 409 2150 432 2182; x_wconf 68' lang='lat'>³)</span> <span class='ocrx_word' id='word_1_336' title='bbox 451 2151 536 2175; x_wconf 73' lang='lat' dir='ltr'>littera</span> <span class='ocrx_word' id='word_1_337' title='bbox 555 2151 662 2176; x_wconf 74' lang='lat' dir='ltr'>initialis</span> <span class='ocrx_word' id='word_1_338' title='bbox 681 2151 748 2176; x_wconf 74' lang='lat' dir='ltr'>deest</span> <span class='ocrx_word' id='word_1_339' title='bbox 766 2152 800 2176; x_wconf 81' lang='lat' dir='ltr'><em>A.</em></span> <span class='ocrx_word' id='word_1_340' title='bbox 888 2150 913 2184; x_wconf 83' lang='lat' dir='ltr'>b)</span> <span class='ocrx_word' id='word_1_341' title='bbox 932 2150 983 2183; x_wconf 71' lang='lat' dir='ltr'>Uul</span> <span class='ocrx_word' id='word_1_342' title='bbox 1007 2151 1038 2175; x_wconf 88' lang='lat' dir='ltr'><em>A.</em></span> <span class='ocrx_word' id='word_1_343' title='bbox 1128 2150 1150 2182; x_wconf 75' lang='lat'>⁰)</span> <span class='ocrx_word' id='word_1_344' title='bbox 1170 2158 1246 2175; x_wconf 82' lang='lat' dir='ltr'>anme</span> <span class='ocrx_word' id='word_1_345' title='bbox 1265 2151 1311 2181; x_wconf 66' lang='lat' dir='ltr'>nire</span> <span class='ocrx_word' id='word_1_346' title='bbox 1331 2149 1363 2174; x_wconf 71' lang='lat' dir='ltr'><em>A.</em></span> 
     </span>
     <span class='ocr_line' id='line_1_38' title="bbox 339 2199 1475 2234; baseline -0.002 -8"><span class='ocrx_word' id='word_1_347' title='bbox 339 2199 380 2226; x_wconf 77' lang='lat'>28.</span> <span class='ocrx_word' id='word_1_348' title='bbox 408 2201 431 2231; x_wconf 56' lang='grc' dir='ltr'>ἃ)</span> <span class='ocrx_word' id='word_1_349' title='bbox 450 2202 485 2226; x_wconf 68' lang='lat' dir='ltr'>sic</span> <span class='ocrx_word' id='word_1_350' title='bbox 504 2201 537 2232; x_wconf 90' lang='lat' dir='ltr'>A,</span> <span class='ocrx_word' id='word_1_351' title='bbox 557 2202 590 2234; x_wconf 79' lang='lat' dir='ltr'>cf.</span> <span class='ocrx_word' id='word_1_352' title='bbox 605 2207 692 2228; x_wconf 78' lang='lat' dir='ltr'>annot.</span> <span class='ocrx_word' id='word_1_353' title='bbox 706 2206 726 2228; x_wconf 90' lang='lat'>1.</span> <span class='ocrx_word' id='word_1_354' title='bbox 815 2201 840 2234; x_wconf 87' lang='lat' dir='ltr'>b)</span> <span class='ocrx_word' id='word_1_355' title='bbox 860 2203 945 2227; x_wconf 79' lang='lat' dir='ltr'>littera</span> <span class='ocrx_word' id='word_1_356' title='bbox 963 2202 1071 2227; x_wconf 72' lang='lat' dir='ltr'>initialis</span> <span class='ocrx_word' id='word_1_357' title='bbox 1091 2202 1158 2226; x_wconf 77' lang='lat' dir='ltr'>deest</span> <span class='ocrx_word' id='word_1_358' title='bbox 1177 2201 1210 2226; x_wconf 84' lang='lat' dir='ltr'><em>A.</em></span> <span class='ocrx_word' id='word_1_359' title='bbox 1298 2200 1320 2232; x_wconf 85' lang='lat' dir='ltr'>c)</span> <span class='ocrx_word' id='word_1_360' title='bbox 1340 2208 1423 2233; x_wconf 85' lang='lat' dir='ltr'>pappa</span> <span class='ocrx_word' id='word_1_361' title='bbox 1443 2200 1475 2224; x_wconf 84' lang='lat' dir='ltr'>A.</span> 
     </span>
     <span class='ocr_line' id='line_1_39' title="bbox 338 2248 1889 2285; baseline -0.003 -9"><span class='ocrx_word' id='word_1_362' title='bbox 338 2250 380 2276; x_wconf 80' lang='lat'><em>29.</em></span> <span class='ocrx_word' id='word_1_363' title='bbox 410 2251 433 2284; x_wconf 84' lang='lat' dir='ltr'>a)</span> <span class='ocrx_word' id='word_1_364' title='bbox 453 2252 516 2277; x_wconf 73' lang='lat' dir='ltr'>haec</span> <span class='ocrx_word' id='word_1_365' title='bbox 533 2261 587 2277; x_wconf 82' lang='lat' dir='ltr'>una</span> <span class='ocrx_word' id='word_1_366' title='bbox 606 2257 704 2278; x_wconf 75' lang='lat' dir='ltr'>tantum</span> <span class='ocrx_word' id='word_1_367' title='bbox 722 2254 807 2279; x_wconf 78' lang='lat' dir='ltr'>littera</span> <span class='ocrx_word' id='word_1_368' title='bbox 826 2254 853 2278; x_wconf 82' lang='lat' dir='ltr'>in</span> <span class='ocrx_word' id='word_1_369' title='bbox 871 2253 986 2285; x_wconf 79' lang='lat' dir='ltr'>maryine</span> <span class='ocrx_word' id='word_1_370' title='bbox 1005 2253 1053 2285; x_wconf 67' lang='lat' dir='ltr'>legi</span> <span class='ocrx_word' id='word_1_371' title='bbox 1066 2256 1148 2284; x_wconf 78' lang='lat' dir='ltr'>potest</span> <span class='ocrx_word' id='word_1_372' title='bbox 1168 2252 1200 2277; x_wconf 93' lang='lat' dir='ltr'><em>A.</em></span> <span class='ocrx_word' id='word_1_373' title='bbox 1271 2250 1297 2284; x_wconf 56' lang='grc' dir='ltr'>1Ἰ)</span> <span class='ocrx_word' id='word_1_374' title='bbox 1317 2252 1403 2276; x_wconf 69' lang='lat' dir='ltr'>littera</span> <span class='ocrx_word' id='word_1_375' title='bbox 1421 2250 1529 2275; x_wconf 64' lang='lat' dir='ltr'>initialis</span> <span class='ocrx_word' id='word_1_376' title='bbox 1548 2250 1616 2275; x_wconf 78' lang='lat' dir='ltr'>deest</span> <span class='ocrx_word' id='word_1_377' title='bbox 1635 2249 1667 2274; x_wconf 84' lang='lat' dir='ltr'><em>A.</em></span> <span class='ocrx_word' id='word_1_378' title='bbox 1739 2248 1761 2280; x_wconf 84' lang='lat' dir='ltr'>c)</span> <span class='ocrx_word' id='word_1_379' title='bbox 1782 2248 1889 2273; x_wconf 83' lang='lat' dir='ltr'>ecclesia</span> 
     </span>
     <span class='ocr_line' id='line_1_40' title="bbox 236 2293 811 2328; baseline 0.005 -10"><span class='ocrx_word' id='word_1_380' title='bbox 236 2294 326 2326; x_wconf 77' lang='lat' dir='ltr'>repetit</span> <span class='ocrx_word' id='word_1_381' title='bbox 344 2294 378 2320; x_wconf 85' lang='grc' dir='ltr'>Α.</span> <span class='ocrx_word' id='word_1_382' title='bbox 467 2293 491 2327; x_wconf 80' lang='lat' dir='ltr'>d)</span> <span class='ocrx_word' id='word_1_383' title='bbox 510 2296 550 2328; x_wconf 59' lang='grc' dir='ltr'>τῇ·</span> <span class='ocrx_word' id='word_1_384' title='bbox 570 2295 601 2320; x_wconf 80' lang='lat' dir='ltr'><em>A.</em></span> <span class='ocrx_word' id='word_1_385' title='bbox 692 2296 715 2327; x_wconf 67' lang='grc' dir='ltr'>θ)</span> <span class='ocrx_word' id='word_1_386' title='bbox 734 2300 759 2321; x_wconf 85' lang='lat' dir='ltr'>et</span> <span class='ocrx_word' id='word_1_387' title='bbox 778 2296 811 2321; x_wconf 91' lang='lat' dir='ltr'><em>A.</em></span> 
     </span>
     <span class='ocr_line' id='line_1_41' title="bbox 194 2358 1889 2396; baseline -0.006 -5"><span class='ocrx_word' id='word_1_388' title='bbox 194 2372 218 2391; x_wconf 75' lang='lat'>35</span> <span class='ocrx_word' id='word_1_389' title='bbox 342 2362 367 2392; x_wconf 86' lang='lat'>1&gt;</span> <span class='ocrx_word' id='word_1_390' title='bbox 389 2361 591 2389; x_wconf 56' lang='lat' dir='ltr'>Feri-ariensem</span> <span class='ocrx_word' id='word_1_391' title='bbox 614 2371 666 2389; x_wconf 83' lang='lat' dir='ltr'>esse</span> <span class='ocrx_word' id='word_1_392' title='bbox 688 2363 818 2396; x_wconf 75' lang='lat' dir='ltr'>opinatur</span> <span class='ocrx_word' id='word_1_393' title='bbox 837 2362 945 2394; x_wconf 74' lang='lat' dir='ltr'>Ewaid,</span> <span class='ocrx_word' id='word_1_394' title='bbox 969 2362 1012 2388; x_wconf 73' lang='lat' dir='ltr'>secl</span> <span class='ocrx_word' id='word_1_395' title='bbox 1036 2364 1105 2387; x_wconf 82' lang='lat' dir='ltr'>recte</span> <span class='ocrx_word' id='word_1_396' title='bbox 1127 2361 1204 2387; x_wconf 77' lang='lat' dir='ltr'>reicit</span> <span class='ocrx_word' id='word_1_397' title='bbox 1227 2360 1302 2386; x_wconf 82' lang='lat' dir='ltr'>Kehr</span> <span class='ocrx_word' id='word_1_398' title='bbox 1320 2360 1404 2386; x_wconf 82' lang='lat' dir='ltr'>Italia</span> <span class='ocrx_word' id='word_1_399' title='bbox 1422 2359 1566 2393; x_wconf 74' lang='lat' dir='ltr'>pontificia</span> <span class='ocrx_word' id='word_1_400' title='bbox 1588 2358 1618 2391; x_wconf 87' lang='lat' dir='ltr'>V,</span> <span class='ocrx_word' id='word_1_401' title='bbox 1638 2361 1687 2384; x_wconf 74' lang='lat'>208</span> <span class='ocrx_word' id='word_1_402' title='bbox 1705 2366 1732 2383; x_wconf 83' lang='lat' dir='ltr'>n.</span> <span class='ocrx_word' id='word_1_403' title='bbox 1746 2362 1762 2383; x_wconf 72' lang='lat'><em>4</em></span> <span class='ocrx_word' id='word_1_404' title='bbox 1781 2359 1889 2388; x_wconf 59' lang='lat' dir='ltr'>annot„-</span> 
     </span>
    </p>
   </div>
   <div class='ocr_carea' id='block_1_16' title="bbox 194 2399 1890 2824">
    <p class='ocr_par' dir='ltr' id='par_1_19' title="bbox 194 2399 1890 2824">
     <span class='ocr_line' id='line_1_42' title="bbox 237 2399 1889 2439; baseline -0.002 -11"><span class='ocrx_word' id='word_1_405' title='bbox 237 2403 316 2429; x_wconf 78' lang='lat' dir='ltr'>immo</span> <span class='ocrx_word' id='word_1_406' title='bbox 337 2404 450 2435; x_wconf 80' lang='lat' dir='ltr'>sortasse</span> <span class='ocrx_word' id='word_1_407' title='bbox 474 2405 505 2431; x_wconf 81' lang='lat' dir='ltr'>de</span> <span class='ocrx_word' id='word_1_408' title='bbox 528 2404 611 2431; x_wconf 78' lang='lat' dir='ltr'>codem</span> <span class='ocrx_word' id='word_1_409' title='bbox 633 2406 809 2432; x_wconf 82' lang='lat' dir='ltr'>Constantino</span> <span class='ocrx_word' id='word_1_410' title='bbox 832 2406 928 2439; x_wconf 71' lang='lat' dir='ltr'>ayitur,</span> <span class='ocrx_word' id='word_1_411' title='bbox 951 2405 999 2438; x_wconf 74' lang='lat' dir='ltr'>qni</span> <span class='ocrx_word' id='word_1_412' title='bbox 1023 2405 1102 2430; x_wconf 78' lang='lat' dir='ltr'>etiam</span> <span class='ocrx_word' id='word_1_413' title='bbox 1125 2413 1150 2430; x_wconf 83' lang='lat' dir='ltr'>a.</span> <span class='ocrx_word' id='word_1_414' title='bbox 1163 2406 1214 2429; x_wconf 82' lang='grc'>881</span> <span class='ocrx_word' id='word_1_415' title='bbox 1236 2412 1254 2429; x_wconf 87' lang='lat' dir='ltr'>a</span> <span class='ocrx_word' id='word_1_416' title='bbox 1273 2404 1430 2430; x_wconf 62' lang='lat' dir='ltr'>Ravennam</span> <span class='ocrx_word' id='word_1_417' title='bbox 1454 2402 1648 2435; x_wconf 74' lang='lat' dir='ltr'>archiepiscopo</span> <span class='ocrx_word' id='word_1_418' title='bbox 1670 2401 1699 2426; x_wconf 67' lang='lat' dir='ltr'>rin</span> <span class='ocrx_word' id='word_1_419' title='bbox 1721 2399 1889 2433; x_wconf 70' lang='lat' dir='ltr'>episcopalem</span> 
     </span>
     <span class='ocr_line' id='line_1_43' title="bbox 237 2441 1890 2481; baseline -0.003 -10"><span class='ocrx_word' id='word_1_420' title='bbox 237 2446 332 2479; x_wconf 79' lang='lat' dir='ltr'>sedem,</span> <span class='ocrx_word' id='word_1_421' title='bbox 350 2447 531 2473; x_wconf 78' lang='lat' dir='ltr'>Faventinam</span> <span class='ocrx_word' id='word_1_422' title='bbox 544 2448 647 2481; x_wconf 74' lang='lat' dir='ltr'>scilieet,</span> <span class='ocrx_word' id='word_1_423' title='bbox 667 2449 846 2481; x_wconf 73' lang='lat' dir='ltr'>introductus,</span> <span class='ocrx_word' id='word_1_424' title='bbox 866 2457 884 2474; x_wconf 90' lang='lat' dir='ltr'>a</span> <span class='ocrx_word' id='word_1_425' title='bbox 893 2456 969 2481; x_wconf 77' lang='lat' dir='ltr'>papa</span> <span class='ocrx_word' id='word_1_426' title='bbox 981 2456 1042 2473; x_wconf 68' lang='lat' dir='ltr'>vero</span> <span class='ocrx_word' id='word_1_427' title='bbox 1055 2448 1165 2473; x_wconf 73' lang='lat' dir='ltr'>reiectus</span> <span class='ocrx_word' id='word_1_428' title='bbox 1178 2449 1222 2480; x_wconf 77' lang='lat' dir='ltr'>est,</span> <span class='ocrx_word' id='word_1_429' title='bbox 1242 2449 1276 2478; x_wconf 82' lang='lat' dir='ltr'>cf.</span> <span class='ocrx_word' id='word_1_430' title='bbox 1290 2454 1374 2479; x_wconf 63' lang='lat' dir='ltr'>supra</span> <span class='ocrx_word' id='word_1_431' title='bbox 1393 2454 1420 2472; x_wconf 82' lang='lat' dir='ltr'>n.</span> <span class='ocrx_word' id='word_1_432' title='bbox 1433 2448 1494 2477; x_wconf 72' lang='lat'>284,</span> <span class='ocrx_word' id='word_1_433' title='bbox 1509 2453 1535 2477; x_wconf 79' lang='lat' dir='ltr'>p.</span> <span class='ocrx_word' id='word_1_434' title='bbox 1546 2448 1603 2476; x_wconf 84' lang='lat'>250,</span> <span class='ocrx_word' id='word_1_435' title='bbox 1617 2444 1674 2469; x_wconf 77' lang='lat' dir='ltr'>licet</span> <span class='ocrx_word' id='word_1_436' title='bbox 1687 2443 1764 2469; x_wconf 74' lang='lat' dir='ltr'>rerba</span> <span class='ocrx_word' id='word_1_437' title='bbox 1781 2441 1890 2468; x_wconf 80' lang='lat' dir='ltr'>modica</span> 
     </span>
     <span class='ocr_line' id='line_1_44' title="bbox 239 2485 1888 2525; baseline -0.004 -10"><span class='ocrx_word' id='word_1_438' title='bbox 239 2489 339 2515; x_wconf 84' lang='lat' dir='ltr'>civitas</span> <span class='ocrx_word' id='word_1_439' title='bbox 358 2490 388 2522; x_wconf 83' lang='lat' dir='ltr'>(l.</span> <span class='ocrx_word' id='word_1_440' title='bbox 402 2490 442 2524; x_wconf 88' lang='lat'>17)</span> <span class='ocrx_word' id='word_1_441' title='bbox 460 2490 497 2516; x_wconf 83' lang='lat' dir='ltr'>ad</span> <span class='ocrx_word' id='word_1_442' title='bbox 515 2491 596 2517; x_wconf 78' lang='lat' dir='ltr'>aliam</span> <span class='ocrx_word' id='word_1_443' title='bbox 615 2492 730 2518; x_wconf 79' lang='lat' dir='ltr'>eiusdem</span> <span class='ocrx_word' id='word_1_444' title='bbox 745 2492 914 2525; x_wconf 75' lang='lat' dir='ltr'>provinciae,</span> <span class='ocrx_word' id='word_1_445' title='bbox 937 2500 994 2517; x_wconf 86' lang='lat' dir='ltr'>non</span> <span class='ocrx_word' id='word_1_446' title='bbox 1012 2490 1049 2516; x_wconf 84' lang='lat' dir='ltr'>ad</span> <span class='ocrx_word' id='word_1_447' title='bbox 1070 2490 1250 2516; x_wconf 74' lang='lat' dir='ltr'>Faventinam</span> <span class='ocrx_word' id='word_1_448' title='bbox 1267 2490 1407 2522; x_wconf 70' lang='lat' dir='ltr'>antiquam</span> <span class='ocrx_word' id='word_1_449' title='bbox 1431 2488 1528 2520; x_wconf 73' lang='lat' dir='ltr'>sedem,</span> <span class='ocrx_word' id='word_1_450' title='bbox 1551 2487 1641 2520; x_wconf 70' lang='lat' dir='ltr'>aptius</span> <span class='ocrx_word' id='word_1_451' title='bbox 1663 2485 1806 2519; x_wconf 81' lang='lat' dir='ltr'>referenda</span> <span class='ocrx_word' id='word_1_452' title='bbox 1827 2485 1888 2510; x_wconf 74' lang='lat' dir='ltr'>sint.</span> 
     </span>
     <span class='ocr_line' id='line_1_45' title="bbox 237 2527 1890 2568; baseline -0.004 -11"><span class='ocrx_word' id='word_1_453' title='bbox 237 2532 472 2565; x_wconf 76' lang='lat' dir='ltr'>Areliiepiscopum</span> <span class='ocrx_word' id='word_1_454' title='bbox 494 2535 563 2560; x_wconf 83' lang='lat' dir='ltr'>enim</span> <span class='ocrx_word' id='word_1_455' title='bbox 583 2534 766 2561; x_wconf 78' lang='lat' dir='ltr'>Ravennatem</span> <span class='ocrx_word' id='word_1_456' title='bbox 786 2535 945 2568; x_wconf 83' lang='lat' dir='ltr'>(Iohannem</span> <span class='ocrx_word' id='word_1_457' title='bbox 966 2534 1015 2566; x_wconf 88' lang='lat' dir='ltr'>X.,</span> <span class='ocrx_word' id='word_1_458' title='bbox 1034 2534 1166 2564; x_wconf 74' lang='lat'><em>850—78)</em></span> <span class='ocrx_word' id='word_1_459' title='bbox 1185 2535 1208 2559; x_wconf 85' lang='lat' dir='ltr'>et</span> <span class='ocrx_word' id='word_1_460' title='bbox 1231 2533 1273 2558; x_wconf 79' lang='lat' dir='ltr'>hic</span> <span class='ocrx_word' id='word_1_461' title='bbox 1291 2532 1320 2565; x_wconf 80' lang='lat' dir='ltr'><em>(l.</em></span> <span class='ocrx_word' id='word_1_462' title='bbox 1335 2532 1376 2565; x_wconf 85' lang='lat'>16)</span> <span class='ocrx_word' id='word_1_463' title='bbox 1395 2531 1558 2565; x_wconf 67' lang='lat' dir='ltr'>siynificuri,</span> <span class='ocrx_word' id='word_1_464' title='bbox 1583 2533 1612 2555; x_wconf 76' lang='lat' dir='ltr'>nc</span> <span class='ocrx_word' id='word_1_465' title='bbox 1635 2529 1730 2554; x_wconf 77' lang='lat' dir='ltr'>habent</span> <span class='ocrx_word' id='word_1_466' title='bbox 1749 2527 1845 2553; x_wconf 73' lang='lat' dir='ltr'>Ewalrl</span> <span class='ocrx_word' id='word_1_467' title='bbox 1866 2529 1890 2551; x_wconf 81' lang='lat' dir='ltr'>ct</span> 
     </span>
     <span class='ocr_line' id='line_1_46' title="bbox 194 2570 1890 2611; baseline -0.006 -7"><span class='ocrx_word' id='word_1_468' title='bbox 194 2586 219 2604; x_wconf 76' lang='lat'>40</span> <span class='ocrx_word' id='word_1_469' title='bbox 239 2574 406 2606; x_wconf 75' lang='lat' dir='ltr'>Loewenfeld</span> <span class='ocrx_word' id='word_1_470' title='bbox 425 2576 471 2610; x_wconf 76' lang='lat' dir='ltr'>(cf.</span> <span class='ocrx_word' id='word_1_471' title='bbox 485 2577 565 2602; x_wconf 82' lang='lat' dir='ltr'>etiam</span> <span class='ocrx_word' id='word_1_472' title='bbox 580 2577 655 2603; x_wconf 83' lang='lat' dir='ltr'>Kehr</span> <span class='ocrx_word' id='word_1_473' title='bbox 672 2577 760 2604; x_wconf 81' lang='lat' dir='ltr'>Italia</span> <span class='ocrx_word' id='word_1_474' title='bbox 774 2578 918 2611; x_wconf 73' lang='lat' dir='ltr'>pontificia</span> <span class='ocrx_word' id='word_1_475' title='bbox 936 2577 965 2610; x_wconf 89' lang='lat' dir='ltr'>V,</span> <span class='ocrx_word' id='word_1_476' title='bbox 979 2581 1012 2603; x_wconf 79' lang='lat'>42</span> <span class='ocrx_word' id='word_1_477' title='bbox 1029 2585 1056 2603; x_wconf 84' lang='lat' dir='ltr'>n.</span> <span class='ocrx_word' id='word_1_478' title='bbox 1069 2581 1113 2602; x_wconf 76' lang='lat'>114</span> <span class='ocrx_word' id='word_1_479' title='bbox 1127 2578 1241 2608; x_wconf 58' lang='lat' dir='ltr'>annot),</span> <span class='ocrx_word' id='word_1_480' title='bbox 1261 2575 1353 2601; x_wconf 73' lang='lat' dir='ltr'>suadet</span> <span class='ocrx_word' id='word_1_481' title='bbox 1373 2573 1510 2600; x_wconf 73' lang='lat' dir='ltr'>discordia</span> <span class='ocrx_word' id='word_1_482' title='bbox 1530 2573 1560 2598; x_wconf 84' lang='lat' dir='ltr'>de</span> <span class='ocrx_word' id='word_1_483' title='bbox 1578 2572 1682 2598; x_wconf 77' lang='lat' dir='ltr'>ieiunio</span> <span class='ocrx_word' id='word_1_484' title='bbox 1700 2570 1802 2596; x_wconf 79' lang='lat' dir='ltr'>sabbati</span> <span class='ocrx_word' id='word_1_485' title='bbox 1820 2570 1890 2595; x_wconf 37' lang='lat' dir='ltr'>&#39;inter</span> 
     </span>
     <span class='ocr_line' id='line_1_47' title="bbox 241 2613 1890 2653; baseline -0.004 -11"><span class='ocrx_word' id='word_1_486' title='bbox 241 2615 357 2643; x_wconf 83' lang='lat' dir='ltr'>Graecos</span> <span class='ocrx_word' id='word_1_487' title='bbox 380 2620 403 2643; x_wconf 87' lang='lat' dir='ltr'>et</span> <span class='ocrx_word' id='word_1_488' title='bbox 422 2618 573 2644; x_wconf 84' lang='lat' dir='ltr'>Romanam</span> <span class='ocrx_word' id='word_1_489' title='bbox 596 2621 728 2646; x_wconf 80' lang='lat' dir='ltr'>ecclesiam</span> <span class='ocrx_word' id='word_1_490' title='bbox 751 2624 823 2647; x_wconf 83' lang='lat' dir='ltr'>mota</span> <span class='ocrx_word' id='word_1_491' title='bbox 843 2621 873 2653; x_wconf 80' lang='lat' dir='ltr'><em>(l.</em></span> <span class='ocrx_word' id='word_1_492' title='bbox 888 2620 1017 2653; x_wconf 77' lang='lat'><em>19—20).</em></span> <span class='ocrx_word' id='word_1_493' title='bbox 1053 2619 1083 2646; x_wconf 74' lang='lat' dir='ltr'>Is</span> <span class='ocrx_word' id='word_1_494' title='bbox 1107 2619 1152 2645; x_wconf 82' lang='lat' dir='ltr'>cui</span> <span class='ocrx_word' id='word_1_495' title='bbox 1172 2618 1327 2644; x_wconf 73' lang='lat' dir='ltr'>inscribitur</span> <span class='ocrx_word' id='word_1_496' title='bbox 1348 2617 1458 2650; x_wconf 75' lang='lat' dir='ltr'>epistola</span> <span class='ocrx_word' id='word_1_497' title='bbox 1477 2616 1508 2649; x_wconf 84' lang='lat' dir='ltr'><em>(l.</em></span> <span class='ocrx_word' id='word_1_498' title='bbox 1525 2617 1576 2649; x_wconf 80' lang='lat'>15),</span> <span class='ocrx_word' id='word_1_499' title='bbox 1600 2623 1647 2640; x_wconf 78' lang='lat' dir='ltr'>nec</span> <span class='ocrx_word' id='word_1_500' title='bbox 1666 2613 1798 2644; x_wconf 74' lang='lat' dir='ltr'>Polensis,</span> <span class='ocrx_word' id='word_1_501' title='bbox 1823 2613 1890 2637; x_wconf 74' lang='lat' dir='ltr'>sicut</span> 
     </span>
     <span class='ocr_line' id='line_1_48' title="bbox 239 2654 1890 2696; baseline -0.003 -12"><span class='ocrx_word' id='word_1_502' title='bbox 239 2659 335 2685; x_wconf 80' lang='lat' dir='ltr'>conicit</span> <span class='ocrx_word' id='word_1_503' title='bbox 359 2659 458 2686; x_wconf 78' lang='lat' dir='ltr'>Ewald</span> <span class='ocrx_word' id='word_1_504' title='bbox 482 2661 512 2687; x_wconf 84' lang='lat' dir='ltr'>in</span> <span class='ocrx_word' id='word_1_505' title='bbox 536 2662 599 2690; x_wconf 87' lang='lat' dir='ltr'><em>NA.</em></span> <span class='ocrx_word' id='word_1_506' title='bbox 626 2663 655 2696; x_wconf 89' lang='lat' dir='ltr'>V,</span> <span class='ocrx_word' id='word_1_507' title='bbox 677 2667 740 2696; x_wconf 83' lang='lat'>306,</span> <span class='ocrx_word' id='word_1_508' title='bbox 768 2672 815 2690; x_wconf 80' lang='lat' dir='ltr'>nec</span> <span class='ocrx_word' id='word_1_509' title='bbox 840 2663 1058 2696; x_wconf 62' lang='lat' dir='ltr'>Popufflniensis,</span> <span class='ocrx_word' id='word_1_510' title='bbox 1087 2663 1153 2688; x_wconf 81' lang='lat' dir='ltr'>sicut</span> <span class='ocrx_word' id='word_1_511' title='bbox 1180 2662 1268 2695; x_wconf 67' lang='lat' dir='ltr'>Zeynnt</span> <span class='ocrx_word' id='word_1_512' title='bbox 1294 2660 1349 2686; x_wconf 76' lang='lat' dir='ltr'><em>JE.</em></span> <span class='ocrx_word' id='word_1_513' title='bbox 1368 2664 1432 2685; x_wconf 70' lang='lat'>2984</span> <span class='ocrx_word' id='word_1_514' title='bbox 1457 2662 1480 2685; x_wconf 86' lang='lat' dir='ltr'>et</span> <span class='ocrx_word' id='word_1_515' title='bbox 1506 2656 1682 2688; x_wconf 73' lang='lat' dir='ltr'>Loewenfeld,</span> <span class='ocrx_word' id='word_1_516' title='bbox 1711 2655 1754 2681; x_wconf 75' lang='lat' dir='ltr'>secl</span> <span class='ocrx_word' id='word_1_517' title='bbox 1777 2654 1890 2686; x_wconf 62' lang='lat' dir='ltr'>sbi-casse</span> 
     </span>
     <span class='ocr_line' id='line_1_49' title="bbox 239 2698 1888 2739; baseline -0.004 -13"><span class='ocrx_word' id='word_1_518' title='bbox 239 2701 411 2734; x_wconf 72' lang='lat' dir='ltr'>Populiensis</span> <span class='ocrx_word' id='word_1_519' title='bbox 433 2703 675 2739; x_wconf 75' lang='lat' dir='ltr'>(Forlimpopoli&#39;)</span> <span class='ocrx_word' id='word_1_520' title='bbox 699 2709 748 2739; x_wconf 82' lang='lat' dir='ltr'>est,</span> <span class='ocrx_word' id='word_1_521' title='bbox 771 2714 853 2739; x_wconf 75' lang='lat' dir='ltr'>aeque</span> <span class='ocrx_word' id='word_1_522' title='bbox 877 2705 1090 2732; x_wconf 71' lang='lat' dir='ltr'>Ravennatensis</span> <span class='ocrx_word' id='word_1_523' title='bbox 1109 2704 1270 2737; x_wconf 77' lang='lat' dir='ltr'>provinciae.</span> <span class='ocrx_word' id='word_1_524' title='bbox 1376 2702 1402 2734; x_wconf 84' lang='lat'>2)</span> <span class='ocrx_word' id='word_1_525' title='bbox 1424 2701 1464 2733; x_wconf 84' lang='lat' dir='ltr'><em>Cf.</em></span> <span class='ocrx_word' id='word_1_526' title='bbox 1485 2709 1543 2726; x_wconf 74' lang='lat' dir='ltr'>can.</span> <span class='ocrx_word' id='word_1_527' title='bbox 1557 2704 1572 2726; x_wconf 76' lang='grc' dir='ltr'>(ἲ</span> <span class='ocrx_word' id='word_1_528' title='bbox 1595 2698 1673 2725; x_wconf 79' lang='lat' dir='ltr'>Sard.</span> <span class='ocrx_word' id='word_1_529' title='bbox 1690 2705 1761 2724; x_wconf 80' lang='lat' dir='ltr'>conc.</span> <span class='ocrx_word' id='word_1_530' title='bbox 1781 2698 1888 2728; x_wconf 74' lang='lat' dir='ltr'>interpr.</span> 
     </span>
     <span class='ocr_line' id='line_1_50' title="bbox 240 2741 1889 2782; baseline -0.006 -10"><span class='ocrx_word' id='word_1_531' title='bbox 240 2744 374 2778; x_wconf 60' lang='lat' dir='ltr'>Dionysio</span> <span class='ocrx_word' id='word_1_532' title='bbox 387 2746 495 2778; x_wconf 77' lang='lat' dir='ltr'>(Mansi</span> <span class='ocrx_word' id='word_1_533' title='bbox 508 2748 566 2780; x_wconf 87' lang='lat'>111,</span> <span class='ocrx_word' id='word_1_534' title='bbox 578 2750 631 2782; x_wconf 81' lang='lat'><em>24).</em></span> <span class='ocrx_word' id='word_1_535' title='bbox 701 2750 727 2782; x_wconf 87' lang='lat'>3)</span> <span class='ocrx_word' id='word_1_536' title='bbox 747 2749 864 2775; x_wconf 71' lang='lat' dir='ltr'>silvestri</span> <span class='ocrx_word' id='word_1_537' title='bbox 879 2756 970 2782; x_wconf 80' lang='lat' dir='ltr'>papae</span> <span class='ocrx_word' id='word_1_538' title='bbox 982 2748 1110 2774; x_wconf 67' lang='lat' dir='ltr'>decretum</span> <span class='ocrx_word' id='word_1_539' title='bbox 1123 2747 1155 2773; x_wconf 75' lang='lat' dir='ltr'>(Ze</span> <span class='ocrx_word' id='word_1_540' title='bbox 1167 2747 1218 2772; x_wconf 80' lang='lat' dir='ltr'>hac</span> <span class='ocrx_word' id='word_1_541' title='bbox 1231 2754 1257 2772; x_wconf 77' lang='lat' dir='ltr'>re</span> <span class='ocrx_word' id='word_1_542' title='bbox 1271 2754 1325 2771; x_wconf 77' lang='lat' dir='ltr'>non</span> <span class='ocrx_word' id='word_1_543' title='bbox 1338 2746 1433 2776; x_wconf 66' lang='lat' dir='ltr'>erstat,</span> <span class='ocrx_word' id='word_1_544' title='bbox 1446 2744 1479 2774; x_wconf 80' lang='lat' dir='ltr'>cf.</span> <span class='ocrx_word' id='word_1_545' title='bbox 1491 2743 1561 2775; x_wconf 64' lang='grc' dir='ltr'>ΕΜ).</span> <span class='ocrx_word' id='word_1_546' title='bbox 1578 2742 1622 2773; x_wconf 87' lang='lat' dir='ltr'>VI,</span> <span class='ocrx_word' id='word_1_547' title='bbox 1633 2745 1681 2767; x_wconf 76' lang='lat'>605</span> <span class='ocrx_word' id='word_1_548' title='bbox 1693 2748 1750 2766; x_wconf 76' lang='lat' dir='ltr'>cum</span> <span class='ocrx_word' id='word_1_549' title='bbox 1763 2741 1855 2764; x_wconf 68' lang='lat' dir='ltr'>aiznol.</span> <span class='ocrx_word' id='word_1_550' title='bbox 1867 2742 1889 2763; x_wconf 75' lang='lat'><em>2.</em></span> 
     </span>
     <span class='ocr_line' id='line_1_51' title="bbox 196 2784 1701 2824; baseline -0.005 -8"><span class='ocrx_word' id='word_1_551' title='bbox 196 2798 221 2816; x_wconf 79' lang='lat'>45</span> <span class='ocrx_word' id='word_1_552' title='bbox 240 2789 266 2821; x_wconf 89' lang='grc'>4)</span> <span class='ocrx_word' id='word_1_553' title='bbox 286 2786 413 2820; x_wconf 76' lang='lat' dir='ltr'>Dionysii</span> <span class='ocrx_word' id='word_1_554' title='bbox 435 2788 497 2816; x_wconf 73' lang='lat' dir='ltr'>Con.</span> <span class='ocrx_word' id='word_1_555' title='bbox 511 2789 578 2817; x_wconf 81' lang='lat' dir='ltr'>decr.</span> <span class='ocrx_word' id='word_1_556' title='bbox 592 2791 747 2818; x_wconf 69' lang='lat' dir='ltr'>Innocentii</span> <span class='ocrx_word' id='word_1_557' title='bbox 760 2791 785 2818; x_wconf 91' lang='lat' dir='ltr'>I.</span> <span class='ocrx_word' id='word_1_558' title='bbox 805 2800 826 2818; x_wconf 84' lang='lat' dir='ltr'>c.</span> <span class='ocrx_word' id='word_1_559' title='bbox 839 2796 854 2818; x_wconf 75' lang='lat'><strong><em>4</em></strong></span> <span class='ocrx_word' id='word_1_560' title='bbox 874 2792 979 2824; x_wconf 71' lang='lat' dir='ltr'>(Miyne</span> <span class='ocrx_word' id='word_1_561' title='bbox 998 2791 1073 2816; x_wconf 82' lang='lat' dir='ltr'>Patr.</span> <span class='ocrx_word' id='word_1_562' title='bbox 1087 2791 1133 2816; x_wconf 77' lang='lat' dir='ltr'>lac.</span> <span class='ocrx_word' id='word_1_563' title='bbox 1147 2789 1277 2821; x_wconf 81' lang='lat' dir='ltr'>LXVII,</span> <span class='ocrx_word' id='word_1_564' title='bbox 1297 2788 1366 2820; x_wconf 69' lang='lat'>239),</span> <span class='ocrx_word' id='word_1_565' title='bbox 1386 2786 1462 2818; x_wconf 75' lang='lat' dir='ltr'>Jaffe&#39;</span> <span class='ocrx_word' id='word_1_566' title='bbox 1482 2786 1545 2818; x_wconf 70' lang='lat' dir='ltr'>Rey.</span> <span class='ocrx_word' id='word_1_567' title='bbox 1558 2788 1603 2811; x_wconf 80' lang='lat'>311</span> <span class='ocrx_word' id='word_1_568' title='bbox 1623 2784 1701 2816; x_wconf 74' lang='lat'><em>(108).</em></span> 
     </span>
    </p>
   </div>
   <div class='ocr_carea' id='block_1_17' title="bbox 353 2835 1684 2869">
    <p class='ocr_par' dir='ltr' id='par_1_20' title="bbox 353 2835 1684 2869">
     <span class='ocr_line' id='line_1_52' title="bbox 353 2835 1684 2869; baseline -0.005 -3"><span class='ocrx_word' id='word_1_569' title='bbox 353 2839 503 2867; x_wconf 77' lang='lat' dir='ltr'>EPISTOLAE</span> <span class='ocrx_word' id='word_1_570' title='bbox 520 2841 580 2869; x_wconf 80' lang='lat' dir='ltr'>VII,</span> <span class='ocrx_word' id='word_1_571' title='bbox 1651 2835 1684 2860; x_wconf 84' lang='lat'>37</span> 
     </span>
    </p>
   </div>
   <div class='ocr_carea' id='block_1_18' title="bbox 1898 1404 2088 1481">
    <p class='ocr_par' dir='ltr' id='par_1_21' title="bbox 1898 1404 2088 1481">
     <span class='ocr_line' id='line_1_53' title="bbox 1898 1404 2088 1428; baseline 0.005 -4"><span class='ocrx_word' id='word_1_572' title='bbox 1898 1404 1926 1424; x_wconf 81' lang='lat' dir='ltr'>cf.</span> <span class='ocrx_word' id='word_1_573' title='bbox 1938 1404 2013 1424; x_wconf 77' lang='lat' dir='ltr'>Matth.</span> <span class='ocrx_word' id='word_1_574' title='bbox 2022 1406 2073 1426; x_wconf 75' lang='lat'>9.15</span> <span class='ocrx_word' id='word_1_575' title='bbox 2083 1409 2088 1428; x_wconf 83' lang='lat'>;</span> 
     </span>
     <span class='ocr_line' id='line_1_54' title="bbox 1925 1430 2063 1455; baseline 0 -5"><span class='ocrx_word' id='word_1_576' title='bbox 1925 1430 1989 1450; x_wconf 77' lang='lat' dir='ltr'>Marc.</span> <span class='ocrx_word' id='word_1_577' title='bbox 1999 1432 2018 1455; x_wconf 71' lang='lat'>2,</span> <span class='ocrx_word' id='word_1_578' title='bbox 2029 1432 2063 1454; x_wconf 71' lang='lat'>2⁰3</span> 
     </span>
     <span class='ocr_line' id='line_1_55' title="bbox 1923 1456 2053 1481; baseline 0.008 -5"><span class='ocrx_word' id='word_1_579' title='bbox 1923 1456 1977 1476; x_wconf 90' lang='lat' dir='ltr'>Luc.</span> <span class='ocrx_word' id='word_1_580' title='bbox 1990 1459 2009 1481; x_wconf 75' lang='lat'>5,</span> <span class='ocrx_word' id='word_1_581' title='bbox 2021 1457 2053 1477; x_wconf 81' lang='lat'><em>35.</em></span> 
     </span>
    </p>
   </div>
  </div>
 </body>
</html>
