2189 3042
89 642 117 662 cl.
126 640 196 661 Exodi
205 642 281 665 ΩΟΑἽ.

143 1161 172 1181 cf.
182 1160 211 1181 Is.
221 1162 254 1185 40,
262 1160 282 1181 9.

114 1194 209 1215 cLActa
224 1196 283 1216 127.

91 1222 119 1242 cf.
132 1221 196 1245 Pror.
210 1223 242 1245 31,
253 1222 283 1240 17.

104 1256 132 1275 cf.
143 1254 197 1275 Luc.
209 1258 240 1279 11,
251 1257 282 1276 33.

126 1281 154 1301 c'.
165 1281 202 1301 Ps.
212 1283 244 1305 ⁶8,
254 1284 284 1301 lo,

121 1367 150 1387 cf.
162 1367 254 1389 Pss.126.
262 1369 280 1388 4.

90 1469 243 1493 cromnam,
252 1472 281 1490 19.

299 137 361 165 413
523 130 716 157 ANAS'l'ASIl
736 129 1034 156 BIBLIOTEECARII
1054 128 1253 156 EPISTOLAE
1271 128 1352 155 SIVE
1371 128 1650 156 PRAEFATIONES
1669 131 1692 157 6.
1708 131 1731 157 7.

298 221 408 250 sancta
433 218 570 249 ecclesia
594 216 741 258 praedita
764 227 826 247 non
850 219 958 257 potest
977 215 1194 252 dissimulare3
1217 225 1280 246 non
1296 218 1402 256 potest
1418 216 1585 257 quisquam
1602 218 1706 247 semet
1720 217 1952 249 rationabiliter

298 270 338 300 ab
363 269 537 310 imaginum
561 267 750 299 adoratione
774 277 935 298 sacrarum
960 269 1116 298 avertere.
1162 266 1314 308 Alioquin
1337 269 1444 298 vestra
1467 266 1565 298 debet
1588 268 1642 308 pia
1669 267 1815 300 doctrina
1843 268 1952 300 doceri

298 330 495 361 censuraque
519 319 698 360 apostolica
721 319 846 361 corrigi,
864 319 1054 360 praesertim
1078 329 1150 349 cum
1174 318 1252 349 nulli
1268 318 1308 349 sit
1332 318 1379 349 fas
1402 323 1440 349 aa
1455 329 1512 350 suo
1536 319 1640 360 capite
1665 319 1859 351 dissidendi²
1882 330 1951 361 nec,

297 370 403 413 quodb
419 374 555 402 vostram
580 370 696 402 viderit
719 374 828 402 tenere
852 370 974 410 sedem,
993 380 1074 411 quae
1099 370 1239 401 omnium
1265 374 1313 401 est
1335 370 1500 411 magistra,
1518 371 1745 412 quoquomodo
1769 371 1951 413 respuendi.

298 424 388 459 Quae
414 423 498 454 enim
522 433 617 463 super
640 422 872 453 venerabilium
900 422 1077 462 imaginum
1107 421 1294 453 adoratione
1324 432 1477 463 praesens
1506 421 1645 463 synodus
1675 422 1780 462 docet,
1810 423 1891 454 haec
1921 427 1954 455 et

297 473 474 515 apostolica
492 477 598 505 vestra
622 473 726 513 sedes,
743 473 825 504 sicut
847 473 1000 504 nonnulla
1024 474 1203 514 conscripta
1226 474 1368 514 innuunt,
1386 473 1560 514 antiquitus
1584 474 1686 505 tenuit
1710 477 1742 505 et
1765 475 1953 507 universalis

298 526 435 557 ecclesia
468 536 596 567 semper
628 528 780 556 venerata
813 528 862 556 est
894 528 927 556 et
957 525 1112 556 hactenus
1145 528 1323 565 veneratur,
1360 524 1550 566 quibusdam
1584 525 1753 557 dumtaxat
1785 525 1952 558 Gallorum

296 577 451 618 exceptis,
468 577 582 618 quibus
606 577 715 618 utiquo
740 577 881 608 nondum
906 580 955 608 est
977 577 1109 608 harum0
1128 577 1249 608 utilitas
1272 577 1445 608 revelatff.
1484 577 1584 608 Aiunt
1607 587 1757 619 namque,
1781 578 1867 620 quod
1891 589 1954 610 non

299 629 339 659 sit
362 628 530 670 quodlibet
558 639 638 669 opus
668 639 820 660 manuum
848 628 1014 659 homiuum
1041 627 1272 669 adorandumd,
1304 629 1394 670 quasi
1422 639 1483 660 uon
1512 629 1552 659 sit
1581 629 1685 660 codex
1715 630 1954 670 evangeliorum

299 691 377 721 opus
401 690 553 711 manuum
578 680 753 720 hominum,
778 690 874 722 quem
899 680 1016 711 cotidie
1041 680 1221 711 osculantes
1245 680 1389 719 adorant,
1414 680 1629 712 venerabilior
1653 691 1741 721 cane,
1767 691 1864 722 quem
1891 692 1953 712 non

299 742 369 763 esse
401 742 480 772 opus
509 742 661 763 manuum
692 732 855 763 hominum
885 732 995 774 procul
1028 732 1124 763 dubio
1149 742 1211 762 non
1234 731 1408 773 negabunt.
1448 731 1600 763 Similiter
1631 736 1662 764 et
1691 733 1794 764 forma
1824 736 1953 764 sanctae

297 784 406 820 crucis,
433 794 527 824 quam
552 794 586 815 se
611 784 746 815 adorare
772 794 883 815 omnes
906 783 1025 825 ubique
1051 784 1215 815 christiani
1238 783 1389 814 fatentur.
1428 783 1466 814 In
1490 795 1552 825 quo
1574 784 1726 816 videlicet
1750 784 1953 816 considerare

296 834 383 874 libet,
414 835 488 877 quia
518 836 544 865 si
575 835 752 876 quamlibet
781 846 908 867 crucem
936 846 1067 867 auream
1092 835 1142 866 vel
1170 837 1357 876 argenteam
1388 838 1443 866 aut
1471 835 1630 877 ligneamC
1654 836 1839 876 adoramus,
1871 847 1953 878 quae

296 888 406 928 utique
432 897 494 918 non
519 890 567 918 est
595 887 727 918 eadems
748 888 818 929 ipsa
842 898 928 927 crux,
949 888 980 918 in
1005 897 1067 929 qua
1091 887 1176 918 salus
1199 889 1308 918 nostra
1331 889 1458 928 patrata
1489 890 1546 927 est,
1571 888 1629 918 sed
1658 888 1761 929 figura
1785 892 1818 919 et
1847 889 1954 929 imago

297 939 374 978 eius,
399 949 498 980 quare
522 950 586 970 non
609 939 782 971 adoremus
805 940 942 981 figuram
967 942 999 970 et
1022 939 1196 980 imaginem
1220 939 1298 979 eius,
1329 939 1382 980 qui
1406 939 1543 971 eandem
1567 940 1705 971 salutem
1730 943 1880 981 operatus
1905 945 1954 972 est

298 991 327 1022 in
352 991 458 1022 medio
483 994 608 1022 terrac?
644 992 862 1023 Venerabilior
885 1002 1023 1033 namque
1049 995 1106 1031 est⁷
1131 992 1185 1033 qui
1208 991 1344 1023 salutem
1370 994 1521 1032 operatus
1545 994 1602 1031 est,
1627 1003 1723 1033 quam
1747 1002 1786 1023 ea
1809 993 1955 1033 materia,

298 1044 329 1074 in
359 1054 422 1085 qua
452 1043 560 1074 idemg
583 1043 718 1074 salutem
751 1046 901 1084 operatus
932 1047 989 1074 est.
1036 1044 1083 1074 Ac
1114 1054 1172 1084 per
1198 1044 1259 1074 hoc
1289 1043 1391 1084 magis
1422 1047 1470 1075 est
1500 1043 1689 1075 adoratione
1721 1044 1817 1086 digna
1847 1044 1954 1085 imago

299 1094 416 1126 Christi
441 1095 576 1126 salutem
602 1096 765 1136 operantis
789 1106 885 1136 quam
910 1096 1016 1137 imago
1041 1096 1142 1127 crucis
1166 1095 1302 1126 salutem
1326 1095 1549 1127 tantummodo
1573 1095 1752 1127 baiulantis.
1790 1095 1894 1131 Quam
1912 1095 1952 1126 ob

299 1157 377 1185 rem⁷
408 1146 594 1177 beatissime
618 1157 713 1187 papa,
745 1157 841 1188 super
864 1149 1006 1178 montem
1031 1138 1195 1178 excelsum
1219 1147 1367 1187 ascende,
1399 1150 1447 1178 sta
1470 1148 1502 1178 in
1530 1147 1727 1187 fortitudine⁷
1758 1148 1850 1188 quasi
1878 1146 1955 1178 tuba

300 1208 412 1229 vocem
437 1198 553 1229 exalta,
594 1197 678 1229 Ecce
704 1199 788 1229 enim
804 1198 875 1230 Deo
900 1202 1031 1229 auctore
1055 1199 1171 1240 angelo
1195 1202 1260 1237 tua,
1277 1202 1313 1229 ut
1336 1198 1497 1240 quondam
1513 1199 1613 1236 Petri„
1630 1199 1830 1240 percutiente
1851 1199 1954 1229 latera

299 1250 472 1289 surrexisti,
496 1249 622 1281 lumbos
646 1251 822 1291 accinxisti,
847 1251 1010 1281 lucernam
1034 1250 1218 1291 accendisti,
1237 1251 1305 1282 zelo
1321 1250 1384 1282 Dei
1408 1250 1595 1282 comederis.
1643 1250 1796 1291 Superest
1818 1253 1953 1282 tantum.

299 1305 333 1333 ut
357 1301 464 1340 fidem,
489 1311 585 1342 quam
610 1301 724 1342 credis,
749 1302 877 1343 doceas,
901 1302 997 1342 viam,
1023 1312 1118 1342 quam
1142 1305 1244 1341 tenes,
1275 1302 1395 1333 cunctis
1419 1302 1580 1341 ostendas,
1611 1302 1758 1343 quatinus
1782 1301 1853 1333 Deo
1878 1311 1954 1332 auc-

298 1357 377 1392 tore,
406 1357 437 1384 tc
468 1353 531 1384 filio
560 1363 780 1393 excussorum,
811 1353 1040 1395 prophetarum
1070 1354 1192 1384 scilicet
1222 1353 1274 1385 eth
1298 1354 1527 1395 apostolorum,
1558 1353 1713 1385 duetore³
1741 1364 1778 1385 ac
1808 1353 1953 1395 praevioi

297 1417 354 1437 nos
382 1415 492 1436 omnes
516 1415 591 1437 oves
620 1405 757 1437 Christik
781 1405 943 1436 sollertiae
969 1408 1042 1436 tuae
1067 1415 1124 1446 per
1147 1405 1281 1436 Petrum
1313 1408 1345 1437 et
1374 1406 1406 1436 in
1430 1405 1542 1436 Petro¹
1572 1406 1762 1437 commissae
1790 1406 1954 1437 inoffensis

297 1457 475 1499 gressibus*
488 1457 672 1488 incedamus
691 1460 723 1488 et
735 1457 775 1488 ad
789 1467 925 1489 amoena
938 1458 1023 1488 vitae
1036 1457 1186 1499 perennis
1203 1467 1322 1498 pascua
1337 1456 1464 1488 Christo
1481 1458 1657 1498 aperiente,
1671 1457 1724 1498 qui
1741 1457 1846 1488 claves
1862 1458 1953 1498 regni

296 1509 328 1539 in
350 1510 419 1549 ipso
445 1512 477 1539 et
500 1518 558 1549 per
581 1509 684 1550 ipsum
708 1508 765 1539 tibi
788 1508 929 1548 tradidit,
953 1508 1090 1540 feliciter
1105 1508 1230 1549 ingredi
1254 1519 1445 1540 mereamur.
1487 1509 1713 1550 Apostolatum
1743 1511 1883 1540 vestrum
1911 1508 1952 1539 ad

297 1560 526 1591 exaltationem
544 1561 698 1592 ecclesiae
716 1571 792 1591 suae
810 1570 846 1591 ac
864 1561 1033 1591 omniumm
1050 1564 1192 1591 nostrum
1210 1560 1347 1591 salutem
1364 1570 1423 1600 per
1438 1560 1555 1591 multos
1579 1570 1678 1591 annos
1694 1560 1797 1600 gratia
1813 1570 1952 1601 superna

299 1611 468 1651 custodiat,
493 1611 621 1643 domine
647 1612 860 1642 sacratissime
885 1622 980 1652 papa.

1112 1829 1129 1837 μ,

1117 1838 1139 1858 Ι.

384 1895 575 1926 Anastasius
592 1894 845 1926 bibliothecarius
859 1895 1001 1926 Iobwmi
1024 1895 1156 1926 diacono
1180 1895 1460 1935 chronoyrccpbimn
1486 1895 1680 1936 tripartitam
1691 1895 1809 1927 Latine
1831 1907 1953 1928 versam

297 1947 401 1977 mittit.
1655 1947 1864 1988 (871—874).

404 2014 500 2042 Coela„-
519 2015 615 2041 Montc
631 2014 743 2040 Cassino
756 2018 772 2041 6
792 2015 824 2047 (s.
841 2014 908 2048 XI.)
918 2023 946 2047 p.
961 2019 981 2047 1,
1002 2016 1036 2049 cf.
1051 2014 1129 2041 Godd.
1146 2015 1267 2042 Oasimn.
1281 2023 1340 2041 mss.
1354 2015 1434 2042 catal.
1447 2015 1468 2041 I
1481 2016 1576 2048 (1915),
1592 2020 1621 2041 11
1640 2017 1664 2041 et
1683 2015 1813 2049 inmo-imis
1831 2016 1863 2042 (le
1882 2016 1954 2042 Boor

302 2057 467 2090 Theophanis
491 2057 706 2091 cho-onomaphm
728 2057 771 2089 ΙΙ,
788 2060 839 2084 423
862 2059 903 2089 (=
920 2057 968 2090 CJ:
993 2066 1025 2083 ea·
1049 2058 1098 2084 hoc
1122 2057 1249 2091 dependet
1271 2058 1425 2084 Avromcbes
1443 2062 1491 2085 160
1515 2059 1548 2092 (s.
1571 2058 1653 2092 XII.)
1675 2059 1696 2091 f.
1717 2061 1770 2089 135,
1799 2062 1833 2092 ef.
1851 2058 1951 2086 ‘Oatal.

296 2100 404 2133 mine'raz
425 2100 469 2126 des
495 2100 561 2127 Mss.
580 2100 703 2133 Deipart?
723 2101 765 2133 (in
783 2101 825 2133 8⁰)
846 2100 882 2131 X,
898 2104 936 2133 78,
961 2101 1009 2133 qui
1034 2109 1091 2127 vero
1116 2103 1216 2127 textum
1241 2100 1317 2127 valde
1340 2101 1516 2135 depravatum
1539 2101 1639 2127 ecchibet
1662 2102 1707 2134 (=
1723 2100 1785 2135 01).
1825 2101 1889 2127 Cum
1913 2101 1954 2127 his

298 2143 433 2169 codicibus
460 2146 612 2176 confirmant
634 2143 739 2176 partim
761 2143 864 2170 codices
890 2143 979 2170 Paris.
1000 2144 1046 2170 lat.
1075 2148 1140 2170 5501
1168 2144 1242 2177 (olim
1269 2143 1378 2171 Oolbe‘rt.
1400 2144 1478 2177 3983)
1503 2146 1533 2178 (s.
1555 2144 1638 2177 XII.)
1663 2146 1683 2178 f.
1696 2148 1708 2170 1
1726 2145 1769 2178 (=
1784 2144 1820 2177 P)
1842 2147 1865 2170 et
1889 2147 1954 2171 5092

298 2186 371 2218 (olim
391 2185 501 2212 Colbert.
516 2188 591 2219 1531)
609 2186 640 2218 (s.
657 2186 742 2219 XII.)
760 2186 801 2220 (=
818 2186 845 2212 P
852 2187 885 2219 1),
911 2187 945 2219 cf.
963 2186 1048 2212 C'atal.
1066 2186 1137 2213 codd.
1156 2194 1215 2213 mss.
1234 2187 1400 2213 bibliothecae
1417 2187 1504 2220 reyz'cce
1522 2187 1569 2213 IV
1577 2187 1673 2221 (1744),
1687 2190 1736 2213 125
1754 2189 1778 2213 et
1797 2189 1836 2214 39.
1872 2187 1953 2213 Ami-

401 2324 424 2355 θ)
443 2325 515 2349 nulla
534 2325 567 2349 sit
584 2325 648 2349 ratio
666 2323 742 2356 (ratio
763 2334 829 2349 corr.
843 2325 871 2349 in
890 2325 953 2357 ras.)
976 2326 1002 2350 0.
1120 2325 1144 2358 b)
1164 2327 1220 2352 ead.
1234 2335 1266 2351 m.
1280 2335 1406 2358 superscr.
1421 2327 1452 2352 B.
1563 2327 1585 2358 c)
1605 2336 1673 2353 corr.
1689 2331 1711 2352 et
1728 2335 1854 2359 super-scr.
1867 2335 1952 2352 rerum

298 2368 332 2392 al.
346 2376 378 2392 m.
395 2368 421 2392 C.
513 2366 537 2398 d)
556 2368 716 2392 adorandum
734 2368 866 2393 hominum
888 2368 914 2392 Ο.
1005 2369 1028 2400 e)
1047 2369 1178 2401 lingneam
1198 2369 1225 2394 0.
1316 2368 1339 2401 s)
1358 2370 1447 2395 eadem
1466 2374 1504 2395 est
1524 2370 1551 2401 C,
1564 2369 1597 2401 D,
1611 2369 1668 2394 DJ.
1757 2369 1782 2401 8)
1794 2369 1858 2402 finis
1877 2369 1953 2394 buius

298 2412 366 2437 verbi
384 2420 451 2436 corr.
464 2416 499 2435 ut.
513 2411 563 2436 vid.
578 2411 610 2441 B,
622 2410 655 2436 D.
739 2410 763 2442 ¹¹)
783 2415 807 2436 et
821 2420 947 2444 superscr.
963 2413 996 2437 αἰ,
1010 2421 1042 2437 m.
1055 2412 1082 2443 O,
1101 2413 1158 2438 ead.
1172 2421 1204 2438 m.
1218 2418 1244 2438 ut
1261 2413 1312 2438 vid.
1323 2413 1356 2438 D.
1448 2412 1466 2445 i)
1486 2412 1586 2446 Ρτὲιιίῡ,
1606 2421 1731 2445 super-scr.
1747 2422 1761 2438 o
1776 2412 1808 2441 0,·
1825 2420 1870 2445 per
1883 2413 1952 2438 invia

298 2455 331 2484 J),
347 2454 404 2485 Di,
423 2454 467 2479 scd
485 2454 511 2478 in
531 2454 557 2477 D
575 2454 704 2479 nonnulla
723 2463 799 2479 erasa
820 2455 943 2479 videmur.
1051 2454 1076 2486 k)
1095 2456 1189 2481 Christi
1208 2465 1268 2482 oves
1289 2456 1317 2487 O,
1330 2456 1363 2488 D,
1376 2456 1434 2482 DI.
1549 2456 1567 2489 l)
1586 2457 1691 2481 Petrum
1707 2456 1733 2485 C,
1760 2459 1829 2488 petra
1849 2455 1882 2487 D,
1898 2455 1952 2480 Di.

299 2498 330 2529 ¹¹²)
350 2505 509 2522 communem
532 2496 564 2528 D,
576 2497 602 2520 D
613 2501 633 2522 1.

403 2582 427 2615 1)
443 2582 484 2614 Cf.
495 2581 567 2614 epist.
580 2581 680 2608 Leonis
694 2581 716 2608 1.
727 2589 815 2614 papae
827 2580 889 2614 Περ.
899 2581 924 2607 J
924 2581 977 2614 affe
990 2586 1046 2615 411,
1062 2582 1102 2609 ed.
1115 2583 1265 2610 Hinsehius
1278 2583 1354 2610 Deer.
1366 2583 1491 2610 Ps.-Isid.
1501 2591 1530 2617 p.
1540 2586 1603 2614 620‚·
1625 2583 1656 2608 M
1659 2583 1691 2610 G.
1702 2583 1790 2617 Epist.
1803 2582 1848 2615 V1,
1860 2585 1909 2609 392
1915 2589 1952 2614 sq.

298 2626 325 2657 2)
347 2625 387 2658 Cf.
402 2625 474 2651 Acta
491 2624 665 2650 conciliorum
684 2624 927 2658 Franeofurtensis
952 2625 988 2657 (α.
1005 2627 1061 2659 794)
1086 2628 1109 2651 et
1128 2626 1292 2652 Parisicnsis
1315 2632 1353 2659 ((ι.
1366 2628 1434 2659 825),
1459 2626 1498 2653 ed.
1518 2626 1589 2653 Ma.
1606 2625 1705 2652 Concil.
1720 2626 1760 2658 11,
1774 2629 1823 2652 110
1845 2627 1867 2651 et
1891 2627 1953 2655 473,·

299 2668 401 2693 Annal.
421 2667 576 2693 Bertim'cm.
596 2676 621 2693 a.
642 2670 699 2700 872,
719 2667 758 2693 ed.
783 2667 871 2693 Waitz
894 2675 919 2700 p.
940 2671 993 2693 120.
1116 2669 1143 2701 3)
1171 2668 1212 2703 Of.
1230 2669 1324 2703 hymni
1342 2669 1414 2696 Veni
1441 2671 1550 2696 creator
1574 2668 1690 2703 spiritus
1714 2677 1737 2695 v.
1757 2672 1805 2695 19:
1831 2667 1951 2694 Ductor-e

298 2710 337 2737 sic
357 2712 385 2737 te
405 2710 526 2744 praevio,
545 2710 583 2737 ecl.
601 2710 684 2736 Move
700 2710 881 2737 ‘Lateinische
894 2710 1021 2744 Hymnen
1039 2710 1083 2737 des
1102 2712 1280 2738 Mittelazters’
1300 2712 1318 2738 Ι
1323 2712 1422 2746 (1853),
1437 2715 1493 2739 242.
1580 2712 1607 2744 4)
1629 2712 1671 2745 Cf.
1692 2711 1779 2738 Perels
1797 2711 1812 2738 Ζ.
1827 2711 1842 2738 Z.
1858 2719 1886 2744 1²-
1906 2713 1953 2738 253

298 2762 363 2780 avite.
377 2757 400 2780 3.

1983 693 2007 712 10

1982 951 2006 969 15

1981 1208 2006 1226 20

1982 1465 2006 1484 25

1980 1961 2006 1981 30

1980 2193 2004 2213 ³5

1979 2502 2008 2522 40
