2189 3042
298 130 360 160 472
971 123 1085 150 INDEX
1105 121 1313 150 INITIORUM.

298 213 428 238 Omnibus
445 211 576 243 episcopis
593 210 736 235 comitibus
753 212 779 234 et
799 210 856 238 123,
867 214 887 234 1.

297 248 424 271 Omnium
443 246 613 270 ecclesiarum
631 245 681 269 Dci
699 244 842 268 secundum
861 245 918 272 186,
929 247 963 269 30.

297 282 423 305 Omnium
441 280 618 304 reverentiam
635 279 807 310 omniumque
825 278 987 303 industriam
1005 279 1062 307 252,
1074 282 1095 303 5.

297 316 422 340 Omnium
440 318 591 338 vestrorum
608 313 751 338 sanctitati
766 316 862 337 notum
880 313 937 343 138,
948 317 968 338 1.

297 351 423 374 Omnium
440 352 561 373 vestrum
578 350 671 372 noscat
689 347 806 372 fidelitas
823 348 880 376 271,
891 351 924 372 25.

296 385 418 415 Oportet,
438 386 469 407 ut
487 383 603 414 primum
622 390 669 406 vos
687 383 788 411 339,20.

298 469 394 495 Pallci
411 469 493 500 igitur
511 476 587 493 usum
604 476 636 492 cx
655 470 712 496 315,
723 473 756 492 25.

297 504 429 529 Pastorali
445 503 627 528 sollicitudine
645 504 712 527 moti
729 510 776 527 vos
796 504 850 532 157,
860 506 881 527 5.

296 538 442 563 Pastoralis
458 538 647 562 sollicitudinis
665 541 726 562 tuae
743 545 833 562 curam
851 538 908 566 243,
918 541 952 561 30.

296 573 488 597 Perfectionem
505 572 593 597 cordis
612 572 733 597 Gaideris
750 572 877 603 principis
895 572 995 601 135‚25.

297 607 449 632 Personalia
466 607 602 638 rescripta,
622 614 689 638 quae
706 614 766 631 cum
784 607 841 635 305,
852 609 885 630 15.

296 642 444 673 Perspectis
462 642 583 673 apicibus
600 641 755 665 sanctitatis
772 644 834 665 tuae
850 642 892 670 44,
902 644 923 665 5.

295 677 456 701 Petitionem
474 679 601 704 vestram,
619 676 735 700 filiorum
753 676 891 700 karissime
909 677 933 704 8,
943 679 977 699 25.

295 711 344 735 Pio
363 711 460 735 affectu
478 711 622 742 petitionis
640 713 745 734 vestrae
765 711 866 739 190,10.

296 746 422 770 Plurimis
440 745 621 776 apostolorum
640 745 791 776 principum
810 744 936 776 suffragia
954 745 1011 774 370,
1024 748 1056 769 10.

296 780 500 812 [P]lurimorum
518 780 604 804 relatu
623 780 752 811 quaedam
770 779 803 804 de
821 780 879 809 296,
889 783 922 803 20.

296 815 378 839 Porro
396 814 430 839 de
447 814 501 838 illis
518 814 670 846 presbiteris
687 815 745 843 292,
755 818 788 838 30.

296 849 379 873 Porro
396 857 449 878 eos,
468 849 515 881 qui
531 857 625 873 uxores
642 850 700 877 282,
711 853 743 873 10.

297 884 379 908 Porro
398 884 421 908 si
439 884 472 907 de
489 891 619 907 annorum
637 884 695 912 284,
707 887 740 907 10.

297 918 379 942 Porro
397 919 420 942 si
439 918 599 943 Graecorum
617 918 729 949 perfidia
746 918 804 946 277,
814 921 848 941 30.

296 953 360 977 Post
379 952 530 977 innumeras
549 953 751 981 sollicitudines,
771 952 866 984 quibus
885 952 942 981 229,
953 955 973 975 5.

297 988 362 1012 Post
379 987 542 1012 translatam
559 995 575 1011 a
593 995 634 1011 mc
651 988 710 1015 429,
720 991 740 1011 5.

297 1022 361 1046 Post
378 1022 581 1046 translationem
598 1022 730 1053 passionis
746 1020 882 1052 praecipui
898 1021 956 1049 429,
967 1024 1000 1044 15.

297 1057 440 1087 Praecipue
458 1064 519 1080 cum
539 1057 625 1087 ipsum
643 1056 771 1080 ducatum
789 1056 847 1084 336,
859 1059 878 1079 1.

296 1091 507 1115 Praedicationis
524 1094 586 1115 tuae
604 1091 734 1115 doctrinis
750 1090 879 1121 populum
897 1090 952 1118 161,
963 1093 983 1113 5.

297 1125 464 1157 [PJraefatus
481 1126 703 1156 archiepiscopus,
724 1125 770 1156 qui
787 1124 899 1148 eundem
917 1124 974 1153 289,
986 1128 1018 1148 15.

297 1160 481 1184 Praesentium
500 1160 571 1184 lator
590 1160 741 1184 litterarum
760 1159 795 1183 ad
816 1160 915 1188 105,15.

297 1194 482 1218 Praesentium
502 1194 600 1218 latores
619 1194 708 1225 questi
727 1196 789 1218 sunt
810 1194 897 1222 131,1.

297 1229 503 1260 [P]raesentium
520 1228 672 1253 litterarum
689 1228 794 1260 gerulus
812 1228 869 1252 sedi
885 1228 942 1257 300,
953 1231 987 1252 15.

297 1263 479 1287 Praesentium
497 1264 614 1294 portitor
632 1263 783 1287 litterarum
802 1262 927 1294 Alpertus
947 1263 1003 1291 130,
1013 1266 1034 1286 5.

297 1298 436 1322 Praeterea
455 1298 607 1322 devotionis
626 1300 688 1322 tuae
707 1297 828 1322 studium
847 1297 949 1326 296,10.

297 1332 436 1356 Praeterea
454 1333 518 1364 quia
535 1332 659 1356 fidelibus
676 1335 703 1356 et
721 1333 779 1360 307,
790 1336 823 1356 10.

295 1367 457 1398 [P]raeterea
474 1370 579 1391 vestrae
597 1367 762 1391 sublimitati
778 1366 896 1397 palmam
914 1366 971 1394 292,
982 1369 1002 1389 5.

298 1402 441 1425 Precamur
457 1404 557 1430 autem,
576 1404 607 1425 ut
624 1402 757 1432 optimum
775 1402 832 1430 287,
844 1405 878 1424 20.

297 1435 441 1460 Presbiteri
457 1435 512 1460 illic
530 1436 647 1460 absoluti
663 1439 690 1460 et
708 1436 766 1463 282,
776 1439 810 1460 25.

298 1470 477 1494 Presbiterum
494 1473 585 1494 autem
603 1470 740 1501 Luponem
758 1469 866 1494 nomine
883 1470 941 1498 303,
952 1473 986 1493 20.

298 1505 417 1528 Primum
436 1504 543 1536 quidem
561 1505 699 1528 devotioni
716 1508 820 1528 vestrae
839 1505 895 1532 114,
907 1508 939 1528 10.

298 1539 423 1562 Pristinis
439 1539 531 1563 attriti
547 1539 658 1563 miseriis
675 1542 701 1562 et
719 1540 760 1567 35,
771 1543 803 1563 10,

298 1573 437 1605 Privilegii
455 1581 516 1597 sane
535 1574 723 1597 auctoritatem
742 1573 865 1597 ccclesiae
883 1573 940 1600 269,
952 1576 984 1595 10.

299 1608 350 1631 Pro
367 1608 513 1631 innumeris
530 1608 613 1639 igitur
630 1610 656 1631 et
674 1609 714 1635 90,
726 1612 759 1631 20.

299 1642 350 1666 Pro
369 1642 455 1666 salute
472 1642 578 1665 animae
596 1645 658 1666 tuae
678 1643 734 1669 194,
745 1645 778 1665 15.

300 1676 351 1700 Pro
370 1679 412 1700 tot
429 1679 457 1700 et
476 1677 561 1701 tantis
578 1677 636 1702 222.
648 1680 667 1700 l.

299 1710 439 1734 Probabile
458 1711 564 1742 quidem
582 1714 609 1734 ct
627 1710 761 1734 laudabile.
779 1711 836 1738 3815,
847 1714 867 1733 5.

300 1745 446 1777 [P]rofecto
463 1753 517 1769 non
534 1746 640 1776 ignorat
658 1748 747 1769 vestra
765 1745 822 1772 302,
834 1748 866 1768 10.

302 1779 511 1803 Prudentissime
528 1780 578 1808 vir,
596 1779 673 1803 stude
691 1787 720 1803 ac
738 1780 795 1807 283,
805 1782 825 1803 5.

299 1814 393 1843 Pudet,
412 1817 442 1838 ut
462 1814 499 1838 ita
519 1814 633 1838 dixerim
652 1815 710 1842 204,
720 1818 753 1837 35.

302 1898 384 1930 Quae
401 1903 427 1923 ot
446 1903 549 1931 quanta
567 1900 600 1923 ab
617 1901 676 1928 246,
687 1904 706 1923 ὑ.

303 1934 437 1962 Quaedam
455 1937 605 1958 vestrarum
622 1934 775 1958 dioeceseon
792 1933 892 1957 femina
909 1933 968 1962 203,
979 1937 1012 1957 20.

302 1969 422 1997 Qualiter
438 1969 606 2000 Ragenaldus
624 1969 712 1993 Castri
728 1968 876 1992 Felicitatis
893 1968 950 1996 309,
961 1971 993 1992 15.

302 2003 387 2031 Quam
407 2003 507 2035 ingrati
525 2007 553 2027 et
571 2004 712 2027 inhumani
732 2004 815 2031 17,10.

303 2037 430 2066 Quamvis
447 2041 539 2062 contra
558 2041 678 2062 nostram
695 2038 802 2069 egeritis
821 2038 877 2065 188,
888 2040 920 2060 10.

303 2072 430 2100 Quamvis
448 2072 480 2096 de
497 2073 652 2096 sanctitatis
670 2075 732 2096 tuae
749 2073 807 2100 316,
818 2075 851 2095 30.

303 2106 409 2134 Quanta
427 2106 461 2130 ad
479 2107 661 2137 apostolatum
679 2109 800 2130 nostrum
819 2107 876 2134 108,
886 2109 919 2129 20.

302 2140 408 2169 Quanta
428 2141 540 2172 denique
559 2141 724 2165 exaltatione
743 2140 893 2172 sponsionis
912 2141 952 2168 85,
963 2143 983 2163 5.

301 2175 409 2203 Quanta
426 2178 454 2199 et
472 2175 563 2206 qualia
580 2183 627 2206 per
645 2177 684 2203 19,
695 2180 730 2198 30.

302 2209 409 2238 Quanta
427 2212 454 2233 et
472 2210 563 2241 qualia
581 2210 703 2233 Romana
723 2210 777 2237 101,
789 2212 821 2233 15.

302 2244 409 2272 Quanta
426 2251 504 2268 verae
521 2244 584 2268 fidei
600 2244 743 2268 devotione
761 2244 801 2272 73,
813 2247 846 2267 25.

302 2278 409 2306 Quanta
427 2286 475 2302 vos
493 2278 636 2303 dilectione
656 2281 807 2309 quantoque
828 2278 884 2306 195,
894 2281 928 2301 25.
969 2278 1025 2305 197,
1036 2281 1056 2301 5.

301 2313 423 2341 Quantae
441 2313 607 2337 necessitatis
624 2313 728 2336 assidue
746 2312 949 2336 sustinuerimus
969 2312 1024 2340 133,
1036 2315 1068 2335 15.

302 2347 423 2375 Quantae
439 2348 550 2378 pietatis
566 2350 593 2371 et
610 2347 789 2371 miserationis
807 2347 862 2374 153,
872 2349 906 2370 35.

302 2382 407 2410 Quanto
425 2389 514 2406 amore
532 2382 680 2413 spiritualis
697 2381 767 2405 filius
784 2382 825 2409 25,
835 2385 869 2404 30.

302 2416 408 2444 Quanto
426 2416 520 2440 deinde
537 2424 626 2440 amore
644 2416 796 2440 dilectionis
813 2416 853 2443 82,
865 2418 897 2438 10.

303 2450 408 2478 Quanto
426 2450 516 2474 studio
534 2454 582 2475 tua
599 2451 707 2474 dilectio
725 2451 766 2478 75,
778 2454 809 2473 10.

303 2484 408 2513 Quanto
426 2493 473 2508 vos
491 2493 579 2509 amore
597 2485 733 2516 diligimus
750 2486 791 2512 95,
800 2488 835 2508 40.

303 2519 409 2547 Quanto
427 2527 484 2548 vos,
502 2520 640 2543 karissime
658 2519 696 2542 fili
713 2520 752 2547 98,
764 2523 796 2542 10.

304 2553 440 2581 Quantum
460 2557 549 2578 autem
569 2554 624 2578 Deo
644 2553 791 2577 execrabile
810 2553 868 2581 306,
879 2556 912 2576 30.

304 2588 439 2616 Quantum
458 2588 571 2619 benigna
588 2588 743 2612 fraternitas
760 2590 849 2611 vaetra
866 2588 907 2615 96,
918 2590 951 2610 25.

304 2622 441 2650 Quantum
460 2630 508 2653 pro
528 2623 613 2647 totius
632 2625 739 2646 sanctae
761 2623 816 2649 100,
826 2625 861 2644 25.

304 2656 470 2687 Quapropter
487 2664 669 2681 ammonemus
686 2659 722 2684 te,
741 2659 771 2680 ut
789 2656 846 2684 282,
857 2658 890 2679 25.

301 2690 377 2722 [Q]ui
394 2691 426 2714 de
444 2692 588 2716 homicidio
605 2691 721 2715 Romani
738 2691 838 2719 310‚25.

304 2725 355 2753 Qui
371 2725 423 2749 sibi
440 2732 558 2756 praeesse
575 2726 603 2749 in
620 2726 679 2754 343,
691 2729 723 2750 15.

303 2759 372 2788 Quia
390 2759 484 2784 bellica
500 2761 582 2784 immo
601 2760 731 2785 Saracena
748 2760 805 2788 231,
816 2763 848 2783 10.

1165 209 1233 238 Quia
1251 208 1474 241 Burdegalensem
1491 209 1593 238 urbem,
1613 209 1659 234 sed
1678 210 1718 239 12,
1728 214 1762 234 30.

1165 243 1233 272 Quia
1251 246 1345 267 contra
1362 243 1456 268 divina
1473 247 1500 268 et
1519 245 1575 272 140,
1587 248 1606 268 1.

1165 278 1234 307 Quia
1251 285 1311 302 cum
1329 278 1498 309 episcopatus
1515 279 1590 310 apice
1607 279 1666 306 422,
1677 282 1697 303 5.

1164 312 1232 342 Quia
1250 312 1452 337 desiderandam
1469 313 1547 337 nobis
1564 316 1591 337 et
1609 314 1651 342 26,
1661 317 1695 337 25.

1164 347 1232 376 Quia
1250 346 1363 371 dilectus
1380 355 1411 371 ac
1428 347 1558 378 spiritalis
1575 348 1633 376 212,
1644 351 1676 372 1ο,

1164 381 1232 411 Quia
1249 381 1461 406 discordantium
1478 384 1620 413 parentum
1638 384 1745 406 tuorum
1765 383 1821 410 193,
1832 386 1865 406 30.

1164 416 1231 445 Quia
1249 415 1361 440 diversis
1378 424 1407 440 ac
1425 416 1621 448 multiplicibus
1638 417 1679 445 50,
1690 420 1722 441 10.

1164 450 1232 480 Quia
1249 450 1322 474 fama
1339 450 1518 475 crebrescente
1536 451 1728 476 Torcellensem
1748 452 1787 480 18,
1799 455 1831 476 15.

1163 485 1232 514 Quia
1249 485 1322 509 fama
1339 488 1402 509 tuae
1419 485 1571 510 dilectionis
1590 487 1646 514 147,
1657 489 1690 510 25.

1163 519 1232 549 Quia
1249 519 1302 543 iam
1320 519 1355 543 ad
1372 520 1521 551 periculosa
1537 521 1580 548 53,
1591 524 1624 544 30.

1163 554 1232 583 Quia
1249 554 1303 577 iam
1321 554 1425 585 pridem
1442 555 1529 579 missis
1546 556 1604 583 249,
1614 558 1647 578 35.
1684 555 1773 583 251‚5.

1163 589 1232 618 Quia
1249 589 1384 613 intimasti
1399 588 1537 620 pontificio
1554 592 1646 613 nostro
1664 590 1704 618 87,
1715 593 1734 613 1.

1163 623 1231 652 Quia
1249 623 1348 647 litteris
1367 623 1519 648 nobilitatis
1537 626 1641 648 vestrae
1662 624 1717 652 138,
1727 627 1761 648 20.
1800 626 1803 627 ⁷

1163 658 1232 687 Quia
1251 665 1323 681 more
1341 664 1537 689 praecessorum
1556 661 1708 682 nostrorum
1729 659 1830 687 154,³5.

1163 692 1232 721 Quia
1251 692 1366 716 multum
1385 692 1528 717 devotione
1546 695 1574 717 et
1592 694 1633 722 77,
1644 697 1678 717 20.

1162 727 1232 756 Quia
1250 727 1365 751 multum
1385 735 1432 751 vos
1451 727 1590 759 diligimus
1611 728 1666 756 111,
1678 730 1711 751 35.

1162 761 1231 790 Quia
1249 761 1488 793 Neapolitanorum
1506 762 1581 786 ducis
1598 761 1699 793 legatos
1715 763 1757 789 49,
1769 766 1801 785 10.

1162 796 1232 825 Quia
1249 803 1303 820 non
1321 796 1407 820 solum
1426 799 1545 828 tempore
1562 797 1620 825 270,
1632 801 1651 820 1.

1162 830 1231 859 Quia
1249 838 1303 854 non
1320 830 1406 855 solum
1424 831 1480 855 tuis
1499 832 1555 859 139,
1567 835 1599 855 10.

1163 865 1231 894 Quia
1249 873 1297 889 nos
1314 865 1342 889 in
1360 865 1459 897 quibus
1477 866 1534 894 106,
1544 869 1579 890 20.

1162 899 1230 929 Quia
1247 902 1369 924 nostrum
1387 899 1419 924 de
1437 900 1568 924 Wilberto
1585 900 1643 928 333,
1654 904 1688 924 15.

1162 934 1231 963 Quia
1249 942 1318 958 nunc
1336 934 1429 958 eadem
1446 934 1570 959 omnibus
1587 935 1646 963 253,
1658 939 1677 958 1.

1162 968 1230 998 Quia
1248 969 1442 1000 omnipotentis
1459 969 1511 993 Dei
1528 969 1699 993 miseratione
1720 970 1775 997 116,
1786 973 1819 992 30.

1162 1003 1231 1032 Quia
1249 1003 1347 1027 Paulus
1364 1003 1503 1035 Regiensis
1519 1003 1643 1028 ecclesiae
1661 1004 1718 1031 209,
1729 1007 1762 1027 25.

1162 1037 1231 1067 Quia
1248 1045 1426 1069 praecessores
1442 1041 1556 1067 nostros,
1576 1046 1664 1062 sacros
1683 1039 1740 1066 140,
1751 1042 1785 1062 30.

1162 1072 1231 1101 Quia
1249 1075 1342 1096 sancta
1359 1072 1478 1101 ecclesia,
1498 1073 1543 1097 cui
1558 1073 1618 1101 427,
1629 1076 1663 1097 25.

1161 1107 1231 1136 Quia
1248 1107 1379 1131 sanctitas
1397 1109 1453 1136 tua,
1473 1107 1613 1131 reverende
1630 1108 1688 1135 436,
1700 1111 1721 1131 5.

1161 1141 1229 1170 Quia
1248 1141 1438 1166 sollicitudinis
1455 1149 1512 1170 nos,
1532 1149 1611 1173 quam
1629 1142 1655 1170 4,
1666 1145 1698 1166 15.

1162 1176 1229 1205 Quia
1246 1183 1359 1208 superna
1375 1176 1554 1207 providentia,
1573 1184 1640 1208 quae
1656 1177 1714 1204 403,
1724 1180 1760 1200 25.
1808 1175 1811 1181 '

1161 1211 1230 1239 Quia
1248 1213 1275 1234 te
1293 1218 1347 1234 non
1365 1211 1451 1235 solum
1469 1212 1526 1239 3,1.

1161 1245 1230 1274 Quia
1248 1248 1275 1269 te
1292 1253 1356 1276 prae
1373 1245 1510 1269 nonnullis
1528 1246 1585 1274 129,
1596 1249 1629 1269 ²0.

1162 1279 1230 1309 Quia
1248 1283 1275 1304 te
1293 1280 1370 1311 quasi
1386 1280 1497 1304 noxium
1515 1280 1574 1308 341,
1585 1284 1618 1304 20.

1162 1314 1231 1343 Quia
1249 1317 1276 1338 te
1293 1314 1350 1338 zelo
1367 1313 1431 1338 fidei
1447 1315 1505 1343 355,
1517 1318 1536 1338 1.

1162 1349 1230 1378 Quia
1248 1348 1399 1373 veneranda
1416 1349 1571 1373 fraternitas
1588 1351 1678 1373 vestra
1698 1349 1755 1377 126,
1766 1352 1798 1372 30.

1162 1383 1232 1412 Quia
1248 1391 1297 1407 vos
1313 1384 1484 1414 omnipotens
1501 1383 1573 1407 Deus
1592 1384 1649 1411 146,
1660 1386 1693 1407 15.

1162 1418 1328 1449 Quicumque
1345 1418 1450 1442 venerit
1466 1418 1563 1442 missus
1580 1425 1596 1441 a
1613 1418 1672 1446 302,
1683 1421 1715 1441 15.

1162 1452 1278 1481 Quidam
1296 1460 1359 1476 sane
1377 1460 1404 1477 se
1421 1453 1566 1476 monachus
1584 1453 1642 1481 287,
1653 1456 1687 1476 30.

1162 1487 1283 1518 Quinque
1302 1490 1364 1511 sunt
1382 1487 1541 1518 principalia
1558 1486 1746 1518 probationum
1765 1487 1822 1514 330,
1836 1490 1868 1510 15.

1162 1522 1227 1550 Quis
1239 1522 1301 1545 'vico
1318 1521 1416 1545 Marini
1432 1521 1550 1552 episcopi
1567 1522 1625 1550 338,
1636 1525 1668 1545 10.

1163 1556 1239 1584 Quod
1258 1556 1322 1580 bene
1340 1558 1430 1580 vestra
1447 1556 1543 1587 regalis
1561 1557 1618 1584 199,
1628 1559 1649 1579 5.

1163 1590 1240 1619 Quod
1256 1597 1304 1621 pro
1322 1597 1387 1621 pace
1403 1593 1431 1614 et
1450 1591 1507 1618 119,
1518 1594 1555 1613 20.
1592 1591 1648 1618 120,
1659 1594 1679 1613 5.

1163 1624 1239 1653 Quod
1257 1625 1400 1648 sanctitati
1416 1627 1478 1648 tuae
1495 1627 1589 1648 uotum
1609 1625 1666 1652 113,
1678 1628 1710 1648 10.

1163 1659 1239 1687 Quod
1256 1659 1408 1682 veneranda
1425 1659 1582 1682 fraternitas
1599 1661 1646 1682 tna
1665 1659 1721 1687 135,
1732 1662 1752 1682 5.

1163 1693 1301 1722 Quomodo
1318 1693 1352 1717 ab
1370 1701 1400 1717 eo
1418 1692 1632 1717 benedictionem
1649 1693 1707 1721 351,
1719 1696 1751 1716 15.

1163 1727 1293 1756 Quoniam
1310 1734 1373 1758 prae
1390 1727 1522 1756 omnibus,
1543 1727 1589 1758 qui
1608 1728 1663 1756 145,
1675 1730 1706 1750 15.

1163 1762 1302 1790 Quoniam,
1322 1763 1390 1786 sicut
1408 1761 1567 1791 audivimus,
1585 1761 1769 1786 fornicationis
1786 1761 1843 1790 293,
1855 1765 1887 1785 10.

1163 1796 1333 1825 Quorundam
1351 1796 1436 1820 relatu
1453 1796 1572 1820 fidelium
1589 1795 1731 1820 didicimus
1749 1796 1806 1823 343,
1817 1799 1836 1819 1.

1163 1831 1335 1860 Quorundam
1352 1838 1415 1854 sane
1432 1833 1552 1854 vestrum
1569 1830 1665 1855 fratres
1684 1831 1741 1858 177,
1753 1834 1784 1854 10.

1162 1932 1270 1959 Ramos
1288 1933 1437 1964 palmarum
1454 1933 1585 1964 triumphi
1601 1936 1697 1964 typum
1714 1933 1771 1961 340,
1782 1936 1802 1957 5.

1160 1968 1326 1992 Ravennatis
1343 1968 1484 1996 antistitis,
1501 1968 1586 1992 vestri
1601 1967 1725 1992 videlicet
1743 1968 1783 1996 89,
1793 1971 1826 1991 30.

1160 2002 1285 2033 Receptis
1302 2006 1382 2033 atque
1399 2002 1522 2033 perlectis
1537 2002 1636 2026 litteris
1654 2003 1753 2031 l9l,20.

1160 2037 1285 2068 Receptis
1301 2037 1451 2061 serenitatis
1467 2039 1571 2061 vestrae
1586 2037 1684 2060 litteris
1700 2037 1757 2065 259,
1768 2040 1800 2060 15.

1160 2071 1301 2095 Referente
1318 2071 1445 2095 videlicet
1462 2072 1511 2095 hoc
1529 2071 1588 2095 viro
1607 2071 1664 2100 121,
1675 2075 1694 2094 1.

1160 2106 1267 2137 Regalis
1284 2106 1455 2130 excellentiae
1472 2108 1576 2130 vestrae
1593 2105 1698 2130 litteras
1716 2106 1772 2134 136,
1782 2108 1816 2128 25.

1160 2141 1258 2172 Regiae
1276 2140 1457 2171 magnitudini
1473 2143 1577 2164 vestrae
1595 2142 1689 2164 notum
1707 2140 1763 2168 215,
1775 2143 1808 2162 25.

1159 2175 1259 2206 Regiae
1277 2174 1471 2206 magnitudinis
1487 2177 1592 2199 vestrae
1608 2174 1720 2205 receptis
1738 2174 1795 2202 225,
1806 2177 1838 2197 10.

1159 2209 1300 2240 Regularis
1318 2209 1415 2240 quippe
1433 2209 1497 2233 ordo
1516 2209 1539 2232 11
1555 2209 1613 2237 337,
1624 2212 1658 2232 25.

1159 2244 1301 2268 Relatione
1319 2243 1485 2274 quorundam
1502 2243 1688 2274 comperimus,
1707 2242 1778 2274 quod
1797 2243 1855 2270 132,
1865 2245 1898 2266 30.

1159 2278 1300 2302 Relatione
1318 2286 1380 2302 vera
1397 2278 1551 2306 didicimus,
1569 2277 1641 2308 quod
1657 2278 1716 2306 318,
1726 2280 1759 2300 30.

1159 2313 1257 2337 Relatu
1276 2312 1419 2336 didicimus
1437 2312 1603 2343 quorundam
1621 2312 1810 2335 monachorum
1830 2311 1932 2339 127,25.

1158 2347 1256 2371 Relatu
1277 2347 1464 2370 nonnullorum
1483 2346 1644 2374 audivimus,
1666 2346 1781 2370 maxime
1802 2346 1904 2374 111,15.

1158 2382 1256 2405 Relatu
1275 2381 1440 2412 quorundam
1459 2380 1609 2409 didicimus,
1631 2380 1701 2412 quod
1720 2381 1807 2408 198,1.

1158 2416 1256 2440 Relatu
1274 2416 1361 2439 veraci
1378 2415 1521 2439 didicimus
1537 2415 1743 2439 sanctimoniam
1760 2415 1818 2443 263,
1829 2418 1848 2437 1.

1158 2450 1256 2474 Relatu
1274 2450 1399 2474 videlicet
1416 2450 1531 2474 hominis
1548 2448 1685 2480 pontificio
1705 2450 1760 2477 119,
1772 2453 1790 2472 1.

1158 2484 1308 2516 [R]elatum
1327 2487 1367 2508 est
1384 2484 1471 2512 nobis,
1490 2484 1561 2515 quod
1578 2484 1636 2512 297,
1647 2487 1668 2507 5.

1158 2519 1274 2543 Reiectis
1291 2518 1438 2542 industriae
1456 2521 1518 2542 tuae
1536 2518 1634 2542 litteris
1653 2519 1708 2546 198,
1719 2521 1752 2541 25.

1158 2553 1274 2578 Relectis
1291 2553 1390 2577 litteris
1407 2553 1470 2581 tuis,
1489 2560 1555 2584 quas
1571 2553 1613 2580 40,
1624 2556 1643 2576 1.

1158 2588 1312 2619 Rclegentes
1330 2587 1481 2611 nobilitatis
1498 2590 1560 2611 tuae
1578 2586 1682 2611 litteras
1701 2587 1757 2614 152,
1768 2589 1788 2609 5.

1158 2622 1312 2653 Relcgentes
1329 2621 1424 2653 regalis
1441 2621 1612 2645 excellentiae
1629 2623 1734 2644 vestrae
1751 2621 1809 2648 230,
1821 2623 1854 2644 15.

1157 2656 1323 2687 Religionem
1341 2659 1404 2680 tuae
1421 2656 1544 2680 caritatis
1560 2655 1589 2679 in
1607 2656 1664 2684 148,
1674 2659 1694 2678 5.

1157 2691 1322 2721 Religionem
1340 2693 1415 2714 tuam
1433 2690 1499 2714 scire
1516 2690 1639 2714 volumus
1656 2690 1714 2717 344,
1726 2692 1759 2713 15.

1157 2725 1348 2749 Remeantibus
1366 2725 1443 2749 nobis
1460 2724 1516 2748 Deo
1533 2724 1663 2755 praeduce
1680 2724 1723 2752 56,
1734 2727 1767 2747 15.

1157 2759 1365 2783 Reminiscentes
1382 2759 1502 2783 omnium
1520 2758 1649 2782 bonorum
1668 2760 1816 2782 vestrorum
1835 2757 1879 2786 99,
1891 2761 1911 2780 1.
