2189 3042
232 135 289 165 234
660 126 837 154 IOHANNIS
856 126 930 152 VIII.
950 126 1068 152 PAPAE
1090 125 1288 152 EPISTOLAE
1311 126 1370 153 264.
1389 126 1448 152 265.

674 231 852 256 ANSBERTO
874 231 1144 255 ARCHIEPISCOPO
1168 230 1434 255 MEDIOLANENSI.

337 290 499 320 Decucrat
531 290 576 327 tc,
612 286 711 317 frater
741 286 923 325 karissime,
956 296 1037 326 pura
1065 285 1162 316 animi
1192 285 1374 315 sinceritate
1403 295 1475 315 eam
1503 285 1716 316 reverentiam
1741 295 1879 326 eumque

229 343 383 373 honorem
413 342 520 378 sancte
551 337 638 368 sodia
661 337 852 378 apostolice,
883 338 933 368 cui
956 336 1027 367 Deo
1052 340 1183 368 auctore
1207 336 1419 377 presidemus,
1444 336 1560 367 cotidie
1583 336 1786 377 impendere,
1818 346 1880 377 que

228 402 330 434 usque
366 390 407 421 ad
443 394 497 421 tua
531 393 679 430 tempora
713 400 824 420 omnes
856 389 903 419 tui
936 388 1183 429 predecessores
1222 387 1429 419 laudabiliter
1461 388 1605 419 viventes
1637 388 1709 419 huic
1744 387 1880 427 ecclesie

229 444 413 485 optulerunt
436 452 537 482 prona
560 441 676 471 mentis
700 439 883 479 devotione,
908 450 966 480 pro
991 449 1052 480 qua
1078 449 1112 470 re
1138 439 1205 470 eius
1228 440 1350 480 gremio
1375 439 1516 480 suscepti
1539 438 1699 480 quodamb
1722 449 1780 480 pre
1803 449 1882 469 non-
1910 450 1921 467 ⁵

228 496 323 526 nullis
346 504 455 525 amore
480 492 589 524 dilecti
612 494 693 522 sunt.
733 490 798 522 Sed
823 501 908 530 ecce,
933 491 1018 532 quod
1042 491 1110 522 sine
1127 490 1237 521 dolore
1255 490 1316 521 dici
1337 501 1399 521 non
1415 493 1532 531 potest,
1556 490 1663 521 nescio
1681 500 1744 530 qua
1760 489 1883 531 antiqui

229 547 346 577 hostisc
370 544 482 576 fraude
514 555 533 575 a
561 543 613 574 die
642 543 852 574 ordinationis
876 546 930 573 tue
962 546 994 573 et
1017 545 1162 583 tempore
1192 542 1364 573 senectutis
1396 545 1506 573 contra
1535 545 1678 572 sanctam
1702 541 1883 572 Romanam

228 598 399 629 ecclesiam
423 599 558 627 matrem
583 599 671 626 tuam
695 605 758 625 non
782 594 933 625 destitisti
956 604 1038 624 nunc
1054 593 1256 634 inobediens,
1281 603 1362 624 nunc
1380 593 1509 624 dolosus
1526 597 1557 625 te
1574 593 1771 634 patefacere.
1812 592 1883 628 Qua

229 649 421 680 necessitate
445 647 600 688 compulsi
625 649 656 677 te
681 646 842 687 corripere
864 645 1040 687 apostolico
1059 645 1188 687 flagello
1211 655 1309 686 opere
1326 645 1464 685 pretium
1481 644 1630 675 duximus
1641 645 1662 684 ¹,
1686 644 1743 676 sed
1766 645 1882 675 iterum

229 704 363 742 paterna
386 699 592 730 miseratione
622 701 653 729 te
685 697 726 728 ad
749 708 807 728 nos
831 697 986 728 reducere
1010 707 1073 727 non
1097 697 1365 738 pretermisimuS,
1393 699 1560 737 sperantes
1583 697 1614 726 in
1637 699 1669 727 te
1694 696 1734 726 de
1759 696 1882 737 reliquo
1903 705 1927 724 ιο

229 752 350 783 nullum
374 750 543 791 vestigium
567 751 651 781 circa
675 760 732 780 nos
757 750 850 790 culpe
868 749 976 790 aliquo
993 748 1090 779 modo
1107 749 1282 789 repperire,
1307 749 1382 789 quia
1398 751 1431 779 et
1447 747 1602 788 professio
1627 751 1681 778 tua
1698 747 1759 778 hoc
1777 757 1884 778 coram

230 803 320 835 nobis
337 802 541 833 iureiurando
560 801 779 842 spoponderat
787 801 810 831 ².
848 800 907 841 En,
925 800 1009 832 bone
1026 801 1083 839 vir,
1101 799 1222 841 aliquid
1239 800 1380 831 deterius
1397 800 1598 830 committere
1614 809 1677 830 non
1694 798 1884 840 formidasti,

230 866 301 886 cum
322 853 477 895 quosdam
494 853 670 884 monachos
686 855 812 883 nostros
828 852 957 883 nomine
973 851 1135 883 Roaldum
1161 854 1194 882 et
1209 851 1408 882 Uuarlenum
1427 862 1446 882 a
1462 851 1567 882 Roma
1591 850 1631 881 ad
1648 861 1739 881 suum
1755 860 1883 881 monas-

230 907 346 937 terium
380 905 605 937 Pultariense³
638 905 700 935 iter
732 907 902 945 carpentes
938 903 1189 945 comprehensos
1222 903 1352 934 iusseris
1388 902 1442 934 diu
1479 902 1538 933 sub
1573 902 1716 942 custodie
1750 902 1884 933 vinculis

230 958 397 989 reservari.
445 956 539 993 Quod
565 957 674 998 quanti
698 956 814 997 piaculi
840 956 889 995 sit,
914 966 991 987 sano
1015 955 1182 986 intellectu
1205 955 1274 996 ipse
1298 954 1462 996 perpende
1487 954 1724 995 quantumqued
1745 954 1884 985 dedecus
1904 961 1927 980 1⁵

231 1009 316 1041 sedis
347 1008 534 1050 apostolice,
560 1018 620 1049 que
646 1008 772 1039 Christo
798 1010 929 1038 auctore
955 1007 1052 1038 etiam
1076 1007 1107 1037 in
1130 1006 1285 1037 barbaras
1309 1007 1455 1037 nationes
1478 1006 1581 1037 libera
1605 1016 1733 1047 semper
1755 1016 1812 1036 usa
1837 1008 1885 1036 est

230 1061 320 1102 fungi
343 1060 557 1101 legatione04.
605 1059 700 1095 Quod
723 1058 813 1090 nefas
848 1058 969 1089 malum
993 1058 1051 1089 sub
1077 1059 1163 1089 omni
1195 1058 1361 1089 celeritate
1396 1061 1427 1088 te
1456 1057 1628 1089 emendare
1658 1058 1824 1089 hortamur
1852 1060 1886 1088 et

232 1112 393 1154 predictos
415 1111 478 1142 Dei
502 1111 638 1142 famulos
663 1121 735 1141 cum
759 1110 906 1141 omnibus
929 1110 993 1141 suis
1017 1110 1135 1140 inlesos
1161 1109 1248 1141 abire
1273 1110 1405 1150 patiaris
1428 1109 1470 1139 ad
1493 1109 1599 1140 locum
1622 1110 1795 1140 miserante
1811 1108 1884 1140 Deo

232 1174 287 1204 sue
312 1163 518 1194 habitationis
543 1165 583 1202 et,
608 1162 689 1192 sicut
713 1165 767 1192 tuo
789 1162 922 1192 consilio
943 1171 1000 1202 pro
1024 1164 1111 1192 certo
1137 1171 1192 1192 eos
1214 1161 1421 1202 cognovimus
1446 1171 1515 1192 esse
1538 1161 1724 1191 innocenter
1741 1160 1884 1199 custodie

232 1216 441 1257 mancipatos,
465 1215 510 1245 ita
533 1218 564 1245 te
590 1214 727 1245 faciente
751 1214 888 1245 sciamus
913 1213 1045 1244 eosdem
1068 1213 1209 1244 funditus
1234 1216 1266 1244 ct
1289 1223 1361 1244 cum
1378 1213 1573 1253 competenti
1588 1212 1709 1243 honore
1726 1212 1883 1242 dimissos
1904 1218 1929 1236 20

336 1281 430 1304 DATA
454 1280 567 1304 MENSE
590 1280 778 1310 NOVEMBRI,
799 1279 998 1303 INDICTIONE
1016 1279 1098 1303 XIIII.

1024 1408 1096 1437 265.

344 1468 505 1499 Iohannes
518 1467 615 1498 VIII.
631 1477 718 1506 papa
734 1466 895 1498 Salomoni
910 1467 1114 1505 procuratori
1130 1465 1251 1505 Papiae
1268 1466 1434 1505 praecipit,
1450 1468 1486 1496 ut
1503 1465 1702 1497 Rodoaldam
1718 1468 1746 1496 et
1765 1464 1885 1497 Warle-

235 1530 313 1551 mon.
332 1519 499 1550 monachos
522 1518 771 1558 (Pnltare'enscs)
798 1518 833 1548 in
856 1518 999 1549 oustoclz‘a
1023 1518 1061 1548 ab
1085 1527 1118 1548 eo
1141 1520 1274 1549 retentos
1296 1517 1364 1548 sine
1387 1527 1475 1548 mora
1498 1517 1646 1548 dimittat.

1634 1560 1697 1589 880
1720 1558 1797 1590 Nov.

349 1604 425 1630 Cart:
455 1603 481 1629 R
500 1604 520 1634 s.
536 1604 593 1629 105¹
612 1611 639 1629 n.
652 1606 711 1628 267.
1905 1606 1929 1625 25

340 1655 425 1682 Echi..-
454 1655 551 1680 Editio
566 1654 693 1680 Romana
706 1654 788 1687 (1591)
803 1654 862 1685 ΙΙΙ,
876 1658 924 1679 479
937 1661 964 1679 n.
978 1656 1031 1679 257.
1062 1653 1157 1679 Mami
1176 1652 1253 1679 Corte.
1268 1653 1324 1678 coll.
1340 1652 1441 1683 XVII,
1456 1656 1500 1678 191
1514 1661 1540 1679 n,
1553 1656 1607 1678 257.
1640 1652 1733 1686 Miyrze
1752 1651 1827 1677 Patr.
1840 1651 1887 1678 lat.

239 1699 322 1726 CXX
330 1699 374 1731 VI,
396 1702 443 1724 916
461 1706 487 1724 n.
500 1701 559 1724 304.
580 1712 612 1716 —
632 1697 704 1729 εΙιιῆῑέ
723 1697 787 1730 Rey.
803 1700 872 1723 3330
890 1696 985 1730 (2551).

770 1776 943 1799 SALOMONI
969 1775 1208 1799 PROCURATORI
1233 1774 1359 1810 PAPHy‘.

344 1831 534 1872 Apostolica
559 1831 614 1861 tibi
639 1831 830 1861 auctoritate
847 1831 1051 1871 precipimus,
1076 1833 1110 1860 ut
1133 1830 1306 1860 monachos
1330 1829 1483 1869 nostrosss,
1507 1829 1539 1859 id
1564 1831 1612 1859 cst
1627 1827 1831 1859 Rodoaldum
1856 1831 1888 1858 et

237 1882 450 1922 Uuarlenum,
487 1893 566 1923 quos
601 1885 709 1923 spreto
740 1882 802 1913 Dei
839 1883 953 1913 timore
988 1892 1007 1912 a
1043 1881 1222 1912 liminibusa
1250 1884 1432 1912 sanctorum
1467 1880 1686 1921 apostolorum
1720 1879 1762 1910 ad
1796 1889 1887 1909 suum
1907 1887 1931 1905 ³0

237 1934 463 1965 monasterium
489 1937 689 1964 revertentes
718 1937 751 1964 et
774 1934 961 1974 simpliciter
984 1944 1042 1974 per
1066 1934 1148 1964 viam
1174 1933 1357 1974 gradientes
1381 1931 1656 1972 comprehendere
1684 1941 1778 1961 ausus
1802 1929 1889 1960 fuisti

238 1989 271 2017 et
294 1986 325 2016 in
349 1985 493 2016 custodia
517 1985 688 2024 retinereb,
713 1986 779 2016 sine
805 1986 890 2016 omni
913 1995 1002 2015 mora
1027 1988 1059 2016 et
1083 1985 1236 2015 dilatione
1253 1984 1394 2015 dimittas
1418 1994 1489 2014 cum
1514 1982 1660 2013 omnibus
1684 1983 1747 2013 suis
1770 1982 1889 2012 reverti

237 2037 278 2067 ad
302 2047 395 2067 suum
418 2037 646 2068 monasterium
678 2047 771 2067 sanos
796 2039 892 2077 atque
915 2037 1048 2075 inlesos,
1079 2036 1153 2077 quia
1176 2039 1300 2066 tantum
1324 2035 1429 2066 soclus
1458 2038 1490 2065 et
1512 2034 1660 2064 iniuriam
1683 2044 1740 2074 pro
1764 2033 1824 2063 hac
1855 2043 1888 2063 re

237 2089 269 2119 in
290 2088 367 2119 sede
385 2088 562 2128 apostolica
579 2088 777 2124 commisisti,
801 2088 905 2129 quodc
921 2088 1003 2118 iuste
1026 2097 1135 2118 carere
1154 2087 1311 2118 debueras
1333 2086 1491 2117 consortio
1513 2086 1615 2116 omnis
1632 2085 1888 2116 Christianitatis.

238 2139 289 2176 Et,
311 2140 459 2180 fatemur,
484 2140 510 2170 si
526 2140 586 2170 hoc
603 2140 751 2170 continuo
776 2150 839 2170 non
856 2139 1088 2178 emendaveris,
1113 2149 1131 2169 a
1147 2139 1353 2179 perceptione
1377 2137 1518 2178 corporis
1543 2140 1575 2167 et
1590 2136 1752 2177 sanguinis
1769 2135 1889 2166 domini
1909 2142 1932 2160 ³⁵

238 2192 337 2222 nostri
360 2191 434 2222 Iesu
459 2191 576 2222 Christi
600 2195 632 2222 et
656 2191 785 2222 introitu
810 2190 944 2230 ecclesie
969 2194 1000 2221 te
1024 2190 1274 2231 prohibebimus.

342 2257 436 2280 DATA
455 2257 568 2281 MENSE
592 2257 778 2287 NOVEMBRI,
803 2256 1001 2280 INDICTIONE
1020 2257 1102 2281 XIIII.

343 2408 402 2435 264.
431 2409 454 2441 a)
474 2411 540 2435 sedis
559 2410 590 2434 R*
691 2409 716 2441 b)
737 2419 803 2435 corr.
817 2419 847 2435 ea·
865 2410 974 2441 quedam
993 2409 1023 2434 R.
1122 2409 1145 2441 e)
1165 2411 1226 2435 ostis
1244 2410 1277 2435 R.
1374 2408 1399 2441 d)
1418 2418 1484 2434 corr.
1497 2417 1526 2433 ea:
1545 2411 1709 2440 quantusque.
1727 2407 1761 2432 al.
1775 2414 1844 2431 man.
1857 2405 1888 2430 R.

240 2452 263 2483 e)
282 2453 438 2484 legationem
457 2453 488 2477 R.

344 2494 402 2520 265.
432 2495 454 2527 ³)
474 2496 505 2520 ab
525 2496 644 2520 omnibus
663 2496 695 2521 R.
784 2494 808 2527 ι1)
829 2504 894 2520 corr.
909 2504 938 2520 m:
956 2496 1060 2520 retineri
1079 2496 1114 2520 al.
1127 2504 1196 2520 man.
1215 2495 1247 2521 R.
1337 2494 1361 2527 c)
1379 2503 1444 2520 corr.
1458 2503 1488 2520 ex
1506 2503 1550 2527 pro
1570 2494 1663 2525 quibus
1681 2493 1716 2517 al.
1729 2500 1798 2516 maoz.
1818 2491 1848 2516 R.
1906 2499 1931 2518 40

345 2567 370 2599 1)
390 2566 526 2592 Sententia
545 2566 828 2592 ewoommnnicationis
846 2566 876 2591 in
894 2566 1005 2599 synodis
1023 2565 1048 2592 d.
1064 2570 1085 2592 1.
1098 2566 1171 2591 Maria?
1190 2568 1213 2591 et
1231 2565 1255 2592 cl.
1270 2570 1308 2592 15.
1321 2565 1439 2592 Octobris
1451 2569 1499 2592 879
1512 2565 1630 2598 prolata,
1649 2564 1684 2597 cf.
1698 2566 1815 2596 mz.188,
1833 2566 1889 2595 228,

241 2613 299 2641 247,
317 2612 374 2635 243.
473 2609 499 2641 2)
521 2608 638 2642 Quando
658 2609 820 2642 Anspcrtus,
845 2617 894 2641 pro
913 2617 964 2641 qno
983 2609 1105 2634 Karalus
1124 2609 1184 2635 111.
1203 2611 1309 2643 frustra
1326 2609 1441 2641 petierat
1459 2608 1506 2642 (cf.
1525 2607 1639 2640 71233),
1666 2607 1698 2632 ab
1715 2607 1891 2633 excommuni-

240 2652 344 2678 catione
363 2652 465 2677 solalus
483 2652 528 2684 sit,
547 2652 687 2683 nescimus,
706 2654 741 2685 cf.
754 2651 893 2677 Dttmmler
910 2652 925 2677 l.
940 2652 955 2677 l.
970 2651 1048 2683 1112,
1068 2655 1120 2678 181.
1217 2652 1242 2683 3)
1261 2651 1447 2684 ‘Poatlcffiresss
1467 2651 1501 2683 es.
1520 2658 1604 2683 supra
1621 2658 1668 2676 rm.
1682 2652 1740 2681 218,
1758 2653 1815 2681 219,
1837 2651 1890 2674 221.

241 2695 267 2726 4)
290 2694 331 2727 Cf.
351 2703 437 2728 supra
455 2703 482 2721 τι.
498 2698 542 2727 84,
558 2703 587 2727 p.
600 2698 635 2721 80
654 2694 670 2721 l.
686 2698 726 2721 10.
813 2695 839 2726 5)
859 2694 900 2720 De
915 2697 1088 2727 procuratore
1106 2695 1138 2726 cf.
1158 2694 1193 2721 E.
1212 2695 1309 2728 Mayer
1325 2694 1444 2720 ‘Italiern
1462 2691 1736 2726 Verfassmzysyesch.³
1753 2691 1778 2724 Ι,
1797 2695 1888 2724 297811.

241 2740 264 2763 et
279 2737 423 2771 praecipue
436 2746 465 2770 p.
479 2742 527 2764 299
546 2740 638 2764 cumot.
660 2742 700 2764 80.
790 2738 817 2769 6)
841 2737 1028 2770 Ριιῖἰιινὶεηεεε,
1049 2738 1085 2770 cf.
1098 2746 1124 2764 n.
1139 2741 1196 2764 264.
1909 2740 1934 2758 45

2161 2661 2189 2831 {J
