2189 3042
459 178 635 205 IOHANNIS
649 179 723 206 VIII.
745 180 862 207 PAPAE
882 179 1079 206 EPISTOLAE
1101 180 1230 206 PASsJM
1248 181 1457 207 COLLECTAE
1476 184 1500 208 9.
1760 185 1820 215 :327

170 267 201 296 in
216 265 396 296 Romanam
421 265 533 297 urbem
557 267 597 297 ad
621 267 834 308 perditionem
853 268 993 298 omnium
1016 268 1230 299 intromittere
1248 269 1429 299 valuissent.
1467 269 1611 310 Cumque
1634 279 1690 299 nos
1713 273 1823 301 contra

169 321 338 358 utramque
362 317 508 349 fraudem
532 319 660 350 iuvante
684 318 823 350 Domino
848 322 1058 360 praeparatos
1083 320 1237 350 vidissent
1261 323 1292 351 et
1315 321 1483 352 imminere
1507 321 1567 352 sibi
1591 321 1698 351 iudicii
1722 324 1821 352 statu-

169 372 237 400 tum
262 368 348 399 diem
373 373 612 410 cognoscerent,
638 369 765 410 decepti
790 381 822 401 sc
849 381 920 401 cum
945 370 1136 411 quibusdam
1161 371 1224 401 suis
1249 371 1467 412 complicibus,
1494 372 1642 403 videlicet
1666 372 1821 403 Formoso

170 421 353 461 episeopo&
386 420 550 462 Stephano
579 421 796 452 secundicerio
828 424 860 452 et
883 421 996 462 Sergio
1027 423 1180 463 magistro
1210 423 1368 453 11111113111112
1393 427 1425 453 et
1449 423 1657 455 Constantino
1689 434 1821 454 110111011-

131 482 140 498 5.
170 471 318 503 culatoris
343 472 418 511 filio,
443 483 522 514 qnos
547 483 609 504 non
634 477 761 504 nostrae
786 473 1003 504 conventionis
1027 473 1188 508 iudicium,
1214 473 1270 505 sed
1295 477 1401 505 reatus
1426 477 1575 516 propriae
1607 476 1821 506 conscientiae

118 739 141 758 10

117 997 139 1015 15

113 1254 138 1273 20

113 1514 137 1531 25

113 1771 137 1790 ³0

115 2082 138 2100 ³5

111 2297 138 2315 40

169 524 361 559 stimulabat„
396 527 505 555 contra
537 524 671 555 salutem
704 524 901 565 reipublicae
936 528 968 555 et
999 525 1089 565 regni
1123 525 1231 556 dilecti
1262 525 1319 556 filii
1353 527 1450 557 nostri
1485 526 1595 558 Karoli
1628 527 1821 558 serenissimi

169 576 329 616 principis,
361 577 411 607 cui
442 586 570 616 semper
599 575 745 606 infideles
776 576 905 606 fuerunt
936 579 968 606 et
998 577 1086 606 cuius
1115 577 1315 617 provectioni
1345 587 1473 618 semper
1502 578 1719 613 detraxerunt,
1749 589 1822 609 con-

169 630 336 669 spirantes,
349 628 507 658 nescimus
520 638 582 668 quo
596 627 778 668 profecturi.
793 628 894 657 noctis
911 627 1037 658 silentio
1054 638 1125 658 cum
1144 627 1298 659 adulteris
1315 628 1456 659 clavibus
1471 629 1720 669 portamstUrbis
1738 640 1820 671 quae

169 683 300 711 vocatur
323 680 423 710 sancti
447 678 609 709 Pancratii
633 681 827 719 aperuerunt
852 682 884 709 et
907 684 978 709 cuin
1002 679 1066 709 suis
1090 679 1299 720 complicibus
1328 690 1464 721 cumque
1493 681 1639 712 omnibus
1663 681 1821 713 thesauris

169 735 297 762 sanctae
332 731 393 762 Dei
427 730 582 761 ecclesiae
613 729 797 760 Sarracenis
827 729 967 770 undique
998 730 1224 770 populantibus
1254 730 1448 771 diffugerunt
1477 735 1648 774 portasque
1675 736 1821 774 patentes

167 783 385 823 relinquentes
408 781 516 812 multis
539 781 720 821 margaritis
745 781 887 821 fugiendi
910 785 942 812 et
963 781 1147 812 Sari-aconis
1171 782 1369 823 ingrediendi
1395 783 1526 820 aditunr
1552 785 1609 814 nisi
1635 796 1690 815 nos
1716 785 1821 816 divina

169 834 312 865 custodia
336 835 487 871 tueretur,
513 831 736 873 proculdubio
761 832 969 873 reliquerunt.
1007 833 1121 874 Itaque
1140 833 1405 874 obstupescentes
1429 835 1459 865 in
1484 835 1601 866 talibus
1616 835 1820 868 Dominicum

168 889 200 916 et
217 885 418 916 Grimoldum
435 885 634 916 venerabiles
652 886 844 926 episcopos³
869 885 909 916 ad
934 886 1132 917 evocandum
1158 897 1213 917 eos
1231 886 1415 924 direximus,
1442 888 1495 928 qui
1519 892 1717 919 revertentes
1743 900 1819 919 nun-

167 938 326 968 tiaverunt
349 937 407 967 sibi
431 947 450 967 a
474 936 666 967 satellitibus
690 937 754 967 suis
777 937 874 967 fuisse
898 947 1085 978 responsum
1117 938 1239 968 nescire
1270 949 1314 974 se,
1344 949 1481 979 quonam
1512 939 1647 980 profecti
1678 940 1820 973 fuissent.

167 989 289 1020 Iudicio
314 998 390 1019 sane
414 988 445 1018 in
471 988 555 1019 diem
581 988 718 1019 alterum
743 988 912 1029 protelato,
944 999 1014 1019 cum
1040 999 1093 1019 eos
1121 989 1237 1020 iterum
1261 989 1411 1030 synodice
1435 991 1593 1031 simulque
1619 995 1651 1021 et
1675 992 1822 1032 legaliter

167 1050 395 1081 quaereremus
411 1043 458 1070 -et
485 1039 604 1070 habere
628 1041 759 1071 minime
784 1041 975 1079 valeremus,
1001 1051 1072 1072 cum
1097 1041 1183 1071 omni
1207 1041 1270 1072 Dei
1301 1041 1438 1072 ecclesia
1467 1043 1497 1072 111
1530 1042 1663 1073 basilica
1693 1047 1821 1074 sanctae

166 1091 229 1122 Dei
251 1092 423 1133 genitricis,
448 1102 530 1133 quae
556 1091 607 1122 Ad
630 1096 788 1133 martyres
810 1093 971 1124 vocatura
997 1093 1152 1133 synodum
1178 1093 1360 1124 vocavimus
1390 1097 1422 1124 et
1451 1098 1523 1134 post
1553 1094 1717 1135 regulares
1742 1094 1821 1125 11110-

167 1143 309 1175 cutiones
333 1145 507 1175 sententias
531 1144 560 1174 in
587 1154 642 1175 eos
666 1144 864 1185 protulimus,
891 1155 1025 1185 quarum
1051 1145 1201 1185 exempla
1225 1145 1398 1176 secundum
1420 1145 1674 1176 ecclesiasticum
1699 1157 1821 1177 morem

166 1195 370 1236 generalitati
386 1198 511 1226 vestrae
529 1196 714 1236 direximus7
739 1206 778 1226 ne
796 1195 885 1227 vobis
903 1196 1156 1227 communicandi
1182 1207 1252 1227 011111
1271 1197 1316 1227 eis
1338 1198 1514 1228 occasionis
1532 1197 1637 1228 aditus
1653 1198 1820 1229 tribuatur.

166 1247 257 1282 Quae
281 1247 403 1278 scilicet
425 1248 584 1278 sententia
607 1248 651 1278 ita
675 1258 709 1279 se
733 1248 865 1279 habetss:

273 1299 462 1330 Formosum
486 1299 700 1330 Portuensem
724 1300 920 1340 episcopum,
946 1300 999 1341 qui
1023 1311 1041 1331 a
1066 1300 1181 1331 beatae
1203 1301 1379 1331 memoriae
1405 1300 1522 1331 domno
1548 1301 1821 1341 praedecessoreb

165 1353 273 1381 nostro
301 1361 385 1392 papa
414 1350 548 1381 Nicolao
582 1352 612 1381 in
646 1351 821 1393 Bulgarum
855 1352 992 1392 patriam
1026 1351 1226 1382 destinatus⁵
1259 1353 1383 1383 noviter
1416 1353 1445 1382 in
1480 1352 1605 1384 Christo
1639 1355 1819 1394 regenerati

166 1403 271 1443 regis⁶
296 1403 418 1434 animos
441 1402 540 1433 adeoc
565 1404 628 1434 suis
653 1403 881 1434 calliditatibus
905 1404 1037 1443 vitiavit,
1062 1407 1096 1434 ut
1124 1403 1320 1435 terribilibus
1349 1405 1557 1434 sacramentis
1582 1415 1654 1435 eum
1679 1405 1738 1435 sibi
1763 1405 1819 1436 ob-

166 1454 330 1485 strinxisse
354 1457 490 1485 testatus
513 1454 583 1494 sita,
609 1465 649 1485 ne
674 1465 707 1485 se
731 1455 801 1485 vivo
827 1455 1003 1496 quemlibet
1031 1456 1218 1497 episcopum
1242 1466 1260 1486 a
1284 1456 1361 1487 sede
1393 1456 1569 1496 apostolica
1599 1457 1819 1497 suscepisset0‚

166 1515 265 1547 seque
290 1506 397 1537 eidem
419 1506 614 1537 terribilibus
638 1506 842 1537 nihilominus
865 1507 1063 1545 iuramentis,
1087 1511 1122 1537 ut
1146 1507 1187 1537 ad
1209 1517 1282 1538 eum
1299 1508 1488 1548 quantocius
1510 1508 1628 1539 reverti
1645 1508 1818 1547 debuisset,

167 1557 353 1588 obstrictum
377 1557 474 1588 fuisse
498 1557 661 1598 professus
685 1557 757 1594 sit‘¹‚
782 1558 900 1599 quique
924 1568 943 1588 a
967 1558 1058 1589 nobis
1082 1558 1304 1599 proficiscendi
1336 1558 1408 1589 illuc
1439 1559 1602 1590 licentiam
1634 1559 1756 1591 litteras
1788 1563 1821 1590 et

165 1610 347 1640 necessaria
374 1609 534 1640 adiutoria
558 1610 751 1650 impetravit„
776 1610 926 1650 quoniam
952 1610 1015 1640 iam
1040 1609 1161 1641 dudum
1185 1621 1243 1651 per
1266 1610 1474 1641 ambitionem
1499 1621 1517 1641 a
1541 1611 1656 1641 minori
1686 1612 1822 1642 ecclesia

165 1661 197 1691 111
223 1662 390 1701 maiorem,
413 1661 564 1692 videlicet
587 1664 731 1692 sanctam
755 1661 866 1692 sedem
890 1662 1111 1702 apostolicam,
1136 1662 1282 1703 prosilire
1306 1662 1459 1693 conatus⁷
1484 1662 1637 1703 plurimos
1661 1662 1721 1694 sibi
1744 1673 1819 1693 con-

166 1712 337 1744 solatoresf
359 1713 486 1744 effecitg
509 1716 541 1744 et
568 1724 650 1744 nunc
673 1723 731 1754 per
754 1713 937 1754 1·epertam¹¹
961 1713 1155 1754 hypocrisim
1178 1716 1352 1745 retrorsum
1376 1714 1503 1745 rediens
1527 1715 1594 1745 sine
1618 1715 1747 1745 licentia
1770 1716 1821 1746 vel

165 1766 360 1796 conscientia
387 1768 495 1796 nostra
522 1765 685 1806 propriam
716 1765 899 1806 paroeciam
926 1765 1076 1805 deseruit,
1100 1765 1188 1797 Urbe
1219 1765 1365 1797 discessit
1395 1769 1427 1796 et
1458 1769 1568 1797 contra
1598 1766 1733 1797 salutem
1758 1767 1820 1797 rei—

165 1816 314 1857 publicae
339 1816 524 1858 dilectiquei
547 1817 604 1847 filii
627 1817 727 1847 nostri
750 1816 863 1848 Karoli
887 1827 905 1847 a
929 1816 1020 1848 nobis
1043 1818 1137 1849 electi
1162 1821 1194 1848 et
1219 1817 1356 1848 ordinati
1379 1817 1541 1858 principisi
1566 1828 1637 1848 cum
1662 1818 1726 1848 suis
1750 1817 1819 1849 fau-

258 1946 283 1977 *)
306 1945 380 1971 Haec
396 1945 528 1971 sententia
545 1953 605 1971 una
623 1953 683 1971 cum
701 1946 764 1971 aliis
783 1946 887 1972 duabus
907 1945 944 1971 ad
961 1945 1105 1972 secundam
1118 1945 1256 1979 quandam
1274 1946 1404 1979 synodum
1418 1946 1570 1972 Romanam
1588 1945 1629 1971 (lic
1642 1946 1820 1972 30.].1mz...576

304 1991 327 2013 et
344 1987 475 2022 synodum
496 1988 644 2014 Trecensem
661 1988 793 2014 mensibus
812 1988 867 2015 Iul.
880 1991 904 2015 et
919 1989 987 2022 Any.
999 1998 1024 2015 a.
1039 1992 1089 2015 878
1114 1989 1220 2015 habitas
1235 1988 1431 2021 pertinentibus
1456 1989 1550 2022 quitur
1567 1988 1597 2013 in
1615 1988 1701 2014 codice
1720 1989 1818 2014 Merse-

304 2031 379 2064 lmry.
402 2031 516 2064 capituli
542 2030 705 2057 cathedralis
726 2039 754 2058 n.
778 2035 828 2057 104
852 2039 918 2058 saec.
939 2031 974 2058 X.
994 2033 1014 2065 s.
1034 2035 1073 2064 47,
1097 2040 1109 2057 e
1133 2040 1186 2065 quo
1207 2031 1266 2059 edd.
1284 2032 1318 2058 E.
1335 2032 1369 2058 L.
1386 2032 1493 2058 Richter
1516 2031 1546 2056 in
1564 2031 1735 2065 ‘Marburgler
1754 2032 1818 2058 Pro-

303 2074 585 2108 relctoratsproyramm
609 2082 632 2100 v.
647 2078 684 2101 10.
700 2074 769 2107 Sept.
784 2074 856 2101 1843³
875 2083 901 2107 p.
915 2079 975 2107 4sq.
994 2077 1019 2101 et
1036 2075 1176 2101 Diimmler
1192 2075 1333 2101 ‘Auoeilius
1359 2074 1417 2101 und
1437 2074 1593 2108 Vulyarius’
1607 2074 1730 2108 (Leipzigy
1742 2078 1819 2107 1866)

303 2126 329 2150 p.
342 2121 426 2150 151⁵sq.
452 2117 546 2143 Verum
565 2125 625 2143 cum
642 2117 771 2143 sententia
791 2117 847 2150 illa,
866 2125 933 2150 quoe
951 2118 982 2143 in
999 2118 1101 2151 synodo
1123 2118 1246 2145 Trecensi
1262 2118 1369 2151 prolata
1388 2125 1439 2144 esse
1457 2118 1565 2149 (licitur,
1580 2117 1716 2150 plurimas
1734 2118 1819 2150 falsas

302 2160 484 2193 episcoporum
511 2160 718 2193 subscriptiones
740 2161 879 2194 perhibeat
902 2163 927 2187 et
945 2164 1088 2194 propterea
1112 2161 1209 2187 dubiae
1236 2161 1376 2187 admodum
1402 2160 1467 2193 fidei
1493 2161 1529 2186 sit
1555 2161 1601 2193 (cf.
1615 2160 1755 2186 Ditmmler
1774 2161 1790 2187 l.
1803 2161 1818 2187 I.

299 2212 327 2236 p.
340 2208 370 2229 ὁτι·
397 2206 421 2229 et
438 2203 606 2230 ‘Geschiehte
630 2203 674 2230 des
697 2203 836 2236 Ostfrdnk.
850 2204 970 2230 Reiehes’
982 2206 992 2220 ²
1010 2205 1068 2238 III,
1082 2209 1115 2231 27
1133 2213 1199 2231 amn.
1213 2207 1247 2239 1),
1271 2205 1374 2238 primae
1397 2212 1497 2237 qnoque
1521 2204 1668 2230 sententiae
1691 2205 1818 2230 lectiones.

302 2255 369 2279 quae
387 2255 404 2272 a
422 2247 571 2273 recensione
583 2246 776 2273 sirmondiana
794 2247 946 2280 abhorrent,
963 2248 994 2273 in
1011 2248 1081 2274 ealce
1099 2250 1207 2274 tantum
1226 2248 1411 2274 adnotavimus
1425 2248 1467 2281 (=
1481 2248 1534 2281 M).
1554 2263 1586 2266 —
1606 2247 1714 2273 Lemma
1728 2248 1758 2273 in
1771 2248 1807 2273 M
1811 2257 1820 2274 .·

306 2289 467 2317 Sententiae
486 2290 594 2324 primae
619 2290 739 2324 synodus
759 2290 853 2317 domni
878 2291 1010 2317 Iohannis
1036 2291 1130 2318 octavi
1156 2300 1247 2326 papae
1275 2293 1372 2318 contra
1398 2291 1598 2322 Formosianos,
1623 2290 1818 2319 simoniacos&

303 2333 440 2365 moechos,
460 2333 638 2367 proditoresl‚
658 2333 818 2368 sacrilegos

268 2413 292 2435 9.
319 2411 342 2441 ⁸)
364 2415 448 2444 portas
463 2411 540 2436 sirm.
595 2410 620 2444 b)
639 2420 800 2444 praecessore
819 2413 855 2437 M.
919 2412 941 2444 c)
961 2412 1057 2437 omlis.
1112 2412 1136 2444 ⁸¹)
1154 2417 1191 2437 est
1205 2412 1242 2438 M.
1297 2412 1318 2443 Ε)
1338 2413 1479 2445 susciperet
1493 2412 1528 2436 M.
1584 2409 1602 2441 f)
1622 2412 1766 2436 coniuratos
1782 2411 1816 2435 M.

164 2456 188 2486 8)
207 2456 283 2479 efficit
303 2454 340 2479 M.
411 2453 437 2485 h)
456 2458 585 2487 expertam
605 2455 642 2480 Μ.
713 2455 732 2485 ι”)
752 2455 1055 2488 dilectique—principis
1076 2465 1123 2481 om.
1139 2456 1175 2481 M.
1246 2454 1272 2487 k)
1291 2456 1418 2480 simachus
1438 2454 1476 2480 M.
1547 2453 1565 2483 l)
1585 2455 1712 2486 proditore
1731 2454 1768 2478 M.

272 2536 295 2567 1)
316 2535 464 2567 Portuensi,
492 2536 538 2568 qui
560 2538 653 2568 postea
681 2535 764 2561 sedem
789 2535 963 2569 apostolicam
988 2535 1101 2561 obtinuit
1126 2544 1150 2561 a.
1169 2538 1308 2562 891—896.
1413 2535 1440 2567 2)
1462 2535 1502 2567 Cf.
1518 2542 1601 2567 supra
1622 2543 1651 2567 μ
1666 2537 1697 2559 23
1716 2541 1780 2558 ann.
1799 2538 1816 2559 Ι,

165 2580 192 2610 3)
215 2579 238 2604 T
237 2578 399 2603 rircntinum
425 2578 499 2604 illum
523 2579 570 2612 (cs.
589 2586 673 2611 supra
687 2586 716 2611 p.
732 2581 780 2605 189
797 2586 863 2604 ann.
877 2581 907 2604 12
924 2586 951 2604 n.
964 2579 1054 2612 211a),
1079 2577 1304 2604 Polimartiensem
1329 2579 1412 2610 hunc,
1438 2578 1484 2611 qni
1508 2577 1585 2603 (luces
1606 2576 1815 2610 mesbyterormn

166 2621 197 2646 in
210 2624 305 2654 partus
324 2620 480 2655 Bulyarum
503 2621 558 2647 loeo
577 2620 703 2647 Formosi
727 2621 906 2647 substituendi
931 2621 986 2646 iam
1010 2629 1028 2646 α
1046 2620 1160 2647 Nicolao
1174 2621 1198 2647 Ι.
1216 2629 1293 2654 papa
1312 2630 1336 2647 a.
1350 2624 1398 2647 867
1417 2620 1553 2653 destinati,
1579 2620 1681 2645 demum
1704 2618 1737 2643 ab
1757 2618 1815 2643 Ha-

164 2663 264 2690 driano
286 2664 324 2689 II.
345 2672 423 2697 papa
450 2664 524 2690 missi
551 2666 628 2696 sunt,
656 2664 692 2696 cf.
713 2663 853 2690 demler
876 2664 892 2691 Ζ.
911 2664 927 2690 l.
946 2663 990 2695 II,
1003 2666 1058 2690 256.
1166 2665 1194 2697 4)
1220 2663 1246 2690 S.
1259 2664 1371 2690 Mariae
1392 2663 1536 2689 Rotnndae
1560 2670 1627 2694 qnae
1649 2660 1816 2687 ‘Pantheon'

165 2712 281 2738 rocatur,
301 2708 335 2741 ef.
352 2707 471 2734 Huelsen
487 2707 538 2733 ‘Le
556 2707 639 2733 chiese
656 2707 684 2732 cli
704 2706 791 2733 Roma
808 2707 852 2732 nel
869 2706 953 2733 medio
970 2705 1022 2732 evo'
1037 2715 1067 2740 p.
1082 2709 1140 2733 363.
1228 2707 1253 2740 5)
1272 2707 1306 2733 Δ.
1321 2709 1378 2732 866.
1461 2706 1488 2739 6)
1507 2704 1656 2737 Michaelis,
1676 2704 1723 2737 qui
1737 2703 1816 2735 fri-ius

164 2749 279 2783 Boyoris
304 2750 497 2783 appellabam,
533 2752 566 2784 cf.
588 2758 672 2783 supra
694 2758 722 2783 p.
741 2754 774 2776 58
803 2758 869 2776 ann.
891 2753 914 2775 9.
1037 2749 1064 2782 7)
1090 2749 1166 2775 Haec
1189 2749 1280 2782 iurqia
1309 2748 1373 2782 quid
1401 2749 1456 2775 veri
1483 2748 1646 2773 contineant*
1674 2746 1817 2773 nescimus,-

163 2794 196 2826 cf.
211 2792 358 2824 Demmler,
377 2793 519 2819 ‘Auxilius
537 2792 597 2818 und
614 2791 768 2826 Vulyarius’
784 2801 812 2825 p.
828 2797 853 2818 4.
