2189 3042
152 704 179 723 cl.
190 703 233 723 Mat
238 702 266 723 th.
278 705 307 726 Η,
314 704 344 722 30.

211 856 228 874 l.
236 853 282 873 Cur.
294 856 312 875 ΞΖχ
323 855 341 873 9.

357 196 395 226 39
801 189 978 217 IOHANNIS
997 189 1072 215 VIII.
1093 188 1209 214 PAPAE
1232 187 1431 214 EPISTOLAE
1453 186 1494 214 32.
1513 187 1555 214 33.

357 279 501 311 omnibus
525 282 557 309 ct
580 281 653 309 ante
678 278 784 308 omnia
799 277 944 316 Romane
970 286 1079 306 curam
1095 275 1243 306 habeatis
1260 275 1406 315 ecclesie,
1430 285 1491 316 que
1516 277 1696 306 ceterarum
1720 276 1873 316 magistra
1898 279 1946 307 est
1969 279 2002 307 et

355 334 459 362 mater
486 330 708 369 ecclesiarum,
745 339 805 370 que
836 331 941 358 vestro
971 328 1001 357 in
1032 330 1178 368 tempore
1211 327 1307 357 tantis
1336 337 1373 358 ac
1401 329 1468 357 tam
1499 327 1692 358 immanibus
1724 327 1906 358 subcumbit
1933 328 2001 359 sine

357 382 532 413 cessatione
550 380 708 422 periculis.
748 379 907 420 Denique,
929 379 954 409 si
972 378 1031 418 hec
1049 378 1196 419 ecclesia,
1214 388 1275 419 que
1293 380 1389 419 caput
1406 381 1465 418 est,
1481 378 1578 418 viget,
1604 381 1712 409 cetera
1728 378 1874 410 membra
1890 390 2001 420 quam-

356 434 402 463 vis
418 432 570 473 languida
587 430 797 472 recuperandi
816 430 965 461 fiduciam
983 440 1045 460 non
1061 430 1221 469 amittunt,
1239 439 1301 470 que
1322 429 1470 460 nimirum
1487 430 1572 460 omni
1591 429 1728 460 roborea
1744 434 1863 470 carent,
1885 432 1910 461 si
1927 441 2001 462 con-

357 485 458 524 tingat
481 484 583 513 solum
606 485 703 524 caput
726 482 807 519 forte
831 482 994 522 languere,
1020 483 1137 522 quanto
1154 482 1270 522 potius,
1296 480 1382 522 quod
1403 483 1528 511 avertat
1546 481 1766 522 Omnipotens,
1791 482 1815 512 si
1840 483 2003 523 contingat
2033 497 2044 516 5

357 536 509 576 extingui.
562 534 656 565 Unde
684 535 800 564 iterum
830 534 1012 574 iterumque
1043 533 1118 563 totis
1148 532 1338 573 singultibus
1366 533 1505 574 totisque
1534 533 1742 573 imploramus
1770 533 1945 574 precordiis
1972 537 2004 566 et

357 598 414 627 por
431 586 591 617 Christum
609 585 670 616 Dei
694 585 793 616 filium
817 584 1005 625 suppliciter
1027 583 1221 624 adiuramus,
1247 585 1299 625 qui
1323 594 1379 614 vos
1403 583 1444 615 ad
1468 586 1590 614 tantum
1614 585 1763 625 provexit
1786 585 1948 627 fastigium
1973 588 2005 617 et

358 639 541 679 imperium:
575 638 625 668 vel
654 647 735 667 nuuc
767 637 898 667 citatum
929 635 1093 666 extendite
1123 636 1292 676 clementie
1323 635 1488 666 brachium
1517 639 1549 666 et
1572 636 1765 676 periclitanti
1789 637 1906 677 patrie,
1930 638 2004 678 quin

359 690 464 731 potius
488 689 617 728 mundo,
642 688 752 719 auxilii
776 688 972 728 iamiamque
990 687 1162 728 porrigiteb
1187 687 1365 718 dexteram.
1404 687 1488 718 Ecce
1506 687 1622 718 Petrus
1645 688 1677 718 in
1694 689 1868 719 commissis
1893 688 2005 719 ovibus

358 741 526 782 mergitur-7.
554 741 666 781 erigite
688 750 765 781 ergo
790 749 844 770 cas
862 749 917 769 vos
941 749 959 769 a
975 738 1132 778 fluctibus,
1157 739 1415 778 clementissime,
1439 739 1464 769 si
1482 749 1538 769 vos
1561 739 1630 780 ipse
1654 739 1694 770 ab
1713 750 1903 771 excessuum
1924 740 2004 771 allu-
2025 754 2049 772 ιο

358 792 503 823 vionibus
534 793 637 833 erigat
667 794 699 822 et
722 790 811 821 vobis
839 791 964 831 celestis
993 791 1073 821 atria
1096 791 1185 831 regni
1210 791 1475 821 intercessionum
1499 801 1627 821 suarum
1651 791 1793 822 clavibus
1821 795 1945 823 reseret
1974 795 2006 823 et

358 844 420 884 vite
446 847 554 884 eterne
578 853 697 884 pascua
720 842 912 873 invenienda
935 842 1017 872 inter
1041 842 1173 883 angelos
1197 842 1264 872 sine
1288 842 1423 873 termino
1449 842 1577 882 tribuat,
1601 842 1674 884 ‘que
1700 843 1809 873 oculus
1831 854 1894 874 non
1916 843 2005 884 vidit,

358 906 416 926 nec
440 895 525 926 auris
549 894 681 925 audivit’
705 898 737 925 et
761 897 878 925 cetera.

461 956 554 980 DATA
576 956 690 980 IDIBUS
713 956 907 984 FEBRUARII,
932 954 1131 979 INDICTIONE
1150 955 1182 979 X.

1159 1100 1208 1130 33.

468 1161 626 1192 Iohannes
646 1160 740 1193 VIII.
760 1170 849 1199 pastu
865 1159 1044 1190 Rielzildam
1068 1159 1296 1199 imperatricem
1319 1159 1476 1199 inwlorat,
1500 1162 1536 1191 ut
1559 1160 1646 1198 apud
1668 1160 1840 1200 (Karolum
1860 1160 2006 1202 Calvum)
2026 1174 2049 1192 ιε»

363 1214 575 1253 imperatorem
600 1213 736 1250 insistat,
760 1222 919 1251 quousque
943 1211 1107 1243 Romanae
1129 1210 1273 1242 ecelesiae
1296 1221 1458 1250 oppressae
1482 1211 1640 1242 auxilium
1659 1210 1770 1252 ferret.

1691 1264 1755 1294 877
1776 1264 1851 1295 Feb.
1869 1264 1918 1294 10.

476 1306 550 1332 (loct.-
579 1306 605 1332 R
623 1308 694 1339 s'.16⁴
714 1314 740 1331 u.
754 1309 795 1331 33.

466 1358 551 1384 Edd..·
580 1358 673 1383 Editio
687 1358 812 1383 Romana
831 1358 915 1390 (1591)
935 1356 995 1389 111,
1014 1359 1061 1383 314
1080 1364 1106 1382 η.
1122 1360 1153 1382 31
1173 1368 1204 1378 =
1223 1356 1349 1383 Sirmond
1369 1356 1447 1383 Couc.
1460 1359 1515 1383 aut.
1532 1356 1636 1383 Galliae
1654 1356 1715 1388 III,
1735 1360 1782 1383 456
1802 1360 1877 1384 ›14:20.
1914 1357 2010 1384 stlausi

365 1404 442 1429 Cone.
456 1403 511 1429 coll.
527 1402 624 1434 XVII,
644 1406 675 1427 29
693 1409 720 1427 u.
734 1404 772 1427 31.
811 1401 903 1434 M'iyue
920 1400 997 1427 Patr.
1012 1400 1056 1426 lat.
1073 1399 1210 1432 CXXVI,
1231 1404 1276 1427 713
1292 1409 1318 1427 u.
1332 1404 1371 1426 59.
1391 1415 1424 1418 —
1442 1399 1515 1431 Jaffe'
1534 1400 1599 1433 Rey.
1613 1402 1681 1426 3078
1699 1400 1797 1433 (2307).
2026 1409 2052 1429 20

994 1488 1170 1512 RICCHILDI
1194 1488 1352 1512 AUGUSTE
1361 1487 1378 1511 ¹.

470 1540 571 1572 Multo
594 1541 723 1580 peracto
748 1539 811 1569 iam
829 1542 973 1579 tempore.
997 1541 1063 1585 tam
1087 1538 1128 1568 ad
1146 1537 1318 1579 spiritualis
1341 1537 1398 1568 filii
1421 1538 1520 1568 nostri
1536 1539 1663 1578 augusti
1687 1549 1783 1579 quam
1807 1538 1848 1569 ad
1871 1542 2010 1570 vestram

363 1592 561 1624 invisendam
586 1591 787 1622 clementiani
811 1591 923 1620 missos
947 1590 1122 1630 apostolice
1150 1590 1234 1621 sedis
1259 1589 1420 1620 destinare
1446 1589 1708 1629 desideravimus,
1733 1594 1890 1631 quatenus
1914 1593 1946 1621 et
1969 1590 2010 1621 de

363 1645 547 1684 utriusquea
563 1642 714 1683 sospitate
731 1642 860 1673 letiores
877 1642 1107 1681 efficeremurb,
1133 1645 1164 1673 et
1187 1641 1279 1672 nobis
1296 1642 1474 1681 commisse,
1499 1644 1606 1682 sancte
1623 1641 1746 1672 scilicet
1761 1643 1871 1672 matris
1893 1645 2009 1683 vestre,

364 1696 509 1735 Romane
527 1694 660 1735 ecclesie
677 1694 876 1725 calamitates
893 1697 988 1735 atque
1006 1694 1239 1735 oppressiones,
1258 1703 1337 1734 quas
1353 1698 1390 1724 a⁰
1405 1693 1540 1734 paganis
1561 1697 1593 1725 et
1616 1693 1656 1724 ab
1673 1693 1788 1734 iniquis
1804 1694 2009 1725 Christianisc
2028 1703 2054 1723 25

364 1748 431 1778 sine
456 1747 634 1778 cessatione
659 1747 795 1786 patitur,
826 1745 867 1777 ad
889 1746 1079 1776 memoriam
1103 1745 1293 1777 reducentes
1321 1745 1361 1775 ab
1392 1744 1507 1776 eodem
1537 1748 1672 1786 augusto
1701 1746 1952 1776 consolationem
1977 1748 2010 1776 et

365 1802 507 1840 optatam
532 1808 636 1839 opem,
661 1798 741 1828 sicut
764 1797 981 1837 sperabamus,
1006 1797 1135 1828 tandem
1158 1797 1331 1838 aliquando
1356 1797 1507 1837 consequi
1529 1806 1736 1827 mereremur.
1783 1796 1848 1828 Sed
1868 1797 2009 1828 omnium

364 1852 486 1882 viarum
510 1849 649 1880 aditibus
681 1860 698 1879 a
726 1849 817 1879 malis
845 1848 981 1879 obsessis
1004 1849 1185 1879 hominibus
1213 1848 1284 1889 plus
1312 1859 1368 1879 nos
1400 1848 1554 1888 compulit
1577 1847 1669 1878 dolor
1692 1847 1841 1879 lacrimas
1864 1849 2009 1888 fundere,

366 1913 461 1943 quam
484 1902 571 1932 locus
588 1903 715 1941 pateret
738 1900 777 1930 ad
795 1911 850 1930 vos
875 1903 996 1931 nostros
1014 1901 1126 1931 missos
1143 1900 1291 1941 dirigere,
1310 1900 1383 1940 quia
1400 1910 1441 1930 ex
1460 1909 1533 1938 uno,
1558 1900 1638 1930 sicut
1655 1898 1802 1939 diximus,
1828 1900 2009 1940 Christiani,

367 1965 406 1985 ex
430 1953 492 1984 alio
517 1953 634 1993 pagani
663 1952 708 1982 ita
734 1962 791 1982 nos
820 1951 991 1982 crudeliter
1015 1955 1233 1992 persecuntur,
1261 1955 1295 1982 ut
1318 1951 1393 1981 solis
1417 1951 1562 1991 menibus
1586 1951 1681 1982 Urbis
1705 1951 1824 1982 relictis
1849 1951 1956 1982 omnia
1979 1952 2011 1982 in
2030 1961 2055 1980 30

367 2006 499 2036 circuitu
522 2005 616 2045 longe
640 2003 769 2044 lateque
794 2009 981 2043 cousumpta
1005 2003 1146 2034 habeant
1170 2006 1202 2034 et
1225 2004 1255 2033 in
1273 2002 1478 2033 solitudinem
1502 2012 1630 2042 prorsus
1654 2002 1796 2033 redacta.
1842 2003 1872 2033 A
1896 2003 2011 2044 quibus

366 2068 424 2098 per
460 2059 581 2086 tantum
621 2056 847 2095 imperatorem
882 2054 1039 2085 1·elevari‘¹
1071 2056 1135 2085 iam
1167 2055 1379 2085 credebamus
1410 2058 1442 2085 et
1475 2054 1752 2094 recuperationem
1784 2054 1925 2095 aliquam
1959 2054 2011 2085 vel

366 2108 526 2139 medelam
551 2107 685 2147 adipisci
702 2117 904 2147 summopere
921 2106 1191 2146 prestolabamur,
1216 2106 1273 2136 sed
1297 2116 1371 2136 eece
1395 2116 1452 2146 pro
1478 2106 1618 2145 peccatis
1643 2106 1757 2135 nostris
1780 2105 1850 2135 aliis
1873 2106 2011 2146 negotiis

366 2159 547 2200 implicatus
569 2158 660 2189 nobis
684 2158 836 2188 hactenus
854 2157 975 2188 distulit
998 2158 1082 2188 ferre
1105 2157 1289 2198 presidium.
1325 2157 1366 2187 Et
1390 2157 1465 2197 quia
1488 2157 1552 2187 iam
1576 2157 1730 2187 sustinere
1754 2167 1817 2187 non
1832 2167 2011 2197 possumus,

367 2212 500 2253 gloriam
518 2213 657 2240 vestram
681 2209 899 2249 multipliciter
923 2209 1142 2249 deprecamur,
1168 2213 1201 2239 ut
1224 2210 1293 2239 vice
1313 2211 1421 2238 nostra
1444 2208 1525 2248 frete
1549 2208 1680 2238 sumatis
1703 2208 1735 2238 in
1752 2207 1909 2239 femineoe
1932 2218 2012 2239 sexu
2031 2217 2055 2237 35

367 2263 456 2293 virile
481 2265 592 2303 pectus
616 2264 649 2291 ct
672 2271 728 2301 pro
753 2270 862 2291 amore
886 2263 1067 2291 sanctorum
1084 2260 1301 2300 apostolorum
1318 2259 1407 2290 Petri
1432 2262 1464 2289 et
1487 2258 1590 2291 Pauli,
1616 2269 1751 2299 quorum
1774 2259 1819 2289 ita
1843 2262 1890 2290 est
1915 2259 2011 2290 deva-

367 2318 485 2345 statum
509 2313 704 2350 terminium,
734 2315 768 2342 ut
791 2312 893 2352 magis
917 2312 1015 2342 libeat
1039 2311 1130 2342 fleref
1154 2321 1249 2352 quam
1274 2310 1391 2349 dicere,
1416 2309 1538 2340 tamdiu
1562 2309 1648 2350 apud
1672 2310 1849 2350 piissimum
1873 2312 2011 2351 impera-

368 2368 470 2396 torem
506 2367 647 2395 nostrum
676 2363 842 2402 insistatis,
879 2373 1044 2403 quousque
1078 2366 1109 2393 et
1144 2365 1254 2393 contra
1282 2372 1424 2403 paganos
1457 2371 1552 2402 opem
1580 2361 1716 2402 prebeat
1750 2365 1783 2392 et
1815 2362 2013 2393 Christianos

369 2425 575 2457 compescere
609 2414 758 2445 audeatss.
806 2414 962 2449 Quoniam
996 2414 1069 2444 ideo
1101 2415 1190 2444 illum
1219 2417 1306 2444 tauto
1335 2413 1519 2444 diademate
1549 2412 1589 2443 ab
1621 2413 1696 2443 olim
1726 2413 1856 2453 quidem
1880 2413 2013 2455 anobis

369 2468 547 2509 expetitum
571 2476 608 2496 ac
632 2466 827 2507 preelectum
852 2465 1006 2496 decorare
1028 2466 1216 2505 curavimus,
1240 2468 1275 2495 ut
1299 2468 1406 2504 sancte
1430 2464 1575 2504 Romane
1601 2464 1736 2504 ecclesie
1754 2465 1956 2505 recuperatio
1981 2467 2013 2495 et
2031 2476 2058 2495 40

369 2520 537 2559 securitas,
570 2528 665 2558 quam
689 2517 873 2558 ademptam
898 2517 1099 2554 dolebamus,
1128 2527 1184 2557 per
1208 2517 1295 2557 pium
1319 2516 1458 2546 studium
1484 2516 1564 2555 eius,
1597 2526 1659 2556 quo
1685 2526 1812 2556 semper
1836 2516 2012 2556 fruebatur,

472 2632 494 2654 a]
513 2631 567 2654 -bo-
586 2638 652 2654 corr.
672 2637 702 2654 ex
720 2629 776 2653 -bu—
796 2628 826 2653 R.
915 2627 939 2658 1))
959 2637 1026 2653 corr.
1045 2637 1074 2653 ey:
1098 2629 1224 2660 porrigere
1243 2628 1275 2652 B.

471 2690 512 2715 33.
540 2689 562 2721 a)
582 2690 696 2721 utrisque
716 2688 745 2712 R.
852 2688 876 2720 1>)
894 2689 958 2713 inter
978 2696 991 2713 c
1014 2692 1035 2712 el
1058 2697 1070 2712 r
1093 2688 1137 2712 lite.
1157 2696 1222 2712 eras·
1242 2687 1273 2712 R.
1374 2686 1396 2718 c)
1420 2695 1436 2712 a
1459 2687 1605 2711 christianis
1629 2691 1654 2712 et
1675 2688 1708 2712 ab
1720 2682 1821 2720 'iniquis
1846 2687 1954 2720 paganis
1977 2687 2014 2716 R,-

369 2734 510 2766 setl'ef.1›.
525 2734 555 2757 25
574 2733 590 2757 ἰ.
606 2734 653 2763 36,-
667 2740 695 2764 p.
709 2734 740 2757 29
759 2732 774 2756 Z.
788 2733 828 2757 23.
922 2730 947 2762 (ἶ)
967 2740 1023 2756 -ev-
1044 2731 1070 2756 ἱη
1088 2740 1141 2756 ras.
1161 2731 1192 2756 R.
1282 2730 1303 2761 θ)
1323 2731 1424 2755 fimiueo
1444 2730 1475 2754 R.
1563 2729 1583 2761 f)
1604 2731 1667 2755 frere
1686 2730 1718 2754 R.
1807 2729 1831 2761 S)
1850 2730 1962 2762 gaudeat
1980 2729 2013 2755 R.

474 2811 499 2843 1)
521 2810 560 2840 Cf.
581 2817 619 2841 σῃ,
642 2816 667 2834 n.
680 2811 710 2834 31
729 2807 844 2833 eiusdem
863 2807 924 2833 clici.
2034 2814 2059 2832 45
