2189 3042
103 1964 132 1985 cf.
144 1964 173 1986 ῙΟ.
184 1967 215 1988 10,
226 1967 244 1984 1.

258 142 320 171 21ss
689 132 866 160 IOHANNIS
885 132 959 158 VIII.
979 131 1097 158 PAPAE
1120 130 1319 158 EPISTOLAE
1342 131 1400 157 247.
1419 130 1477 156 248.

259 228 456 259 audientiam
490 228 523 255 et
550 224 690 254 nostram
716 219 927 261 apostolicam
951 218 1186 249 absolutionem
1215 227 1340 248 sacrum
1362 216 1557 258 presumpsit
1584 216 1794 248 ministerium
1823 218 1908 248 celc-

258 280 351 310 brare
375 280 472 318 atque
496 277 605 306 contra
635 282 742 302 sacros
771 271 928 301 canones¹
953 273 1128 311 contraque
1159 268 1303 310 regiam²
1328 271 1360 299 et
1389 270 1531 299 nostram
1564 268 1774 308 apostolicam
1796 268 1909 299 volun-

259 334 357 362 tatem
383 325 589 370 cpiscopum³
605 325 637 355 in
653 322 849 354 Bercellensi
875 321 1031 353 ecclcsia³
1048 321 1236 352 innormiter
1259 330 1447 351 consecrare
1469 319 1674 360 presumpsit.
1713 319 1777 350 Pro
1795 319 1910 361 quibus

258 381 409 412 videlicet
432 382 519 418 tante
544 375 735 407 temeritatis
758 373 1053 415 presumptionibus
1084 376 1115 403 et
1138 373 1242 413 ipsum
1265 372 1462 412 Anspertum
1487 370 1608 402 dudum
1632 371 1910 412 archiepiscopum

257 434 288 463 in
313 443 366 472 ea,
392 441 453 472 que
477 440 579 470 nuper
603 430 674 458 acta
700 429 761 465 est,
786 425 929 466 synod04
951 425 1036 456 omni
1061 423 1257 465 episcopalib
1278 423 1400 454 honore
1425 422 1619 463 privavimus
1644 425 1676 453 ct
1700 433 1789 463 eum,
1813 433 1909 463 quem
1939 431 1950 450 5

258 484 366 514 illicite
385 481 552 519 ordinavit,
578 479 763 520 episcopum
781 477 981 508 decrevimus
998 475 1143 517 synodali
1160 475 1277 506 iudicio
1296 474 1478 516 depositum
1504 484 1574 505 esse
1598 474 1639 505 ab
1657 474 1768 506 ordine
1785 475 1909 515 episco-

256 537 365 576 patuS,
390 532 505 563 intuitu
528 534 636 561 tamen
660 528 877 568 misericordie
902 528 934 558 in
957 528 1139 568 pristinum,
1163 537 1226 568 quo
1251 529 1320 557 erat
1343 528 1453 566 antea,
1477 525 1614 566 gradum
1637 526 1764 557 reverti.
1808 525 1910 556 Porro

258 596 315 616 nos
344 583 520 615 secundum
543 582 743 612 voluntatem
774 583 806 610 et
829 579 1019 620 petitionem
1044 578 1153 609 dilecti
1182 577 1239 608 filii
1269 578 1367 608 nostri
1391 576 1614 608 Karolimanni
1644 577 1775 617 gloriosi
1804 577 1910 618 regis⁵

257 638 341 668 hunc
366 635 576 675 Cospertum⁰
600 632 905 670 reverentissimum,
930 630 969 661 de
994 641 1056 671 quo
1080 630 1143 660 iam
1169 629 1245 660 olim
1268 628 1358 659 vobis
1381 638 1440 669 per
1462 631 1603 659 vestrum
1626 628 1756 659 fidelem
1778 628 1911 659 missum

257 688 451 719 innotuimus
462 687 483 725 ⁶,
515 686 546 715 in
575 683 690 715 eadem
714 682 911 713 Bereellensi
935 681 1093 713 ecclesia‘l
1117 680 1390 712 consentientibus
1418 680 1565 711 omnibus
1589 679 1910 721 comprovincialibus
1929 688 1954 707 ιο
1985 683 1988 687 ”

259 739 417 781 episcopis
441 737 617 769 antistitem
641 734 910 775 consecravimus,
940 744 1037 775 quem
1061 734 1201 774 petimus
1225 732 1358 771 obnixe,
1387 735 1421 762 ut
1444 742 1502 772 pro
1527 742 1636 763 amore
1660 731 1722 762 Dei
1754 734 1787 762 et
1809 731 1911 762 sancti

257 791 347 822 Petri
370 800 407 820 ac
429 791 536 820 nostro
554 790 657 826 vestre
674 786 817 827 potentie
835 785 966 816 brachio
985 785 1138 816 tueamini
1163 787 1204 825 et,
1228 786 1324 825 prout
1347 783 1377 814 ei
1401 794 1480 824 opus
1498 783 1603 824 fuerit,
1628 783 1759 824 dignum
1783 792 1912 824 semper

257 843 289 873 in
314 841 460 873 omnibus
478 839 641 881 prebeatis
665 838 828 868 solacium.
867 837 1026 878 Regalem
1051 836 1278 868 excellentiam
1295 838 1435 866 vestram
1451 834 1609 865 Dominus
1633 836 1800 865 conservet
1822 834 1911 864 inco-

257 894 405 933 lumem,
431 891 593 923 carissime
618 890 672 920 fili.

360 950 454 974 DATA
473 949 518 972 UT
537 947 653 971 SUPRA.
982 949 1186 970 —.*—‘*
1930 950 1954 968 15

1049 1049 1121 1078 248.

366 1107 525 1139 Iohannes
545 1107 639 1138 VIII.
660 1116 747 1144 papa
767 1103 1006 1136 {fe-cellensibus
1028 1105 1138 1134 notum
1159 1102 1241 1140 facit
1263 1112 1294 1132 se
1306 1102 1502 1140 Anspertnm
1517 1099 1786 1132 Mediolanensem
1808 1098 1912 1130 archi—

259 1160 435 1199 episcopum
459 1159 494 1189 vin
516 1158 632 1199 synodo
655 1157 700 1198 (cl.
718 1157 768 1188 15.
785 1156 939 1192 Octobris)
962 1155 1070 1186 habita
1093 1153 1378 1185 excommunicasse
1399 1163 1465 1183 nna
1489 1163 1559 1183 cnm
1578 1151 1709 1191 Iosepho
1729 1150 1912 1182 Vercellensi

259 1211 391 1248 intruso,
416 1211 508 1241 ezoius
529 1210 707 1249 scripturas
729 1208 851 1239 nnllam
874 1207 1055 1245 firmitatem
1078 1206 1189 1236 habere
1211 1205 1311 1242 iubet;
1337 1204 1524 1244 Gospertnm
1547 1214 1568 1235 a
1583 1203 1821 1235 Karolomanno
1843 1212 1912 1242 reyc

259 1263 325 1293 iam
347 1262 525 1301 expetitum,
549 1272 569 1292 a
592 1272 624 1292 sc
647 1262 860 1291 consecratum
884 1260 1060 1298 episcopum
1084 1258 1128 1288 cis
1150 1257 1273 1288 statuit.
1639 1255 1702 1286 879
1726 1253 1825 1295 (Oct.)

374 1329 450 1355 Contu
479 1329 505 1355 R
523 1330 543 1363 f.
559 1332 592 1354 96
623 1338 649 1354 n.
664 1332 723 1354 250.
1931 1326 1956 1345 20

364 1376 447 1403 EM.-
474 1375 568 1402 Editio
582 1376 709 1402 Romana
722 1375 806 1408 (1591)
826 1374 887 1406 III,
902 1376 950 1399 453
963 1382 989 1399 n.
1000 1376 1054 1399 223.
1086 1373 1182 1398 Mansa*
1202 1373 1278 1399 Cone.
1289 1373 1346 1398 coll.
1363 1371 1461 1403 XVII,
1476 1375 1523 1397 166
1541 1379 1568 1397 n.
1578 1374 1632 1397 223.
1665 1370 1759 1404 Miyne,
1777 1369 1853 1396 Patr.
1864 1369 1910 1395 lat.

262 1419 398 1451 CXXVJ,
416 1422 470 1445 887
486 1427 513 1445 n.
530 1422 585 1445 267.
606 1433 637 1436 —
657 1418 728 1449 Juffe'
748 1418 810 1451 Ray.
825 1420 889 1443 3306
908 1416 1006 1449 (2514).

347 1507 500 1531 OMNIBUS
523 1504 751 1530 PRESBYTERIS
773 1504 979 1528 DIACONIBUS
1002 1503 1272 1528 SUBDIACONIBUS
1297 1503 1340 1526 ET
1360 1502 1446 1526 OMNI
1471 1501 1580 1526 CLERO
1600 1501 1642 1525 AC
1665 1500 1828 1524 PRIMATIS

787 1543 944 1573 OMNIQUE
966 1542 1101 1567 POPULO
1125 1541 1381 1566 BERCELLENS[⁷.

368 1592 429 1622 His
461 1591 574 1621 nostris
605 1590 790 1630 apostolicis
817 1589 931 1619 litteris
961 1588 1052 1619 vobis
1081 1588 1244 1629 cognitum
1276 1587 1423 1626 facimus,
1460 1587 1534 1628 quia
1562 1585 1758 1626 Anspertum
1789 1584 1909 1615 dudum
1929 1591 1953 1610 2⁵

261 1643 538 1683 archiepiscopum
557 1641 831 1672 Mediolanensem
856 1651 913 1681 pro
938 1641 1001 1670 suis
1024 1640 1131 1670 multis
1155 1638 1448 1680 presumptionibus
1473 1640 1505 1668 et
1524 1637 1736 1677 neglegentiis
1753 1637 1817 1667 iam
1834 1636 1910 1666 olim

260 1705 324 1725 una
356 1704 426 1724 cum
456 1696 566 1723 sancta
588 1692 709 1733 synodo
740 1702 830 1723 sacra
855 1692 1077 1722 communione
1101 1691 1305 1731 privavimus.
1353 1689 1417 1721 Sed
1441 1690 1510 1730 ipse
1535 1690 1645 1720 contra
1668 1688 1821 1719 canonica
1845 1691 1909 1719 sta-

261 1746 351 1776 tuta8
375 1749 407 1776 et
431 1747 541 1775 contra
564 1748 706 1775 nostrum
730 1743 941 1784 apostolicum
970 1743 1211 1783 sinodicumque
1240 1741 1391 1772 iudicium
1422 1750 1522 1781 agens
1553 1742 1627 1770 ante
1652 1739 1848 1770 audientiam
1879 1743 1911 1770 et

261 1796 496 1827 absolutionem
515 1796 725 1826 ministerium
748 1805 873 1825 sacrum
898 1805 994 1836 agere
1019 1797 1115 1835 atque
1140 1793 1243 1824 adhue
1269 1792 1566 1824 excommunicatus
1589 1792 1620 1822 in
1637 1792 1696 1823 hac
1714 1791 1911 1823 Bel-cellensi

261 1847 398 1878 ecclesia
421 1850 528 1877 vestra
552 1847 711 1888 quendam
729 1847 829 1877 virum
852 1846 970 1886 Ioseph
993 1846 1130 1885 nomine,
1154 1848 1189 1875 ut
1206 1845 1416 1883 audivimnsa,
1442 1846 1551 1874 contra
1573 1845 1695 1886 regiam
1717 1847 1749 1875 et
1770 1846 1911 1874 nostram
1930 1847 1956 1866 ³0

261 1899 473 1939 apostolicam
495 1899 693 1929 voluntatem
718 1899 903 1939 episcopum
928 1897 1075 1928 ordinare
1101 1903 1222 1928 temere
1247 1896 1449 1937 presumpsit.
1486 1896 1565 1927 Ideo
1590 1899 1622 1927 et
1646 1895 1783 1927 eundem
1807 1895 1910 1926 archi-

262 1951 448 1991 episcopum
473 1952 505 1980 et
522 1949 605 1979 hunc
627 1949 731 1989 ipsum
747 1949 866 1989 Ioseph
883 1950 1062 1979 invasorem
1080 1958 1116 1978 ac
1134 1950 1399 1988 presumptorem,
1423 1958 1485 1978 non
1502 1948 1673 1978 intrantem
1690 1957 1748 1987 per
1765 1947 1911 1986 ostiumb,

261 2001 319 2032 sed
342 2001 485 2039 aliunde,
517 2001 608 2042 quasi
635 2001 738 2031 furem
762 2000 997 2042 ingredientem
1029 2000 1061 2030 in
1091 2000 1193 2030 ovilec
1217 1999 1421 2029 Dominicum
1446 1999 1561 2029 virtute
1589 1999 1689 2029 sancti
1713 1998 1850 2039 Spiritus
1881 2002 1913 2029 et

261 2053 452 2083 auctoritate
470 2051 658 2083 beatorumd
675 2052 764 2083 Petri
781 2062 817 2083 ac
834 2052 937 2091 Pauli,
963 2051 1179 2092 apostolorum
1197 2051 1385 2091 principum,
1410 2052 1583 2091 nostroque
1600 2050 1777 2091 apostolico
1795 2050 1911 2081 iudicio

261 2115 324 2135 una
348 2115 419 2134 cum
442 2103 588 2144 synodali
612 2107 683 2144 cetu
706 2104 1035 2134 reverentissimorum
1061 2103 1283 2143 episcoporum
1313 2102 1399 2132 omni
1423 2101 1599 2142 episcopali
1622 2101 1743 2132 honore
1766 2101 1911 2132 decrevi·
1931 2111 1956 2130 ³⁵

262 2166 332 2186 mus
364 2165 434 2186 esse
465 2155 607 2195 privatos
636 2159 668 2186 et
696 2155 828 2187 alienos.
874 2154 996 2185 Tamen
1026 2154 1141 2184 intuitu
1168 2153 1386 2192 misericordie
1412 2153 1542 2183 decreto
1571 2152 1716 2193 synodali
1744 2153 1912 2184 statuimus

262 2206 429 2238 iamfatuin
453 2206 584 2247 Ioseph,
616 2207 795 2237 invasorem
820 2206 954 2246 ecclesie
979 2208 1083 2244 vestre
1109 2205 1148 2235 de
1179 2204 1290 2235 ordine
1316 2204 1490 2245 episcopali
1516 2204 1691 2243 deiectum,
1722 2205 1752 2234 in
1777 2204 1912 2245 gradum

263 2261 295 2289 et
319 2257 473 2299 ordinem,
498 2269 560 2299 quo
584 2259 671 2299 prius
696 2259 811 2298 extitit,
836 2257 1018 2289 omnimodo
1044 2257 1175 2293 reverti;
1211 2267 1284 2287 nam
1309 2266 1380 2287 cum
1404 2256 1566 2297 predictus
1589 2257 1768 2297 Anspertus
1792 2256 1912 2287 dudum

261 2309 511 2340 Mediolanensis
535 2310 793 2351 archiepiscopus
818 2313 902 2340 esset
926 2309 1116 2350 regulariter
1140 2308 1445 2349 excommunicatus,
1470 2308 1611 2349 aliquam
1633 2307 1685 2338 vel
1709 2308 1911 2338 minimorum

262 2362 294 2391 in
318 2361 454 2391 ecclesia
471 2361 533 2391 Dei
557 2362 829 2392 consecrationem
846 2361 1002 2402 graduum
1024 2360 1128 2392 facere
1151 2360 1237 2391 nullo
1255 2360 1351 2391 modo
1373 2360 1486 2400 potuit,
1512 2364 1578 2397 quia
1587 2360 1607 2396 ⁹,
1630 2364 1705 2397 quod
1725 2373 1781 2390 non
1802 2364 1910 2397 habuit,
1930 2368 1956 2387 40

366 2455 389 2485 ὃ)
409 2454 480 2486 eccle
499 2455 530 2480 R.
620 2454 644 2488 b)
664 2454 740 2487 apicii
759 2456 790 2480 R.
879 2456 902 2487 c)
921 2460 1050 2488 aspertum
1069 2456 1101 2480 R.
1185 2454 1209 2486 d)
1228 2456 1347 2480 -eelleusi
1366 2454 1424 2480 ecia
1442 2455 1469 2480 in
1487 2463 1539 2480 ras.
1558 2455 1590 2480 R.
1673 2453 1695 2487 Θ)
1715 2455 1860 2480 incolumen
1880 2455 1911 2480 R.

366 2505 424 2531 248.
452 2506 475 2539 a)
494 2508 631 2532 audnimns
651 2508 681 2533 R.
764 2507 789 2538 b)
809 2509 918 2532 hostium
938 2508 971 2533 R.
1054 2508 1075 2538 ί“)
1095 2508 1120 2531 in
1140 2516 1167 2531 o-
1186 2507 1213 2531 in
1232 2515 1284 2531 ras.
1299 2507 1334 2532 al.
1348 2515 1417 2531 man.
1437 2506 1468 2530 R.
1524 2497 1527 2499 .
1563 2505 1588 2539 d)
1607 2507 1779 2539 apostolorum
1798 2506 1860 2531 add.
1879 2506 1911 2530 R.

368 2575 393 2606 1)
414 2573 454 2605 Cf.
474 2582 500 2600 n.
515 2578 576 2607 228,
597 2583 626 2608 p.
640 2578 691 2601 202
709 2579 802 2601 amiot.
816 2579 838 2601 6.
932 2576 957 2608 2)
978 2575 1015 2606 Cf.
1033 2574 1096 2600 ibid.
1116 2577 1210 2600 annot.
1223 2577 1247 2599 8.
1342 2573 1369 2607 3)
1388 2573 1542 2607 Iosephnm,
1562 2575 1596 2607 cf.
1615 2581 1642 2599 n.
1656 2576 1716 2599 248.
1803 2573 1831 2606 4)
1850 2572 1912 2599 Son.

264 2615 289 2641 cl.
304 2619 341 2642 15.
355 2615 472 2642 Octobris
490 2617 627 2650 celebrata,
646 2618 679 2649 cf.
694 2626 720 2644 n.
734 2622 789 2644 228.
860 2619 886 2650 5)
908 2618 948 2649 Cf.
963 2626 1009 2644 nn.
1021 2622 1072 2649 171¹,
1087 2622 1150 2649 194,-
1168 2617 1213 2643 sed
1229 2625 1308 2650 papa
1322 2617 1416 2649 potius
1435 2625 1452 2642 a
1469 2624 1527 2650 rege
1544 2616 1698 2649 Gospertum
1715 2616 1747 2641 in
1764 2616 1912 2649 episcopum

264 2659 412 2692 expetierat.
497 2661 523 2693 6)
542 2660 603 2687 Scil.
624 2662 678 2687 rii-o
695 2669 752 2694 orc,·
770 2670 834 2687 nam
853 2669 890 2694 ep.
909 2670 935 2686 n.
949 2664 1008 2694 233,
1029 2669 1080 2694 qua
1096 2669 1174 2693 papa
1190 2660 1295 2693 gyratias
1313 2660 1369 2693 reyi
1387 2659 1419 2685 de
1438 2667 1550 2685 assensn
1568 2659 1630 2692 ayit,
1648 2661 1707 2692 post
1725 2661 1842 2684 nostram
1861 2658 1912 2684 col·
1930 2664 1959 2682 4⁵

264 2701 378 2728 locanda
397 2705 442 2728 est.
539 2703 566 2735 7)
587 2703 628 2735 Cf.
647 2712 694 2728 nn.
709 2707 764 2735 228,
785 2708 842 2731 247.
934 2705 960 2737 8)
983 2704 1022 2736 Cf.
1039 2712 1066 2736 P.
1081 2707 1129 2729 202
1149 2705 1240 2729 annot.
1254 2707 1277 2729 6.
1369 2702 1396 2736 9)
1417 2702 1457 2734 Of.
1478 2702 1631 2728 Innocent'ii
1648 2701 1673 2728 Ι.
1693 2702 1764 2735 epist.
1784 2701 1820 2727 ad
1837 2701 1911 2734 episc.

264 2745 439 2771 Macedoniae
457 2745 595 2779 (Dionysii
615 2746 676 2773 Coll.
690 2746 756 2772 decr.
772 2747 926 2773 Innocentii
944 2756 964 2772 (J.
978 2750 1016 2779 53,
1036 2746 1073 2772 ed.
1088 2747 1181 2780 Miyne
1201 2745 1328 2777 LXVII,
1348 2746 1416 2779 259),
1435 2745 1508 2776 Jaffe
1527 2744 1593 2779 Ray.
1608 2747 1659 2771 303
1677 2744 1757 2778 (100).
