2189 3042
119 973 144 992 10

121 1226 143 1245 15

119 1779 144 1799 25

121 2037 146 2056 30

123 2376 147 2396 85

458 176 636 204 IOHANNIS
650 176 724 204 VIII.
744 175 865 203 PAPAE
884 175 1081 203 EPISTOLAE
1100 175 1230 202 PASSIM
1248 174 1458 202 COLLECTAE
1476 175 1500 202 4.
1514 176 1538 202 5.
1764 178 1823 207 317

171 274 239 296 sem
256 265 443 306 episcopum
459 263 575 305 prolati
591 264 785 305 apostolatui
801 266 909 294 nostro
931 263 1049 303 retulit,
1067 263 1253 304 agnovimus
1269 263 1386 293 iustum
1403 262 1501 292 fuisse
1519 263 1646 292 omnino
1663 262 1825 295 iudicium.

171 315 286 358 Neque
311 317 394 347 enim
418 318 525 347 tantus
549 316 696 356 princeps
719 315 779 346 nisi
795 315 930 346 veritate
948 314 1061 345 fultum
1079 315 1249 356 quicquam
1266 317 1393 355 poterat
1409 313 1580 347 affirmare.
1619 312 1712 345 Unde
1736 314 1826 344 nefas

171 378 242 400 esse
272 367 419 398 duximus
451 367 518 398 eius
547 367 695 398 relationi
725 377 787 397 non
816 366 972 407 praebere
1000 367 1220 397 incunctanter
1250 365 1404 397 auditum.
1451 365 1527 396 Noli
1555 375 1632 406 ergo
1656 365 1720 396 iam
1744 376 1826 397 nunc

173 420 342 451 ecclesiam
366 419 616 450 Laudunensem
639 418 802 449 viduatam
829 421 862 449 et
885 419 953 449 sine
976 418 1132 458 regimine
1157 417 1312 458 pastorali
1328 417 1500 461 dimittere,
1526 417 1582 447 sed
1606 416 1825 448 indifferenter

172 471 310 502 electum
335 474 367 502 et
391 471 430 501 de
447 470 669 501 Laudunensis
697 470 852 501 ecclesiae
877 470 962 500 clero
987 470 1088 500 virum
1112 469 1263 500 idoneum
1288 471 1321 500 et
1344 470 1375 500 in
1400 479 1462 509 quo
1487 469 1628 499 onmium
1651 472 1726 500 vota
1750 479 1825 500 con-

170 523 319 560 sentiant,
353 522 458 553 eidem
483 522 637 552 ecclesiae
674 521 812 562 praefice
844 531 974 562 prorsus
1005 521 1190 561 episcopum
1203 522 1223 552 1.
1275 520 1334 551 Oui
1367 520 1516 551 electioni
1550 521 1696 551 volumus
1729 520 1826 551 etiam

171 575 303 605 missum
326 573 463 614 praelati
487 573 620 613 piissimi
643 572 846 613 imperatoris
870 572 1036 612 interesse,
1061 575 1095 602 ut
1118 572 1185 602 sine
1216 571 1427 603 saecularium
1452 573 1587 612 strepitu
1615 573 1700 603 omni
1721 572 1824 603 latere

170 625 245 657 talis
275 626 422 666 eligatur,
456 625 507 665 qui
549 627 642 664 aptus
672 624 769 655 sacris
799 623 973 654 canonibus
1004 633 1073 654 esse
1105 623 1208 654 modis
1239 623 1385 654 omnibus
1414 623 1620 665 approbetur.
1668 623 1825 665 Optamus

171 677 375 708 sanctitatem
399 679 487 707 tuam
511 676 541 706 in
566 675 692 706 Christo
717 674 800 705 bene
825 674 963 705 valerex*

984 902 1012 922 ο.

276 960 432 991 Iohannes
462 959 560 990 VIII.
579 969 669 1000 papa
698 959 855 999 episcopos
884 962 912 990 et
943 959 1065 990 comites
1096 958 1297 989 occidentalis
1321 958 1483 990 Franciae
1512 962 1623 997 mouet,
1654 964 1686 992 ut
1711 962 1743 991 ιή
1766 962 1828 1000 side

172 1011 289 1044 Karoli
311 1010 433 1053 (Calvi)
455 1010 660 1050 imperatoris
688 1010 769 1041 sicut
798 1010 947 1041 haetenus
972 1012 1170 1050 perseverent
1199 1012 1227 1040 et
1256 1020 1324 1041 oum
1355 1009 1471 1050 leyatis,
1500 1020 1577 1051 quos
1604 1011 1647 1042 (ιιῐ
1674 1013 1827 1052 synodum

172 1061 458 1104 (Pontiyonensem)
487 1062 530 1092 ad
566 1061 781 1093 ewamimmda
818 1064 848 1093 et
880 1061 1074 1101 diffinienda
1107 1062 1227 1101 negotia
1262 1062 1344 1093 inter
1373 1061 1547 1102 (Karolzcm
1578 1065 1606 1093 et
1636 1063 1829 1096 Ludovicum

175 1114 414 1154 Germanicum)
437 1114 556 1151 fratres
579 1116 685 1144 exorta
707 1113 835 1150 miserit,
859 1113 1055 1144 conveniant.
1476 1115 1539 1144 87¹6
1562 1114 1654 1145 Febr.
1674 1117 1723 1146 17.

276 1181 364 1208 Edd:
384 1181 513 1208 Sirmond
528 1181 609 1209 Cone.
623 1185 679 1208 ant.
695 1181 803 1208 Galliae
818 1181 875 1214 111,
886 1184 939 1207 428
957 1189 984 1207 n.
994 1185 1009 1207 5
1022 1189 1035 1207 e
1047 1181 1120 1207 codd.
1130 1190 1151 1208 s.
1162 1181 1279 1215 Remigii
1292 1182 1431 1208 Remensis
1445 1185 1468 1208 et
1484 1182 1646 1209 Vim—dammi
1659 1196 1689 1206 =
1705 1184 1829 1217 Bouquet

174 1225 284 1252 Recueiz
297 1225 360 1257 VII,
371 1229 420 1251 462
430 1233 458 1251 n.
471 1230 485 1251 5
500 1237 527 1246 z
544 1225 578 1251 M
580 1225 643 1251 ansi
659 1224 736 1251 Cone.
748 1225 806 1251 coll.
817 1224 914 1257 XVII,
923 1227 971 1250 233
989 1232 1016 1251 π.
1032 1227 1079 1250 31ῖ
1092 1235 1122 1246 =
1138 1224 1232 1259 Miyme
1246 1224 1321 1251 Patr.
1333 1225 1378 1252 lat.
1391 1225 1522 1258 CXXVI,
1534 1229 1581 1252 664
1600 1234 1627 1254 n.
1638 1230 1679 1252 20.
1699 1241 1732 1246 -
1752 1227 1831 1261 siey..-

173 1268 246 1301 Jaffe
265 1271 332 1296 3037
349 1269 447 1301 (2265).

275 1360 511 1392 &Benedictus
524 1360 613 1391 Deus
631 1363 663 1391 et
679 1363 771 1401 pater
785 1360 905 1391 domini
921 1361 1021 1391 nostri
1034 1360 1107 1391 Iesu
1121 1359 1249 1398 Christi,
1267 1361 1321 1401 qui
1334 1364 1460 1391 vestrae
1477 1361 1669 1392 sinceritatis
1684 1361 1825 1403 fideique

173 1463 282 1495 domni
306 1463 418 1494 Karoli
441 1463 592 1505 spiritalis
614 1463 671 1494 filii
694 1463 791 1494 nostri
816 1473 1008 1504 semperque
1033 1463 1161 1504 augusti
1183 1463 1339 1494 hactenus
1366 1473 1429 1494 non
1456 1463 1599 1495 indebite
1627 1465 1705 1496 fecit
1727 1467 1829 1506 persi-

174 1518 258 1547 stere
283 1518 316 1546 et
339 1515 449 1556 quanti
472 1515 587 1546 caloris
611 1515 642 1545 in
665 1515 756 1546 vobis
780 1515 896 1546 caritas
914 1515 1031 1556 vigeat,
1056 1515 1139 1545 dono
1156 1515 1280 1556 gratiae
1296 1515 1455 1555 largitatis
1472 1526 1548 1546 suae
1566 1516 1680 1547 clarius
1697 1517 1828 1550 demon-

173 1568 294 1607 stravit,
319 1570 475 1608 quatenus
498 1570 607 1598 notam
631 1566 754 1598 faceret
775 1566 925 1608 gentibus
947 1567 1098 1597 virtutem
1122 1566 1243 1607 gloriae
1268 1576 1345 1597 suae
1370 1570 1402 1597 et
1426 1567 1552 1598 divitias
1576 1567 1728 1600 bonitatis
1751 1580 1829 1602 suae

173 1619 214 1651 ad
246 1618 426 1660 profectum
458 1618 601 1650 fidelium
634 1623 666 1651 et
693 1619 735 1650 ad
767 1619 998 1650 correctionem
1034 1618 1210 1649 infidelium
1240 1618 1388 1649 omnibus
1421 1619 1590 1653 revelaret,
1637 1621 1830 1653 Ostendistis

174 1671 268 1711 enim,
293 1671 458 1711 carissimi,
483 1673 636 1712 quantum
660 1671 701 1701 sit
717 1681 794 1712 erga
810 1671 898 1711 pacis
919 1674 951 1702 et
967 1669 1157 1701 concordiae
1175 1669 1294 1701 cultum
1310 1672 1436 1702 vestrae
1454 1670 1701 1704 benevolentiae
1718 1673 1830 1715 benig-

172 1734 231 1754 nus
253 1722 397 1763 affectus,
426 1725 458 1753 et
481 1722 639 1763 implestis
662 1732 770 1763 opere,
802 1722 889 1763 quod
912 1722 981 1763 ipse
1005 1732 1024 1753 a
1047 1721 1139 1752 vobis
1163 1722 1264 1762 exigit
1287 1721 1433 1753 Christus
1456 1722 1566 1754 dicens
1589 1724 1620 1754 in
1645 1725 1829 1766 evangelio:

172 1775 300 1806 ‘Omnia
331 1784 552 1816 quaecumque
576 1773 682 1814 vultis,
712 1777 747 1805 ut
777 1773 896 1805 faciant
923 1773 1012 1805 vobis
1036 1773 1192 1813 homines,
1224 1777 1257 1805 et
1285 1784 1341 1805 vos
1365 1774 1462 1805 facite
1485 1774 1573 1811 illis’;
1607 1779 1639 1806 et
1666 1777 1831 1817 apostolus

171 1826 228 1857 ait:
252 1825 363 1856 ‘Fides
379 1825 446 1857 sine
464 1825 615 1866 operibus
630 1828 757 1856 mortua
781 1828 849 1857 est'.
881 1825 977 1857 Unde
993 1828 1102 1856 noster
1117 1825 1316 1866 apostolatus
1332 1826 1510 1857 immensae
1526 1827 1671 1858 laetitiae
1687 1829 1830 1869 repletus

171 1877 310 1919 tripudio
334 1878 472 1918 primum
497 1877 626 1918 quidem
650 1876 722 1908 Deo
746 1877 958 1918 omnipotenti
981 1877 1177 1908 sufficientes
1201 1888 1238 1908 ac
1261 1877 1374 1909 laudes
1398 1877 1534 1918 debitas,
1563 1879 1637 1919 quia
1661 1879 1739 1910 nihil
1762 1881 1829 1913 sine

173 1939 211 1960 eo
236 1929 342 1960 facere
366 1939 545 1970 possumuS‚
569 1928 679 1960 retulit
703 1931 735 1960 et
759 1928 858 1969 vobis,
888 1929 943 1970 qui
967 1928 1108 1960 studiose
1138 1932 1227 1960 tanto
1257 1930 1444 1970 imperatori
1468 1930 1566 1961 fidem
1589 1931 1830 1963 immaculatam

172 1981 331 2021 servastis,
355 1980 562 2011 multimodas
585 1981 761 2021 gratiarum
781 1981 925 2012 actiones
945 1991 1044 2021 agere
1061 1980 1231 2022 dignisque
1247 1991 1304 2012 vos
1319 1981 1435 2013 efferre
1459 1982 1607 2013 laudibus
1622 1993 1686 2013 non
1702 1984 1829 2015 omittit.

173 2032 349 2073 Siquidem,
374 2031 582 2072 dilectissimi,
606 2032 682 2063 satis
698 2031 788 2063 vobis
812 2032 987 2073 prudenter
1010 2033 1222 2073 consuluistis,
1247 2033 1374 2074 quando
1399 2033 1478 2073 aliis,
1504 2033 1590 2074 quod
1612 2034 1725 2065 flentes
1749 2035 1827 2066 dici—

174 2095 254 2125 mus,
287 2084 337 2115 vel
366 2086 480 2124 sponte
510 2084 561 2115 vel
591 2083 706 2115 callide
737 2094 774 2115 ac
805 2084 1027 2116 fraudulenter
1057 2084 1200 2126 deceptis
1223 2095 1290 2125 vos,
1323 2085 1405 2115 sicut
1435 2084 1585 2124 diximus,
1617 2084 1693 2116 fidei
1723 2087 1830 2118 calore

174 2138 302 2167 utentes
326 2139 358 2166 et
381 2135 487 2166 Deum
510 2146 587 2176 prae
612 2135 711 2167 oculis
734 2135 891 2167 habentes
914 2136 1058 2167 noluistis
1081 2136 1263 2177 iniquorum
1287 2137 1339 2168 vel
1363 2140 1569 2177 tyrannorum
1593 2136 1732 2173 fascibus
1754 2149 1832 2170 oner

173 2188 236 2218 rari
259 2187 311 2218 vel
334 2187 497 2227 maculari,
523 2187 597 2228 quin
620 2186 727 2227 potius
751 2187 920 2227 restitistis,
944 2186 1155 2228 pravitatibus
1179 2197 1290 2219 eorum
1314 2198 1377 2219 non
1407 2189 1610 2219 consensistis
1634 2192 1666 2221 et
1688 2190 1830 2230 peccatis

174 2238 286 2270 alienis
310 2238 440 2268 minime
464 2239 732 2269 communicastis.
778 2237 902 2269 Idcirco
932 2237 1033 2269 libere
1057 2238 1164 2270 dicere
1191 2239 1354 2270 valebitis:
1385 2239 1469 2271 ‘Non
1498 2240 1645 2271 adhaesit
1672 2240 1749 2271 mihi
1777 2251 1827 2272 co—

270 2367 295 2400 *)
314 2366 405 2393 Data²
423 2367 466 2393 est
479 2365 584 2392 Romae
597 2366 770 2394 Theoderico
789 2366 864 2394 iussu
878 2376 969 2401 papae
982 2367 1113 2394 Iohannis
1132 2369 1161 2395 et
1172 2367 1267 2394 domni
1280 2368 1377 2395 Karoli
1396 2369 1462 2395 novi
1480 2368 1658 2402 imperatoris
1672 2377 1721 2403 per
1733 2378 1831 2396 manus

314 2408 456 2436 Anastasii
483 2409 694 2436 bibliothecarii
722 2409 752 2436 in
779 2410 929 2437 secretario
955 2411 1089 2437 ecclesiae
1120 2411 1211 2437 sancti
1240 2411 1316 2438 Petri
1348 2420 1421 2438 anno
1449 2411 1651 2438 incarnationis
1675 2412 1831 2439 dominicae

314 2451 531 2484 DCCCLXXVI,
549 2452 630 2479 nonis
648 2452 780 2485 Ianuarii,
799 2453 951 2480 indictione
965 2453 1055 2486 VIIII,
1075 2455 1104 2480 et
1122 2454 1217 2481 delata
1235 2456 1278 2481 est
1297 2455 1332 2481 ab
1351 2455 1448 2482 eodem
1467 2455 1638 2482 Theoderico
1664 2455 1693 2481 in
1712 2455 1830 2482 civitate

316 2495 409 2521 Remis
429 2494 577 2522 Hincmaro
595 2495 744 2522 Remorum
762 2496 973 2530 archiepiscopo
992 2496 1088 2524 eodem
1107 2506 1180 2523 anno
1199 2499 1228 2524 et
1246 2498 1343 2524 eadem
1363 2498 1524 2530 indictione,
1540 2498 1572 2525 V.
1586 2498 1648 2525 idus
1667 2498 1771 2525 Martii.

254 2543 296 2576 m²)
315 2542 451 2576 Superscr.
466 2542 540 2575 apud
558 2542 651 2570 Βίωνι..-
670 2543 712 2569 Ad
731 2543 877 2578 episcopos
897 2547 926 2571 et
945 2544 1060 2571 comites
1080 2544 1110 2570 in
1124 2552 1209 2579 regno
1229 2544 1322 2571 Caroli
1342 2545 1517 2572 constitutos.

282 2626 306 2657 1)
325 2625 370 2651 Ad
391 2625 455 2651 haee
479 2625 581 2651 monita
602 2633 693 2658 papae
711 2625 879 2657 Hedenulfus
902 2626 1039 2659 episeopus
1062 2626 1156 2652 electus
1173 2628 1217 2658 est,
1243 2628 1278 2660 cf.
1296 2626 1429 2653 decretum
1446 2627 1577 2653 electionis
1596 2627 1631 2652 ad
1649 2626 1831 2652 Hincmmum

177 2667 327 2694 Remensem
340 2668 471 2694 directam
483 2667 524 2694 die
533 2672 574 2694 28.
584 2668 683 2694 Martii
694 2672 749 2700 876,
761 2668 799 2695 ed.
807 2668 895 2694 Labbe
908 2668 1030 2694 C'oneilia
1036 2669 1091 2701 IX,
1098 2672 1156 2701 280,
1165 2671 1189 2695 ct
1202 2669 1394 2704 apoloyeticum
1404 2670 1559 2702 Hincmari,
1571 2669 1647 2695 cuius
1657 2668 1831 2695 Flodoardus

176 2711 294 2737 meminit
311 2711 342 2737 in
360 2711 488 2737 Historia
508 2711 643 2737 Remensis
661 2711 785 2737 ecclesiae
803 2710 864 2744 III,
876 2714 914 2743 21,
932 2711 972 2737 ed.
986 2711 1054 2738 ΜΘ.
1068 2711 1115 2738 SS.
1130 2711 1220 2745 XIII,
1233 2716 1285 2739 515.
1391 2713 1418 2747 2)
1440 2712 1517 2738 Haec
1540 2713 1570 2738 in
1591 2712 1660 2738 ealce
1682 2711 1831 2745 apoyraphi

176 2754 215 2779 vel
231 2754 265 2779 ab
283 2754 341 2787 ipso
356 2754 518 2780 Theoderico
536 2754 574 2780 vel
590 2753 737 2780 secundum
754 2754 810 2780 eius
828 2754 982 2781 relationem
995 2754 1086 2781 Remis
1098 2755 1129 2781 in
1141 2756 1282 2782 secretario
1295 2756 1441 2782 Hincmari
1454 2755 1654 2788 archiepiscopi,
1673 2757 1704 2781 ut
1716 2755 1829 2788 videtur,

178 2796 273 2823 addita
291 2799 363 2824 swnt.
402 2796 534 2830 Quisnam
552 2797 636 2830 fuerit
658 2797 836 2824 Theodericus
853 2797 906 2828 ille,
925 2806 981 2824 non
999 2800 1110 2825 constat.

1843 1376 1871 1398 cs.
1886 1379 1904 1397 1.
1914 1376 1974 1396 Petr.
1987 1378 2006 1400 1,
2015 1377 2036 1396 a.

1890 1403 1910 1423 B.
1920 1401 1968 1424 eor.
1978 1401 2001 1426 1,
2009 1405 2028 1424 3.

1888 1427 1945 1454 Eph.
1956 1428 1978 1451 1.
1988 1430 2009 1448 ³.

1846 1789 1922 1810 Mntth.
1933 1792 1992 1814 7,12.

1847 1842 1889 1861 lac.
1901 1843 1921 1866 2,
1928 1843 1960 1863 2⁰.

1844 1893 1873 1914 cf.
1882 1894 1914 1913 Io.
1925 1895 1958 1917 15,
1966 1896 1984 1915 b.

1842 2048 1871 2067 cf.
1882 2047 1939 2069 Phil.
1951 2050 1969 2069 ³.
1981 2050 2010 2068 18.

1843 2254 1878 2274 1¹5.
1891 2257 1935 2279 100,
1943 2257 1961 2274 3.
