2189 3042
246 151 307 181 208
676 143 852 171 IOHANNIS
871 143 946 170 vm.
966 142 1084 168 PAPAE
1106 142 1305 169 EPISTOLAE
1329 142 1388 169 234.
1407 141 1466 168 235.

578 249 725 274 DILECTO
748 249 791 272 AC
815 248 985 272 SPIRI'PALI
1008 247 1100 272 FILIO
1123 247 1262 272 KAROLO
1284 246 1452 272 GLORIOSO
1476 247 1565 271 REGI.

354 306 442 336 Sicut
459 303 758 345 nostro'presulatui
776 303 887 334 vestris
902 302 966 333 iam
984 302 1058 333 olim
1076 301 1239 343 regalibus
1256 301 1417 333 direxistis
1434 300 1578 342 apicibus
1591 302 1611 341 ¹,
1635 304 1670 332 ut
1685 301 1734 332 his
1750 301 1897 332 kalendis

245 356 481 389 Novembribus
505 357 568 387 iam
593 356 761 386 transactis
780 354 872 385 vobis
888 354 1023 395 Papiam
1042 354 1189 385 obviama
1208 354 1318 384 venire
1335 353 1538 392 deberemus,
1563 356 1720 394 quatenus
1736 353 1897 383 communi

245 409 338 439 simul
356 410 493 439 tractatu
516 418 564 446 ca,
591 418 651 448 que
675 410 783 446 sancte
801 406 935 446 ecclesie
952 406 1015 436 Dei
1038 405 1129 436 utilia
1153 408 1225 436 sunt
1249 408 1282 436 et
1305 406 1396 446 regni
1418 404 1584 436 stabilitati
1600 404 1751 445 proficua,
1776 404 1898 445 pariter

246 459 537 491 considerassemus
557 458 796 498 stabilitateque
820 460 977 498 perpetua
994 457 1218 496 firmassemus,
1243 456 1304 487 hoc
1321 457 1450 498 quidem
1475 455 1570 487 avida
1594 466 1635 487 ex
1651 459 1725 486 tunc
1742 455 1897 496 perficere
1930 471 1946 490 5.

244 514 351 542 mente
376 511 480 551 parati
505 509 699 540 existimusb.
739 508 804 540 Sed
829 509 904 550 quia
928 519 983 539 vos
1008 508 1135 539 Italiam
1158 508 1326 538 introisse2
1351 508 1508 547 audimus,
1530 507 1626 538 valde
1649 507 1755 538 mirati
1779 517 1897 547 sumus,

245 573 340 603 quam
358 561 398 592 ob
414 572 482 592 rem
500 565 639 591 vestrum
664 561 755 591 uobis
775 560 949 591 adventum
967 570 1023 600 per
1041 559 1231 599 excellentie
1248 562 1353 599 vestre
1370 559 1558 590 mellifluosc
1576 559 1685 599 apices
1709 561 1741 589 et
1764 558 1899 589 idoneos

247 614 370 654 legatos
387 613 555 654 *cognitum
580 612 709 643 minime
734 612 885 652 feceritis,
910 622 983 642 nam
1006 614 1139 652 paterno
1160 621 1216 641 vos
1240 610 1358 642 affectu
1379 611 1550 652 diligentes
1574 610 1708 651 speciali
1729 610 1899 641 dumtaxat

246 665 361 695 intuitu
391 664 646 705 magnitudinem
676 667 815 694 vestram
847 673 978 694 cernere
1010 662 1240 701 desideramus,
1270 662 1408 693 filiorum
1433 662 1610 701 karissime.
1656 661 1748 692 Nunc
1775 662 1898 702 itaque,

245 717 269 746 si
295 717 423 746 omnino
447 726 558 746 vorum
583 720 631 746 est
655 714 753 757 [vos]d
778 716 841 746 iam
865 715 1002 755 Papiam
1027 715 1165 755 venisse,
1193 715 1354 754 volumus,
1384 717 1419 744 ut
1443 714 1578 744 eximios
1603 724 1644 744 ex
1666 713 1768 744 latere
1792 716 1898 744 vestro
1919 729 1943 747 ιο

246 768 336 798 nobis
367 768 511 808 dirigatis
539 767 664 808 legatos
695 767 904 797 honorificase
928 766 1012 797 sedis
1034 766 1209 807 apostolice
1234 766 1357 796 litteras
1382 765 1580 805 deferentes,
1609 764 1725 805 quibus
1748 763 1900 795 videlicet

246 819 422 860 perspectis
459 819 500 849 ad
535 822 674 849 vestram
708 828 882 859 properare
918 818 1123 849 serenitatem
1159 827 1393 858 communeque
1429 816 1646 858 colloquium³
1680 816 1900 847 indubitanter

245 871 421 909 valeamus,
446 871 530 911 quia,
555 881 626 900 cum
650 869 721 901 Deo
745 870 884 910 propitio
908 869 1071 900 vobiscum
1096 869 1250 900 fuerimus
1273 869 1443 909 coniuncti,
1469 869 1585 909 omnia,
1610 878 1671 909 que
1695 867 1757 898 adg
1774 867 1899 898 exalta-

246 923 365 953 tionem
390 925 497 962 sancte
522 921 606 952 sedis
631 921 806 962 apostolice
831 922 943 952 matris
962 924 1067 960 vestre
1093 924 1126 951 et
1145 920 1186 951 ad
1202 923 1344 951 vestrum
1361 930 1398 951 ao
1414 923 1557 951 nostrum
1573 919 1721 951 videntur
1736 919 1899 960 pertinere

246 973 415 1013 honorem,
450 973 520 1004 Deo
551 973 677 1004 favente
706 973 801 1003 fac-ile
825 973 1002 1013 poterimus
1025 972 1191 1013 perficere.
1237 971 1301 1002 Pro
1327 971 1441 1012 quibus
1464 971 1554 1002 vobis
1585 974 1617 1003 et
1646 972 1678 1002 in
1701 971 1763 1002 hoc
1792 970 1899 1010 seculo
1919 986 1942 1005 15

247 1025 349 1066 gloria
374 1025 593 1065 multipliciter
612 1028 769 1065 augeatur
792 1035 811 1055 a
827 1024 965 1055 Domino
991 1028 1022 1054 et
1045 1024 1075 1054 in
1101 1024 1211 1064 celesti
1228 1023 1435 1064 postmodum
1451 1023 1583 1065 regione
1600 1033 1725 1054 merces
1741 1025 1900 1063 perpetua

246 1076 358 1117 procul
382 1076 478 1107 dubio
503 1075 669 1106 tribuatur.

350 1137 444 1161 DATA
464 1138 509 1161 UT
529 1138 644 1161 SUPRA.

305 1327 353 1362 IN
386 1326 566 1362 NOMINE
595 1327 762 1362 DOMINI
794 1327 968 1362 INCIPIT
997 1327 1239 1363 REGISTRO
1270 1327 1440 1363 DOMNIa
1466 1326 1692 1363 IOHANNIS
1723 1326 1847 1375 PAPP}

661 1391 721 1426 DE
753 1391 1024 1444 INDICTIONE
1052 1392 1255 1435 QUARTA
1283 1391 1493 1427 DECIMA}
1919 1414 1944 1432 20

1037 1481 1108 1510 235.

357 1537 515 1568 Iohannes
537 1538 632 1569 VIII.
659 1548 747 1578 papa
776 1538 956 1569 Romanum
985 1538 1254 1578 archiepiscopum
1281 1538 1498 1570 Ravennatem
1528 1538 1572 1569 ad
1601 1538 1754 1578 synodum
1780 1538 1899 1570 Romae

250 1589 280 1619 d.
303 1589 348 1618 12.
365 1588 505 1620 Octobris
528 1588 744 1620 celebrandam
768 1600 837 1620 cum
860 1589 1074 1629 suffiayaneis
1096 1590 1200 1620 venire
1223 1590 1336 1621 'iterum
1363 1590 1453 1621 iubet.
1571 1590 1634 1620 879
1658 1589 1741 1628 Sept.
1759 1589 1811 1620 21.

364 1657 423 1683 0001.
430 1665 437 1682 .·
466 1657 493 1683 R
509 1659 529 1690 s.
545 1659 594 1687 93(
609 1666 635 1683 η.
650 1661 705 1683 237.

352 1708 436 1734 EM..-
464 1708 558 1733 Editio
574 1708 699 1734 Romana
713 1710 797 1742 (1591)
810 1709 871 1741 ΙΙΙ,
884 1714 929 1735 451
948 1718 972 1735 η.
985 1714 1031 1735 219
1051 1710 1085 1742 [I.
1104 1711 1176 1743 220].
1208 1710 1303 1735 Mami
1324 1710 1403 1736 Cone.
1418 1710 1474 1735 coll.
1489 1709 1589 1741 XVII,
1604 1713 1654 1735 164
1674 1717 1699 1735 n.
1710 1712 1766 1735 220.
1804 1709 1899 1743 Miyne

251 1751 325 1777 Patr.
339 1752 384 1777 lat.
401 1751 533 1783 CXXVI,
555 1756 603 1777 ⁸85
621 1760 647 1777 a.
662 1755 717 1777 264.
737 1768 769 1770 —
789 1752 865 1783 Jaffc}
886 1752 948 1785 Ray.
963 1756 1027 1778 3292
1045 1753 1138 1786 (2511).
1917 1765 1942 1783 25

251 1835 544 1859 REVERENTISSIMO
564 1836 606 1858 ET
626 1835 847 1859 SANCTISSIMO
867 1835 1010 1860 ROMANO
1030 1836 1299 1859 ARCHIEPISCOPO
1319 1835 1449 1871 SANCTJ}
1473 1835 1634 1869 ECCLESII}
1656 1835 1899 1860 RAVENNATIS5.
1946 1826 1947 1830 Ἰ

359 1888 447 1920 Sicut
480 1889 563 1919 iamb
594 1889 668 1919 olim
698 1892 802 1928 vestre
832 1890 1035 1930 precepimus
1063 1890 1274 1930 reverentiefl,
1310 1894 1343 1920 ut
1374 1900 1432 1930 pro
1463 1889 1570 1920 multis
1602 1889 1810 1920 ecclesiarum
1838 1889 1900 1920 Dei

249 1940 494 1971 necessitatibus
512 1940 589 1970 HH.
608 1940 678 1970 idus
696 1940 843 1971 Octobris
860 1940 997 1971 Romam
1017 1942 1183 1972 venientes
1207 1941 1363 1982 synodum
1385 1942 1506 1982 pariter
1528 1941 1776 1981 celebraremus,
1800 1946 1900 1971 nuncc

248 1993 365 2022 iterato
389 1992 437 2022 his
461 1992 662 2032 apostolatus
685 1993 784 2022 nostri
808 1992 922 2023 litteris
947 1992 1138 2023 fraternitati
1156 1996 1260 2033 vestre
1284 1992 1442 2033 iubemus7
1466 1995 1501 2023 ut
1525 1993 1610 2023 omni
1633 2002 1723 2022 mora
1739 1992 1790 2023 vel
1807 2002 1899 2022 occa-

251 2045 338 2074 sione
368 2044 545 2084 postposita
576 2043 616 2074 ad
649 2043 908 2074 denominatamd
932 2044 1089 2084 synodum
1101 2045 1122 2084 7,
1154 2054 1249 2085 quam
1274 2043 1345 2075 Deo
1370 2047 1501 2075 auctore
1530 2044 1561 2074 in
1585 2043 1729 2084 predicto
1754 2046 1900 2084 tempore
1919 2063 1945 2082 30

253 2095 446 2125 celebraturi
475 2095 591 2125 erimus
620 2095 650 2125 in
677 2095 813 2125 ecclesia
843 2095 930 2125 beati
953 2095 1043 2126 Petri
1067 2096 1217 2136 principis
1242 2096 1477 2136 apostolorum,
1508 2106 1579 2126 cum
1603 2095 1816 2136 suffraganeis
1840 2095 1902 2125 tuis

252 2147 410 2187 episcopis
435 2156 603 2176 occurrere
627 2146 808 2177 nullatenus
830 2148 1086 2187 pretermittatis⁷
1112 2148 1186 2188 quia
1209 2158 1267 2178 nos
1292 2149 1432 2178 omnium
1458 2147 1665 2178 ecclesiarum
1685 2146 1748 2177 Dei
1772 2146 1902 2177 utilitati

253 2201 285 2228 ct
309 2198 508 2237 exaltationi,
533 2198 615 2228 sicut
638 2201 776 2238 oportet,
800 2199 868 2238 pari
891 2208 1047 2229 consensu
1065 2202 1097 2229 et
1121 2199 1252 2230 decreto
1276 2209 1366 2230 more
1390 2208 1611 2240 precessorum
1627 2200 1809 2228 nostrorum
1826 2208 1900 2228 con-

253 2249 377 2280 suleree
405 2249 561 2279 volumus.
611 2248 653 2279 Et
687 2249 761 2280 ideo
788 2252 927 2280 vestram
964 2250 1139 2281 secundum
1180 2261 1286 2282 sacros
1322 2260 1461 2281 canones
1496 2250 1740 2280 unanimitatem
1773 2249 1904 2280 adessef

355 2359 412 2385 234.
441 2360 463 2391 ³)
482 2369 498 2384 v
518 2370 583 2386 corr.
597 2370 627 2385 ex
647 2362 661 2386 b
681 2362 710 2385 R.
806 2361 829 2392 b)
849 2363 1000 2387 exhistimus
1019 2362 1050 2387 R.
1144 2363 1165 2395 e)
1185 2372 1199 2387 o
1219 2372 1285 2387 corr.
1299 2371 1329 2387 ew
1348 2371 1363 2387 a
1383 2362 1414 2386 B.
1511 2361 1535 2392 d)
1555 2371 1603 2387 om.
1623 2361 1655 2386 R.
1749 2360 1771 2394 e)
1791 2370 1857 2386 corr.
1873 2369 1902 2386 ex
1921 2370 1945 2388 35

253 2404 383 2428 honoficas
402 2404 437 2427 αἱ.
452 2412 518 2427 man.
534 2404 565 2428 B.
655 2403 673 2433 s)
692 2405 757 2429 sedis
775 2404 806 2428 B.
895 2405 919 2436 g)
939 2406 967 2429 ed
988 2406 1019 2430 R.

356 2453 413 2479 ⁶235.
442 2454 465 2485 a)
485 2456 538 2478 DUN
558 2454 589 2479 Ii‘.
661 2454 686 2487 b)
705 2455 833 2487 hucusque
852 2457 941 2481 limeris
959 2458 1104 2481 uncialibus
1123 2458 1207 2489 script„
1222 2458 1254 2482 R.
1326 2457 1349 2489 ⁰)
1368 2466 1381 2482 c
1401 2457 1461 2482 add.
1476 2465 1557 2489 supra
1576 2456 1670 2481 lineam
1686 2455 1718 2480 R.
1790 2454 1815 2486 d)
1835 2464 1902 2481 corr.

254 2506 283 2522 ex
302 2498 454 2522 denomitam
475 2498 509 2521 al.
524 2506 591 2522 man.
612 2498 643 2522 R.
733 2498 754 2529 e)
774 2500 840 2524 -lere
859 2500 886 2523 in
904 2510 956 2524 ras.
976 2500 1007 2525 L'.
1097 2499 1115 2532 f)
1135 2501 1240 2525 addesse
1258 2501 1290 2525 R.

358 2581 382 2611 1)
405 2580 479 2613 Quae
498 2589 554 2606 von
571 2584 684 2614 exstant,
703 2584 737 2615 cf.
757 2591 783 2608 oz.
798 2586 854 2615 233,
870 2591 898 2615 p.
913 2587 963 2609 207
980 2587 1073 2609 (mmot.
1087 2588 1109 2610 2.
1202 2583 1228 2616 2)
1249 2583 1285 2609 D.
1303 2587 1341 2610 26.
1354 2583 1474 2609 Octobris
1494 2586 1557 2616 879,
1577 2583 1612 2615 cf.
1631 2582 1803 2609 Mic'hlbacher
1823 2581 1902 2615 Reffl

255 2626 319 2649 1588
332 2623 421 2656 (1546)
428 2623 453 2649 (ἶ.
541 2624 568 2655 3)
590 2624 667 2657 Quod
685 2625 788 2651 demum
803 2626 950 2652 Ravennae
969 2635 1053 2652 mense
1066 2627 1202 2652 Ianuario
1220 2636 1244 2653 ιι.
1258 2630 1309 2653 880
1327 2626 1418 2658 evenit,
1437 2626 1471 2658 cf.
1485 2634 1511 2652 n.
1525 2629 1583 2652 224.
1671 2626 1699 2658 4)
1718 2625 1795 2651 Haec
1812 2633 1902 2658 super-
1920 2634 1946 2652 40

254 2666 363 2698 scriptio
381 2675 437 2692 ozon
455 2674 503 2692 suo
522 2667 574 2692 loco
591 2668 622 2692 in
640 2670 732 2693 nostro
751 2669 907 2702 apogsrapho
926 2670 1015 2702 posita
1033 2672 1081 2701 est,
1103 2678 1166 2695 nam
1189 2672 1323 2702 sequentes
1341 2669 1464 2702 epistolae
1482 2677 1564 2702 usque
1583 2668 1619 2694 ad
1636 2677 1663 2695 η,
1679 2671 1728 2695 259
1746 2675 1846 2700 omrws,
1873 2670 1903 2693 ut

253 2708 366 2741 ridetur,
384 2709 421 2735 ad
442 2709 526 2735 XIII.
546 2709 716 2735 indictionem
736 2710 825 2736 adhuc
840 2711 981 2743 pertinent,
1001 2712 1032 2743 ef.
1046 2711 1110 2738 NA.
1127 2712 1274 2744 XXXVI,
1294 2715 1342 2738 103
1360 2714 1450 2737 αηηοί.
1466 2714 1489 2737 2.
1577 2711 1603 2744 5)
1624 2711 1666 2737 De
1685 2718 1736 2744 quo
1754 2710 1787 2742 cf.
1807 2718 1834 2737 rt.
1848 2713 1902 2736 226.

255 2752 280 2777 6‘)
302 2752 343 2784 Cf.
362 2760 388 2777 η.
403 2755 460 2778 228.
550 2753 577 2785 7)
594 2752 636 2778 De
654 2761 708 2785 qun
728 2753 752 2778 cl.
768 2758 802 2779 15.
815 2753 932 2780 Octobris
950 2754 1057 2780 taudem
1077 2756 1181 2781 collecta
1199 2755 1233 2786 cf.
1252 2763 1299 2781 ηπ,
1313 2758 1369 2787 230,
1388 2757 1532 2781 233—235.
