2189 3042
349 190 389 220 40·
785 181 962 209 IOHANNIS
982 180 1056 207 VIII.
1075 180 1194 207 PAPAE
1217 179 1416 206 EPISTOLAE
1437 179 1556 206 47—49.

350 273 517 311 adiuvare,
548 282 608 312 que
638 271 740 311 prima
767 268 972 300 ecclesiarum
1002 267 1155 308 magistra
1185 270 1218 298 et
1245 269 1360 307 caputa
1383 267 1461 307 esth,
1489 266 1631 298 maxime
1662 277 1733 298 cum
1760 267 1792 297 in
1820 265 1881 297 hoc
1909 266 1993 298 facto

350 324 455 356 eidem
479 323 550 353 Deo
577 324 722 363 protecto
755 330 882 360 semper
909 322 1045 359 augusto
1077 321 1110 349 et
1139 319 1170 349 in
1198 318 1259 349 hoc
1286 317 1394 358 seculo
1420 317 1574 359 gloriamc
1601 321 1633 349 et
1660 318 1690 349 in
1714 317 1821 348 futuro
1845 317 1995 358 adquiras

350 376 416 406 sine
440 375 501 405 fine
527 382 686 404 coronam.
724 371 814 402 Deus
831 371 1032 410 omnipotens
1054 372 1086 400 te
1111 372 1153 409 et,
1178 369 1231 410 qui
1255 372 1360 400 tecum
1384 372 1465 409 sunt,
1489 371 1640 410 protegat
1663 371 1696 400 et
1719 371 1828 400 contra
1851 369 1995 400 inimicos

350 426 466 457 Christi
490 425 612 466 potenti
637 423 771 454 dextera
793 425 930 452 tueatur.

454 487 547 510 DATA
566 486 619 510 XV.
639 484 822 509 KALENDAS
845 485 935 513 MAII,
954 483 1153 508 INDICTIONE
1172 483 1203 507 X.
2026 485 2038 504 5

1148 621 1198 651 48.

462 679 619 709 Iohannes
642 677 739 709 VIII.
761 686 851 716 papa
878 674 1013 715 (Karolo
1040 674 1148 716 Calvo)
1177 676 1360 714 imperatori
1385 675 1516 707 nuntiat
1544 684 1575 707 se
1597 675 1794 707 Adezardum
1821 676 1998 716 episcopum

357 730 556 761 Veronensem
574 728 775 768 privileymm
798 728 890 759 libere
912 727 1045 767 eliqendi
1068 727 1209 758 abbatem
1232 727 1420 759 monasterio
1436 726 1665 759 Nonantulano
1688 737 1865 758 concessum
1888 729 1997 758 temere

354 781 514 813 violantem
538 780 857 812 eoecommztnicavisse.
1712 781 1776 810 877
1798 779 1911 820 (Apr.)

465 840 539 866 eod„-
567 840 594 866 R
613 842 634 873 f.
648 843 680 865 24
699 848 725 866 n.
740 840 793 865 43}

454 887 541 913 Eer:
569 886 661 913 Editio
676 887 800 913 Romana
818 888 906 919 (1591)
925 886 981 918 111,
1000 889 1050 912 329
1068 894 1095 911 n.
1107 889 1146 912 47.
1178 885 1275 911 Mansi
1295 885 1371 912 C'onc.
1384 886 1441 913 coll.
1459 886 1559 919 XVII,
1578 890 1611 914 43
1630 896 1657 914 n.
1669 891 1709 913 47.
1746 887 1840 920 Miqne
1860 886 1937 913 Patr.
1951 887 1996 913 zat.
2017 892 2043 911 ιθ

354 931 489 963 CXXVI,
512 934 557 956 727
575 939 600 956 n.
617 934 654 956 74.
673 944 705 948 —
724 930 796 961 Jaffe'
816 930 879 963 Περ.
893 932 960 956 3093
978 929 1075 962 (2324).
1114 929 1188 954 Kehr
1206 929 1290 954 Italia
1306 929 1446 962 pontificia
1470 929 1498 962 V,
1518 933 1572 957 337.

1010 1000 1057 1024 AD
1080 1000 1338 1025 IMPERATOREM.

461 1052 565 1083 Sacris
582 1056 685 1093 vestre
701 1051 873 1093 imperialis
890 1051 1059 1082 clementie
1080 1050 1220 1091 auribus,
1245 1051 1472 1091 gloriosissime
1489 1052 1665 1092 imperator
1681 1054 1826 1092 auguste,
1842 1051 1999 1082 Adelardi

354 1104 567 1135 Veronensisa
584 1104 745 1145 episcopi²
769 1103 1019 1143 inobedientiam
1045 1105 1077 1133 et
1101 1103 1305 1134 temerariam
1330 1103 1613 1144 presumptionem,
1637 1113 1733 1144 quam
1756 1114 1819 1133 non
1840 1103 1943 1134 solum
1966 1103 1999 1134 in

354 1159 461 1186 nostro
485 1158 682 1196 contemptu⁷
711 1155 767 1186 scd
791 1156 887 1186 etiam
911 1155 942 1185 in
966 1157 1069 1195 vestre
1094 1154 1290 1185 celsitudinis
1313 1155 1439 1195 peregit
1462 1155 1623 1194 iniuriam,
1651 1154 1854 1196 presentibus
1877 1155 1999 1186 referre
2019 1167 2043 1186 ιε)

355 1208 497 1248 apicibus
521 1208 588 1238 iure
612 1208 788 1238 curavimus
812 1210 844 1237 et
867 1208 991 1238 merito.
1030 1206 1113 1237 Nam
1137 1217 1275 1247 superna
1291 1217 1347 1238 vos
1370 1207 1521 1237 maiestas
1544 1209 1652 1247 sancte
1676 1216 1731 1246 sue
1757 1206 1891 1246 ecclesie
1908 1206 1999 1237 nobis

355 1259 521 1299 commisse
542 1262 710 1300 patronum
734 1259 895 1296 invictum,
920 1258 1122 1289 defensorem
1138 1261 1305 1299 potentem
1329 1261 1361 1289 et
1384 1261 1548 1288 strenuum
1571 1257 1752 1288 adiutorem
1775 1257 1940 1297 concessit,
1964 1260 2000 1288 ut

355 1311 387 1341 in
411 1311 556 1341 omnibus
580 1310 801 1342 ecelesiasticis
824 1309 1027 1350 utilitatibus„
1056 1309 1140 1340 unde
1164 1312 1355 1350 perpetuam
1378 1309 1499 1340 habere
1522 1309 1659 1353 gloriam
1681 1309 1884 1349 mereamini,
1909 1309 1999 1350 quasi

355 1362 513 1393 vindicem
529 1362 591 1393 Dei
614 1362 788 1393 habeamus
811 1362 997 1392 ministrum.
1036 1362 1139 1403 Igitur
1155 1371 1226 1392 cum
1243 1361 1380 1393 eundem
1396 1360 1596 1392 Adelardum
1613 1361 1798 1402 episcopum
1814 1360 1999 1392 venerabile

356 1414 603 1445 monasteriumb
626 1414 806 1454 Nonantule
834 1414 942 1453 situm,
971 1413 1057 1454 quod
1087 1424 1144 1454 pro
1168 1412 1231 1444 Dei
1254 1413 1398 1454 tantique
1422 1413 1485 1444 loci
1508 1413 1689 1443 reverentia
1714 1412 1819 1443 nullus
1847 1422 2000 1453 umquam
2019 1424 2045 1444 20

357 1467 580 1507 episcoporum
596 1466 647 1496 vel
670 1465 807 1496 iudicum
831 1466 862 1496 in
884 1465 1075 1496 beneficium
1092 1465 1257 1506 quesivit⁰‚
1281 1465 1428 1495 timorem
1445 1464 1586 1495 divinum
1602 1464 1865 1505 parvipendendo
1890 1466 2001 1495 contra

356 1528 462 1549 sacras
478 1528 698 1559 precessorum
715 1520 893 1548 nostrorum
912 1516 1096 1557 nostriqued
1112 1517 1271 1558 privilegii
1293 1517 1516 1557 institutiones,
1534 1515 1649 1557 quibus
1666 1515 1705 1546 de
1722 1516 1852 1556 propria
1872 1525 2001 1556 semper

357 1570 605 1611 congregatione
634 1569 784 1600 abbatem
813 1569 881 1600 fieri
911 1568 1069 1607 iubeturss,
1100 1568 1215 1599 callide
1243 1569 1362 1609 petisse
1393 1578 1430 1598 ac
1458 1578 1516 1609 per
1543 1567 1603 1598 hoc
1630 1567 1741 1598 illicita
1769 1567 2001 1608 presumpsisse

357 1621 547 1652 omnimodis
570 1622 833 1662 repperissernus:
863 1621 1052 1651 auctoritate
1082 1620 1259 1661 apostolica
1283 1630 1356 1651 eum
1381 1619 1659 1651 excommunicare
1682 1619 1862 1650 studuimus
1885 1622 2001 1659 atquae

357 1672 586 1714 ipsis⁶³tene1·ie
603 1673 760 1703 canonicis
784 1682 856 1703 eum
881 1672 1144 1713 correptionibus,
1168 1674 1264 1713 prout
1286 1671 1378 1702 nobis
1401 1671 1575 1702 auctoritas
1598 1671 1775 1712 apostolica
1798 1670 1999 1711 suffragatur,
2019 1680 2045 1700 25

357 1724 467 1766 procul
491 1724 587 1755 dubio
612 1734 780 1765 arguemus
790 1724 812 1762 4,
831 1727 866 1755 ut
889 1724 984 1765 digno
1008 1724 1144 1755 verbere
1168 1724 1342 1765 castigatus
1366 1726 1399 1754 et
1421 1723 1575 1754 canonico
1598 1732 1684 1753 nexu
1707 1722 1824 1763 ligatus
1848 1721 2002 1762 obedien-

357 1776 435 1807 tiam
452 1775 553 1806 discat
576 1785 713 1813 servare,
737 1776 790 1817 qui
814 1775 977 1807 absolutus
1001 1776 1226 1807 ecclesiasticis
1249 1778 1346 1816 atque
1370 1775 1531 1806 canonicis
1553 1774 1656 1805 noluit
1678 1773 1810 1815 obedire
1831 1774 2001 1814 preceptis.

461 1837 556 1860 DATA
577 1837 620 1860 UT
638 1837 754 1860 SUPRA.

1153 1945 1203 1975 49.

468 1999 626 2030 Iohannes
645 1999 740 2030 VIII.
758 2010 849 2038 propa
872 1999 1010 2031 Iohanni
1031 1999 1222 2037 Ravennati,
1246 1999 1404 2038 Anspcrto
1427 1997 1668 2036 Mediolanensi,
1697 1997 1856 2036 Walperto
1871 1996 2002 2037 Aquile-

357 2051 458 2089 yicnsi
482 2050 722 2090 archiepiscopis
743 2051 871 2082 nuntiat
893 2061 924 2082 se
945 2051 1142 2082 Adelarclwn
1164 2051 1341 2090 episcopum
1360 2049 1564 2081 Veronensem
1586 2050 1621 2081 ob
1643 2049 1871 2089 subreptionem
1893 2058 2001 2080 mona-
2021 2061 2047 2080 30

360 2102 448 2133 sterit*
471 2102 676 2134 Nonantnlae
697 2103 1014 2134 eoecommzcnicavisse.
1636 2100 1715 2141 (877
1737 2100 1817 2140 Apr.
1834 2101 1917 2140 ecc.)⁵

474 2162 550 2188 Cod..'
579 2162 606 2188 R
624 2165 645 2196 f.
661 2165 692 2188 24
709 2171 735 2187 n.
749 2166 790 2188 49.

465 2210 552 2236 Edd.:
579 2208 672 2235 Editio
685 2208 811 2234 Romana
829 2210 912 2242 (1591)
931 2209 988 2241 ΙΙΙ,
1008 2212 1057 2235 329
1075 2218 1102 2235 n.
1114 2213 1155 2236 48.
1187 2209 1282 2235 Mansi
1301 2209 1380 2235 Cone.
1393 2208 1449 2235 coll.
1464 2207 1564 2240 XVII,
1582 2211 1617 2234 43
1635 2215 1662 2233 n.
1673 2209 1716 2234 48.
1752 2207 1847 2240 Miyne
1867 2206 1942 2232 Patr.
1957 2207 2002 2233 lat.

363 2252 448 2279 CXX
454 2253 500 2286 VI,
523 2256 571 2278 728
588 2261 614 2278 n.
630 2256 668 2277 75.
688 2267 719 2270 —
738 2252 814 2283 Jaffe
834 2252 897 2285 Regl.
912 2255 978 2278 3094
997 2252 1092 2285 (2323).
1128 2252 1202 2278 Kehr
1220 2252 1307 2278 Italia
1321 2252 1464 2285 jmntificia
1481 2251 1510 2284 V,
1529 2254 1586 2277 337.

466 2348 488 2380 a)
507 2355 516 2373 t
539 2349 566 2372 in
583 2356 636 2373 ras.
656 2347 687 2372 R.
776 2346 799 2377 b)
818 2356 845 2372 es
864 2348 894 2371 R.
983 2348 1005 2379 c)
1024 2349 1106 2380 gloria
1123 2348 1155 2373 R.
2022 2352 2047 2370 35

466 2399 509 2425 48.
536 2400 559 2431 ³⁴)
578 2400 725 2425 herenensis
744 2399 776 2424 R,
872 2398 897 2431 b)
918 2408 956 2423 -m
977 2400 1004 2424 in
1022 2408 1075 2425 ras.
1093 2400 1125 2424 R.
1221 2401 1243 2431 c)
1262 2409 1279 2424 v
1302 2408 1368 2424 corr.
1388 2408 1418 2425 ex
1442 2400 1458 2424 b
1478 2399 1509 2424 R.
1605 2396 1630 2429 d)
1650 2406 1717 2423 corr.
1736 2406 1766 2422 ex
1788 2401 1954 2429 nosti-umque
1972 2397 2004 2422 R.

363 2444 385 2475 e)
405 2448 434 2468 ut
452 2451 533 2475 eaque
551 2443 604 2475 ipse
622 2447 708 2468 tenere
727 2442 758 2467 R.

468 2503 492 2534 1)
511 2500 674 2535 Apoyrapha
687 2509 706 2527 s.
716 2500 810 2526 XVII
818 2500 897 2525 huius
909 2503 932 2526 ct
944 2501 1078 2533 sequentis
1091 2501 1214 2534 epistolae
1226 2501 1256 2526 in
1268 2501 1384 2527 archivio
1394 2500 1593 2527 Nonantulano
1605 2502 1707 2526 servata
1720 2498 1812 2524 laudat
1822 2498 2006 2532 Klinkenbmy

364 2546 394 2571 in
405 2545 594 2571 ‘Naclwiclztmz
612 2544 637 2570 d.
651 2543 687 2570 K.
699 2543 866 2574 Gcsellschaft
884 2542 1142 2572 dJVissenschafeen
1159 2552 1193 2569 en
1209 2543 1359 2577 Gottinyen,
1375 2543 1516 2577 plin-hist.
1533 2542 1591 2568 Kl.²
1602 2545 1668 2568 1897
1680 2544 1772 2574 p.236.
1847 2542 1873 2574 2)
1893 2541 1937 2567 De
1955 2548 2006 2574 qno

364 2589 398 2620 cf.
408 2595 492 2621 supra
503 2596 530 2613 n.
540 2592 577 2619 10,
586 2596 615 2620 p.
626 2590 641 2613 9
650 2588 773 2612 annot.4.
843 2586 869 2617 3)
882 2586 956 2611 Haec
968 2586 999 2611 in
1008 2586 1145 2619 privileyio
1155 2586 1280 2612 Lotharii
1288 2587 1310 2612 Ι.
1321 2586 1382 2619 imp.
1393 2595 1417 2612 a.
1426 2589 1477 2613 837
1486 2586 1538 2618 feb.
1545 2588 1568 2617 3,
1582 2585 1646 2618 Req.
1657 2584 1828 2611 Mvihlbacher
1838 2587 1901 2610 1056
1909 2584 2003 2617 (1021),
2023 2591 2049 2610 40

365 2634 388 2657 et
406 2631 499 2657 iterum
516 2631 546 2655 in
560 2629 701 2663 privileyio
719 2628 918 2655 Karolomanni
936 2629 1004 2662 regis
1022 2638 1047 2658 α,
1058 2632 1108 2655 877
1124 2638 1183 2655 nov.
1196 2633 1238 2661 21,
1258 2629 1324 2663 Rey.
1341 2629 1404 2656 ibid.
1424 2633 1487 2656 1527
1504 2629 1592 2662 (1485)
1610 2627 1797 2655 conceduntur.
1834 2627 2006 2660 Piivileyium

366 2673 495 2700 Iohannis
513 2672 595 2699 VIII.
613 2680 668 2698 non
690 2674 786 2704 exstat,
811 2671 857 2697 sed
875 2671 1015 2697 Hadriani
1032 2671 1056 2697 I.
1076 2671 1209 2704 quoddam
1230 2671 1324 2697 similis
1342 2671 1492 2705 argumenti
1510 2671 1599 2705 (Jaffe
1616 2671 1681 2705 Rey.
1694 2670 1800 2704 †2421),
1817 2669 1888 2703 quod
1905 2669 2006 2701 falsum

365 2717 492 2743 indicavit
506 2725 528 2743 v.
538 2715 786 2749 PfluybHarttnny
801 2714 833 2739 in
845 2713 909 2740 NA.
923 2714 978 2746 IX,
992 2717 1049 2746 489,
1065 2714 1165 2746 partim
1181 2717 1289 2740 tantum
1305 2714 1485 2740 adulteratum
1502 2714 1696 2747 Klinkenhmy,
1715 2714 1731 2740 Z.
1742 2714 1758 2740 Ζ.
1772 2721 1801 2746 p.
1812 2715 1861 2738 237
1867 2720 1902 2745 sq.
1915 2726 1950 2731 ——
1962 2711 2006 2737 De

365 2768 394 2787 re
411 2760 445 2792 cf.
462 2758 613 2785 Tiraboschi
630 2757 727 2784 ‘Stoi-ia
745 2757 774 2782 ‹lz'
792 2756 965 2783 Nonantola’
982 2756 1002 2782 I
1002 2777 1007 2788 ,
1028 2760 1069 2783 83.
1155 2757 1182 2789 4)
1201 2756 1242 2789 Cf.
1260 2765 1308 2784 nn.
1322 2761 1363 2783 49.
1383 2761 1421 2784 50.
1510 2757 1536 2789 5)
1555 2756 1706 2790 Epistolam
1723 2756 1793 2782 ham
1810 2755 1881 2781 notis
1898 2754 2006 2780 chrono-

365 2803 456 2836 loqicis
474 2805 605 2829 carentem
618 2801 654 2827 ad
666 2800 774 2827 eundem
792 2800 849 2832 fere
866 2807 897 2826 ac
914 2801 1062 2832 sequentem
1080 2808 1106 2825 n.
1117 2804 1149 2826 50
1160 2799 1229 2827 diem
1246 2799 1412 2832 referemlam
1424 2807 1483 2831 esse,
1501 2807 1532 2826 ωε
1544 2799 1641 2826 tenoris
1659 2798 1837 2825 consonantia
1853 2800 1951 2824 certum
1966 2796 2005 2829 nt.
2023 2803 2050 2822 4⁵
