2189 3042
141 741 165 760 10

141 999 164 1017 15

140 1256 164 1276 2⁰

141 1514 165 1534 25

140 1772 165 1792 80

141 2029 165 2049 35

144 2287 170 2306 40

143 2610 168 2629 4⁵

675 179 848 206 LUDOVICI
868 179 901 206 ΙΙ.
922 179 1168 206 IMPERATORIS
1188 179 1371 206 EPISTOLA.
1783 180 1843 211 387

193 278 264 299 rum
294 266 509 298 Moabitarum
540 269 572 298 et
602 269 782 297 ceterarum
812 267 985 304 nationum,
1015 276 1093 308 quas
1125 266 1326 298 dinumerare
1357 266 1489 307 longum
1519 268 1576 306 est,
1608 266 1751 296 extitisse
1767 276 1840 306 pro-

193 318 319 350 bantur.
365 318 450 360 Ergo
476 329 546 349 cum
563 318 607 349 ita
631 318 680 356 sit,
696 318 812 349 frustra
830 318 1025 349 causandum
1043 318 1129 349 ducit
1153 317 1321 359 prudentia
1338 320 1392 348 tua
1415 317 1495 349 alios
1511 320 1641 358 praeter
1664 328 1697 348 se
1715 316 1844 348 basilis³²

194 369 434 411 appellandosb‚
463 370 522 400 nisi
553 369 633 401 forte
663 369 840 401 radendum
871 369 967 401 ducat
996 370 1093 400 totius
1122 369 1249 400 codices
1285 369 1403 407 mundi,
1433 369 1464 399 in
1495 369 1608 410 quibus
1636 378 1718 409 pene
1749 379 1844 399 cunc—

192 426 297 453 tarum
322 421 465 463 gentium
489 422 583 462 primi
605 432 623 452 a
646 421 845 462 temporibus
869 421 979 462 priscis
1003 424 1035 452 et
1060 421 1211 462 deinceps
1226 421 1339 452 basilei
1363 421 1564 451 inveniuntur
1586 420 1726 461 ascripti.

300 473 341 504 Et
364 476 461 512 certe,
478 476 513 504 ut
537 472 577 504 de
601 473 723 504 Latinis
747 472 908 504 codicibus
931 473 1057 503 interim
1086 475 1260 512 taceamus,
1279 473 1302 502 si
1323 471 1464 503 Graecos
1481 473 1578 503 etiam
1600 472 1725 503 noviter
1741 471 1845 503 editos

192 526 338 556 revolvas
368 525 504 564 codicem,
540 525 681 556 invenies
704 525 814 565 procul
845 524 941 555 dubio
972 524 1124 566 plurimos
1154 524 1209 555 tali
1239 524 1368 555 nomine
1398 525 1554 555 vocitatos
1589 526 1621 554 et
1650 534 1712 554 uon
1742 523 1846 554 solum

193 576 402 616 Graecorum,
425 580 474 608 set
497 580 529 608 et
550 577 720 608 Persarum
744 576 995 617 Hepierotarum
1028 576 1179 607 Indorum
1213 576 1478 607 Bithiniensiumc
1509 575 1701 607 Parthorum
1730 575 1845 606 Arme-

192 629 316 659 niorum
350 628 597 660 Sarracenorum
632 628 827 669 Aethiopum
860 627 1101 659 Guandalorum
1135 631 1167 658 et
1201 626 1380 658 Gothorum
1409 630 1505 668 atque
1536 627 1671 658 aliarum
1702 627 1846 668 gentium

192 680 354 721 praelatos
369 680 525 721 βασίλεων
549 680 765 721 appellatione
781 682 961 710 veneratos.
999 679 1129 710 Intuere
1145 680 1251 719 igitur,
1274 679 1381 717 frater,
1400 682 1432 709 et
1455 679 1632 718 considera,
1649 678 1735 720 quod
1755 678 1848 709 multi

192 731 340 770 fuerint‘ly
365 732 418 773 qui
445 731 557 762 basilei
581 731 713 762 diversis
737 731 934 772 temporibus
959 734 990 762 et
1013 732 1045 761 in
1068 731 1201 762 diversis
1224 730 1303 761 locis
1327 733 1359 761 et
1382 730 1563 761 nationibus
1584 731 1758 771 nuncupati
1774 732 1847 761 sunt

192 783 243 814 vel
267 784 422 814 hactenus
449 786 681 825 nuncupentur;
708 786 739 814 et
762 782 827 814 noli
850 783 901 814 vel
924 782 1016 813 nobis
1040 782 1126 823 quod
1149 782 1284 813 dicimur
1306 781 1459 822 invidere,
1484 782 1535 813 vel
1559 782 1616 812 tibi
1640 782 1845 823 singulariter

192 845 359 876 usurpare,
384 834 469 876 quod
498 845 561 866 non
591 835 693 866 solum
723 834 897 874 nobiscum,
927 837 976 865 set
1006 837 1038 865 et
1065 844 1137 864 cum
1160 833 1304 874 pluribus
1328 834 1519 874 praepositis
1543 833 1677 864 aliarum
1701 835 1847 875 gentium

193 887 347 928 possides.
378 886 483 918 Grave
500 896 637 928 namque
654 887 764 917 vitium
788 888 837 918 est
852 885 1020 927 singularis
1038 885 1200 926 dignitatis
1221 885 1397 926 fastigium
1423 884 1509 926 quod
1525 885 1612 926 quise
1636 886 1667 916 in
1691 885 1846 926 principio

192 938 352 978 ambierit,
377 938 427 969 vel
457 938 533 979 quid
557 938 587 969 ei
610 937 782 969 ambiendo
807 937 883 968 talia
911 937 1106 978 contingerit,
1135 947 1389 968 commemorare
1412 937 1569 974 nolumus,
1595 945 1635 968 ne
1663 937 1847 968 fraternitas

195 992 481 1021 commemoratum
497 989 539 1020 ad
562 989 709 1020 iniuriam
733 999 823 1020 suam
848 989 1019 1020 existimet.

300 1041 388 1072 Dicis
402 1045 520 1080 autem,
545 1041 630 1082 quod
653 1044 789 1082 quatuor
810 1039 1040 1081 patriarchales
1063 1039 1157 1071 sedes
1183 1050 1281 1071 unum
1304 1040 1474 1081 imperium
1494 1041 1577 1071 inter
1599 1050 1689 1071 sacra
1705 1039 1848 1070 misteria

192 1093 366 1124 memorari
379 1103 398 1123 a
409 1092 539 1124 deiferis
551 1093 705 1134 apostolis
717 1103 818 1133 usque
831 1102 913 1123 nunc
926 1091 1078 1123 traditum
1090 1091 1231 1123 habeant
1236 1103 1244 1130 3
1261 1101 1383 1133 nosque
1397 1091 1534 1123 hortaris
1546 1094 1581 1122 ut
1594 1091 1848 1132 persuadeamus

192 1144 247 1181 eis,
271 1143 351 1185 quof
371 1154 429 1175 nos
451 1144 683 1185 imperatores&
703 1144 877 1185 appellent.
910 1143 1004 1179 Quod
1026 1147 1135 1174 tamen
1158 1154 1217 1174 nec
1240 1143 1321 1174 ratio
1347 1143 1447 1175 dictat
1469 1154 1528 1175 nec
1552 1153 1632 1184 opus
1656 1146 1720 1180 est;
1742 1144 1846 1184 primo

192 1196 332 1237 quidem,
362 1196 437 1237 quia
464 1195 554 1226 nobis
584 1206 648 1226 non
678 1196 823 1236 congruit
853 1196 932 1226 alios
956 1195 1094 1237 qualiter
1117 1206 1173 1226 nos
1197 1198 1312 1226 vocent
1334 1196 1501 1235 instruere,
1526 1194 1643 1226 deinde
1666 1205 1742 1226 vero
1773 1195 1847 1236 quia

192 1247 283 1278 nobis
307 1247 404 1278 etiam
428 1247 558 1278 minime
576 1247 782 1278 suadentibus
802 1250 868 1278 tam
892 1247 1090 1288 patriarchas
1113 1247 1254 1288 singulos
1278 1257 1373 1288 quam
1388 1250 1515 1279 ceteros
1538 1246 1694 1286 homines,
1719 1246 1773 1288 qui
1789 1246 1847 1278 sub

192 1300 282 1331 caelo
308 1301 389 1339 sunt,
414 1302 552 1340 excepta
576 1299 774 1331 fraternitate
798 1302 863 1340 tua,
891 1302 957 1330 tam
981 1298 1153 1330 honoratos
1177 1309 1337 1340 quamque
1360 1299 1512 1340 privatos,
1536 1298 1593 1329 tali
1623 1309 1680 1329 nos
1702 1298 1848 1329 novimus

191 1350 378 1393 appellareh
406 1352 606 1392 cognomine,
631 1351 777 1392 quotiens
806 1361 916 1382 eorum
941 1351 1113 1391 accipimus
1138 1351 1290 1392 epistolas
1315 1353 1347 1381 et
1369 1350 1501 1381 litteras.
1547 1349 1730 1381 Invenimus
1754 1360 1848 1391 prae-

193 1404 314 1440 sertim,
338 1413 409 1433 cum
434 1405 466 1433 et
487 1402 548 1443 ipsi
571 1402 677 1443 patrui
699 1402 808 1438 nostri,
825 1401 956 1443 gloriosi
979 1411 1083 1443 reges,
1101 1401 1223 1443 absque
1247 1401 1367 1432 invidia
1382 1402 1612 1442 imperatorem
1628 1412 1685 1432 nos
1706 1401 1849 1433 vocitent

194 1458 226 1486 et
251 1455 478 1496 imperatorem
503 1464 573 1485 esse
597 1454 708 1494 procul
732 1453 828 1485 dubio
852 1453 1002 1493 fatentur,
1025 1464 1089 1485 non
1119 1453 1263 1494 profecto
1288 1453 1329 1484 ad
1353 1455 1505 1493 aetatem,
1523 1463 1586 1494 qua
1601 1453 1694 1484 nobis
1710 1453 1848 1484 maiores

194 1510 276 1546 sunt,
293 1506 505 1546 attendentes,
522 1508 571 1536 set
586 1504 628 1536 ad
644 1505 827 1536 unctionem
843 1508 876 1536 et
895 1506 1116 1545 sacrationem,
1133 1515 1197 1546 qua
1213 1515 1272 1546 per
1287 1505 1404 1536 summi
1419 1504 1578 1546 pontificis
1590 1515 1702 1535 manus
1719 1505 1849 1545 imposi-

193 1559 280 1589 tione
295 1561 328 1589 et
341 1557 484 1588 oratione
496 1556 646 1587 divinitus
659 1556 700 1587 ad
712 1556 773 1587 hoc
787 1567 894 1587 sumus
907 1556 1032 1587 culmen
1044 1556 1199 1597 provecti,
1214 1559 1246 1587 et
1258 1555 1299 1587 ad
1308 1556 1445 1587 Romani
1459 1555 1655 1597 principatus
1667 1557 1847 1597 imperium,

193 1608 289 1651 quodi
305 1619 442 1650 superno
465 1610 544 1639 nutu
560 1608 709 1649 potimur,
727 1608 929 1649 aspicientes.
953 1608 1055 1638 Porro
1068 1608 1094 1638 si
1107 1618 1205 1638 unum
1220 1607 1391 1648 imperium
1404 1607 1606 1648 patriarchae
1623 1607 1706 1638 inter
1718 1607 1848 1638 sanetak

193 1660 347 1692 sacrificia
363 1662 552 1699 memorant,
570 1659 722 1691 laudandi
736 1662 809 1690 sunt
823 1670 887 1690 non
902 1659 1012 1701 utique
1029 1660 1292 1690 inconvenienter
1307 1662 1455 1700 agentes;
1472 1669 1569 1689 unum
1584 1661 1632 1690 est
1649 1659 1733 1690 enim
1745 1659 1847 1700 impe-

192 1713 274 1744 rium
291 1712 397 1743 Patris
421 1714 454 1742 et
468 1711 542 1742 Filii
567 1714 599 1743 et
622 1711 758 1753 Spiritus
781 1711 892 1752 sancti,
917 1712 1005 1743 cuius
1029 1721 1102 1752 pars
1126 1714 1175 1742 est
1204 1711 1340 1742 ecclesia
1363 1711 1534 1741 constituta
1557 1711 1589 1741 in
1617 1712 1719 1752 terris,
1744 1710 1850 1752 quaml

193 1767 301 1795 tamen
321 1763 411 1794 Deus
434 1773 493 1794 nec
516 1773 574 1804 per
596 1765 628 1794 te
652 1763 755 1794 solum
778 1773 838 1794 nec
869 1773 927 1804 per
957 1773 1008 1794 me
1038 1765 1162 1793 tantum
1186 1763 1357 1804 gubernari
1387 1762 1553 1803 disposuit,
1577 1763 1636 1793 nisi
1661 1763 1736 1803 quia
1759 1765 1848 1793 tanta

193 1820 328 1847 sumusm
359 1815 401 1846 ad
423 1815 560 1846 invicem
589 1815 723 1846 caritate
751 1815 896 1851 connexi,
921 1818 955 1846 ut
978 1826 1040 1846 non
1064 1815 1128 1846 iam
1158 1814 1259 1853 divisi,
1284 1817 1333 1845 set
1361 1825 1459 1845 unum
1491 1814 1631 1845 existere
1667 1814 1844 1846 videamur.

193 1867 267 1899 Non
290 1870 400 1898 autem
423 1866 584 1898 credimus
607 1867 822 1898 sanctissimos
845 1867 1043 1908 patriarchas
1067 1867 1111 1897 sic
1135 1867 1181 1897 tui
1208 1866 1397 1898 memoriam
1422 1866 1595 1904 facere‚'ut
1617 1865 1753 1897 aliorum
1770 1877 1850 1907 quo-

194 1929 256 1960 que
278 1919 487 1960 principum¹²‚
505 1922 540 1950 ut
564 1919 748 1950 omittamus
763 1921 915 1958 nostram,
932 1919 1129 1950 mentionem
1153 1920 1369 1958 praetereant,
1386 1927 1458 1948 cum
1476 1927 1533 1957 pro
1550 1916 1733 1948 huiusmodi
1750 1918 1849 1949 etiam

194 1970 359 2011 apostolus
381 1980 473 2001 orare
489 1970 624 2009 iusserit,
641 1979 714 2000 cum
737 1973 1007 2011 persequerentur
1030 1969 1231 2008 ecelesiam1‚
1252 1973 1288 2000 ut
1310 1979 1456 2000 securam
1473 1971 1506 2000 et
1521 1969 1727 2009 tranquillam
1750 1970 1848 2001 vitam

194 2025 349 2063 agerent⁰
373 2031 445 2052 cum
470 2021 556 2052 omni
579 2021 715 2062 pietate,
734 2021 923 2062 praesertim
947 2031 1017 2052 cum
1043 2022 1109 2052 eis1>
1133 2021 1229 2052 etiam
1254 2032 1311 2062 pro
1335 2020 1441 2062 impiis
1466 2030 1557 2051 orare
1574 2030 1637 2050 non
1654 2020 1847 2062 diffidamus,

194 2073 253 2104 sub
278 2083 412 2114 quorum
436 2072 556 2104 ditione
581 2073 769 2113 consistunt,
793 2073 874 2104 sicut
890 2072 942 2104 ille
967 2083 1095 2114 quoque
1119 2073 1258 2115 populus
1279 2073 1311 2104 in
1332 2072 1536 2104 Babiloniam
1561 2071 1674 2104 ductus
1696 2084 1752 2115 pro
1769 2083 1847 2115 rege

193 2125 384 2157 Babiloniae
414 2134 472 2165 per
500 2123 694 2156 Iheremiam
723 2124 851 2156 iubetur
880 2134 986 2162 orare;
1016 2135 1089 2156 nam
1120 2125 1152 2156 in
1178 2125 1306 2156 illorum
1336 2134 1416 2166 pace
1446 2124 1550 2156 fidelis
1589 2127 1686 2158 etiam
1714 2126 1852 2167 populus

195 2176 358 2208 constituit
380 2186 504 2217 pacem.

304 2227 389 2258 Illud
412 2230 520 2259 autem
543 2227 653 2259 mirari
675 2228 790 2260 merito
820 2232 997 2270 possumus,
1021 2228 1108 2270 quod
1131 2228 1311 2260 sublimitas
1334 2231 1389 2260 tua
1413 2228 1454 2260 ad
1477 2240 1594 2261 novam
1617 2231 1669 2262 vel
1693 2231 1850 2262 recentio-

199 2290 268 2311 rem
285 2279 537 2320 appellationem
568 2280 709 2320 aspirare
738 2290 796 2311 nos
820 2283 974 2320 autumat,
991 2290 1064 2311 eum
1081 2283 1234 2322 quantum
1258 2280 1299 2311 ad
1321 2280 1440 2312 lineam
1464 2282 1592 2323 generis
1614 2282 1763 2323 pertinet,
1786 2292 1850 2312 non

195 2331 236 2362 sit
253 2341 370 2362 novum
384 2330 434 2362 vel
450 2340 571 2371 recens,
590 2331 675 2373 quod
690 2332 754 2362 iam
770 2331 811 2363 ab
829 2342 888 2363 avo
904 2335 1013 2363 nostro
1030 2342 1092 2363 non
1104 2335 1292 2373 usurpatum
1306 2335 1385 2372 ests,
1401 2334 1437 2363 ut
1452 2332 1612 2374 perhibes,
1630 2336 1679 2364 set
1694 2333 1756 2364 Dei
1772 2336 1850 2364 nutu

306 2480 330 2509 ὃ)
349 2486 400 2502 nou
419 2477 480 2502 add.
494 2477 578 2510 Pertz,
596 2478 681 2503 dubito
694 2486 730 2503 an
742 2482 815 2504 recte.
910 2477 934 2510 b)
953 2479 1122 2512 appellandus
1141 2488 1162 2504 c.
1259 2479 1282 2510 0)
1302 2480 1470 2505 bithisnsium
1489 2488 1508 2505 c.
1606 2477 1631 2510 d)
1650 2480 1756 2504 fuerunt
1773 2488 1806 2504 m.
1825 2481 1849 2505 2.

197 2522 219 2552 θ)
241 2521 314 2546 lectio
333 2521 424 2549 dubia:
450 2521 518 2553 quod
537 2521 582 2553 qui
599 2529 632 2546 m.
645 2523 675 2551 2,·
701 2522 745 2554 qui
763 2522 821 2553 quis
840 2521 923 2547 Perta.
1010 2521 1029 2553 s)
1048 2523 1116 2554 quod
1136 2531 1168 2548 m.
1183 2524 1214 2553 23
1245 2522 1312 2556 forte
1331 2522 1486 2555 quominus?
1573 2522 1598 2553 Β)
1617 2523 1794 2555 imperatorem
1819 2530 1849 2547 ex

198 2565 364 2596 imperatores
382 2572 450 2590 corr.
461 2573 493 2588 m.
507 2566 530 2589 2.
600 2562 626 2596 h)
645 2565 769 2597 appellari
781 2564 865 2591 Pertz.
934 2564 953 2597 i)
971 2574 1022 2598 quo
1041 2574 1073 2592 m.
1088 2568 1111 2591 2.
1190 2565 1216 2598 k)
1235 2570 1394 2591 sacramenta
1412 2564 1461 2590 del.
1474 2574 1495 2590 c.
1565 2564 1584 2596 1)
1603 2573 1680 2597 quam
1698 2566 1727 2590 in
1744 2573 1849 2596 rasura,

199 2611 226 2632 ut
244 2607 303 2638 vid„
317 2607 379 2632 add.
394 2615 426 2632 m.
440 2609 463 2632 2.
547 2607 579 2638 ¹¹¹)
597 2616 686 2632 sumus
704 2611 776 2633 tauta
795 2608 878 2633 Pertz.
956 2607 981 2641 ¹¹)
1002 2608 1045 2634 Sic
1064 2617 1089 2640 c,·
1106 2617 1166 2640 που,
1191 2613 1220 2634 ut
1243 2609 1300 2641 legit
1318 2609 1401 2639 Perta,
1420 2609 1585 2641 principium3
1605 2617 1628 2632 m
1646 2612 1735 2639 postea
1752 2612 1780 2632 ut
1797 2608 1848 2633 vid.

197 2658 264 2674 erae.
341 2649 364 2681 0)
383 2654 470 2683 ageret
484 2658 504 2675 c.
591 2651 614 2681 Ρ)
633 2659 675 2676 eos
693 2659 760 2676 corr.
776 2651 858 2677 Perta.
946 2650 970 2684 ⁸1)
991 2660 1086 2684 usurpa
1105 2653 1118 2677 ἐ
1137 2651 1182 2683 (=
1195 2656 1234 2677 est
1251 2657 1278 2676 ut
1296 2652 1397 2683 saepius
1415 2652 1442 2676 in
1460 2650 1557 2683 codice)
1576 2658 1603 2680 c,·
1627 2651 1793 2682 usurpatione
1810 2650 1850 2676 vel

200 2697 351 2725 usurpatore
370 2702 402 2717 m.
415 2695 442 2721 2,·
461 2693 510 2718 iam
529 2694 695 2726 usurpatione
714 2693 796 2719 Pertz.

305 2786 328 2818 1)
351 2785 391 2817 Cf.
405 2785 484 2819 infra
498 2794 527 2819 p.
541 2789 591 2813 389
603 2796 665 2812 ami.
679 2789 703 2818 3,
722 2789 746 2813 et
763 2785 811 2813 ‘N.
825 2785 931 2813 Archiv’
946 2786 1074 2819 XXXV,
1088 2791 1141 2814 672.

1593 2842 1643 2869 49⁴³

1860 1829 1889 1849 cr.
1900 1829 1963 1850 Rom.
1974 1832 2050 1855 1210.

1866 1977 1944 1998 istim.
1956 1979 2003 2003 λθ.

1865 2141 1893 2163 ef.
1902 2141 1946 2162 Jor.
1956 2140 1991 2166 29,
1999 2143 2020 2162 ’1.
